{"gold_per_floor":[112,112,112,112,112,138,148,148,148,168,184,199,199,213,213,291,291,302,28,127,145,18,52,52,13,40,67,67,81,411,423,423,499,499,517,315,315,333,13,13,25,60,60,60,85,85,85,120,132,144,156,168,0,29,29],"floor_reached":56,"playtime":2848,"items_purged":["Strike_G","Strike_G"],"score":2070,"play_id":"0606c152-3208-4841-a711-3492fd3c475c","local_time":"20190323000154","is_ascension_mode":true,"campfire_choices":[{"data":"Quick Slash","floor":8.0,"key":"SMITH"},{"data":"Leg Sweep","floor":13.0,"key":"SMITH"},{"data":"Survivor","floor":15.0,"key":"SMITH"},{"floor":24.0,"key":"REST"},{"data":"Footwork","floor":28.0,"key":"SMITH"},{"floor":32.0,"key":"REST"},{"data":"Noxious Fumes","floor":40.0,"key":"SMITH"},{"floor":46,"key":"REST"},{"floor":49,"key":"RECALL"},{"data":"Defend_G","floor":52,"key":"SMITH"}],"neow_cost":"NONE","seed_source_timestamp":769667406874500,"circlet_count":0,"master_deck":["AscendersBane","Defend_G+1","Defend_G","Defend_G","Defend_G","Defend_G","Strike_G","Survivor+1","Neutralize+1","Leg Sweep+1","Quick Slash+1","Deadly Poison+1","Cloak And Dagger+1","Night Terror+1","Blur+1","Footwork+1","Escape Plan+1","Dagger Spray+1","Terror+1","Crippling Poison+1","Cloak And Dagger+1","Dodge and Roll+1","Bouncing Flask+1","Acrobatics+1","Noxious Fumes+1","Blur+1","Bullet Time+1","PiercingWail+1","Choke"],"special_seed":0,"relics":["Ring of the Snake","NeowsBlessing","Gremlin Horn","Pantograph","Snake Skull","Toxic Egg 2","Eternal Feather","Membership Card","Singing Bowl","Happy Flower","Bag of Preparation","Blue Candle","Old Coin","Snecko Eye","Question Card","Meat on the Bone","TwistedFunnel","Paper Crane","Bag of Marbles","MawBank","Bottled Lightning","Anchor"],"potions_floor_usage":[55,55],"damage_taken":[{"damage":0.0,"enemies":"Small Slimes","floor":1.0,"turns":1.0},{"damage":0.0,"enemies":"3 Sentries","floor":6.0,"turns":1.0},{"damage":0.0,"enemies":"Jaw Worm","floor":7.0,"turns":1.0},{"damage":0.0,"enemies":"Cultist","floor":10.0,"turns":3.0},{"damage":15.0,"enemies":"Lots of Slimes","floor":11.0,"turns":5.0},{"damage":4.0,"enemies":"Blue Slaver","floor":12.0,"turns":3.0},{"damage":0.0,"enemies":"Exordium Wildlife","floor":14.0,"turns":3.0},{"damage":22.0,"enemies":"Hexaghost","floor":16.0,"turns":11.0},{"damage":14.0,"enemies":"Chosen","floor":18.0,"turns":7.0},{"damage":2.0,"enemies":"Shell Parasite","floor":21.0,"turns":8.0},{"damage":28.0,"enemies":"Slavers","floor":23.0,"turns":9.0},{"damage":0.0,"enemies":"Book of Stabbing","floor":27.0,"turns":9.0},{"damage":10.0,"enemies":"Snake Plant","floor":29.0,"turns":8.0},{"damage":36.0,"enemies":"Slavers","floor":30.0,"turns":11.0},{"damage":3.0,"enemies":"Chosen and Byrds","floor":31.0,"turns":8.0},{"damage":39.0,"enemies":"Champ","floor":33.0,"turns":23.0},{"damage":21.0,"enemies":"3 Darklings","floor":35.0,"turns":6.0},{"damage":0.0,"enemies":"Orb Walker","floor":38.0,"turns":6.0},{"damage":10.0,"enemies":"Transient","floor":41.0,"turns":5.0},{"damage":13.0,"enemies":"Nemesis","floor":42.0,"turns":9.0},{"damage":27,"enemies":"Reptomancer","floor":45,"turns":6},{"damage":0,"enemies":"Nemesis","floor":48,"turns":7},{"damage":1,"enemies":"Donu and Deca","floor":50,"turns":10},{"damage":53,"enemies":"Shield and Spear","floor":54,"turns":7},{"damage":33,"enemies":"The Heart","floor":55,"turns":10}],"seed_played":"5250816147912907730","potions_obtained":[{"floor":1.0,"key":"SkillPotion"},{"floor":12.0,"key":"Weak Potion"},{"floor":14.0,"key":"Weak Potion"},{"floor":16.0,"key":"Energy Potion"},{"floor":21.0,"key":"Weak Potion"},{"floor":23.0,"key":"Energy Potion"},{"floor":38.0,"key":"Fire Potion"},{"floor":42.0,"key":"Dexterity Potion"}],"is_trial":false,"path_per_floor":["M","?","$","?","?","E","M","R","T","M","M","M","R","M","R","B",null,"M","$","?","M","$","E","R","$","T","E","R","M","E","M","R","B",null,"M","$","?","M","$","R","M","E","T","?","E","R","?","E","R","B",null,"R","$","E","B",null],"character_chosen":"THE_SILENT","items_purchased":["Membership Card","Footwork","Escape Plan+1","Singing Bowl","Crippling Poison+1","Bouncing Flask+1","Question Card","Noxious Fumes","Meat on the Bone","TwistedFunnel","Bottled Lightning","LiquidBronze","Choke"],"campfire_rested":3,"item_purchase_floors":[19,19,19,22,25,36,36,39,39,39,53,53,53],"current_hp_per_floor":[59,47,47,47,47,47,47,47,47,47,32,28,28,28,28,31,57,43,43,43,41,41,13,44,44,44,46,58,50,14,13,49,35,64,43,43,43,43,43,58,48,49,49,49,34,70,70,70,72,71,72,72,72,33,37],"gold":29,"neow_bonus":"THREE_ENEMY_KILL","is_prod":false,"is_daily":false,"chose_seed":false,"campfire_upgraded":6,"win_rate":0,"timestamp":1553313714,"path_taken":["M","?","$","?","?","E","M","R","T","?","M","M","R","M","R","BOSS","M","?","?","M","$","E","R","?","T","E","R","?","E","M","R","BOSS","M","$","?","M","?","R","M","E","T","?","E","R","?","E","R","BOSS","R","$","E","BOSS"],"build_version":"2019-01-23","purchased_purges":2,"victory":true,"max_hp_per_floor":[66,66,66,66,66,66,66,66,66,66,66,66,66,66,66,66,66,66,66,66,66,66,66,66,66,66,68,68,70,70,72,72,74,74,74,74,74,74,74,74,74,76,76,72,72,72,72,72,72,72,72,72,72,74,74],"card_choices":[{"not_picked":["Poisoned Stab","Cloak And Dagger"],"picked":"Leg Sweep","floor":1.0},{"not_picked":["Blade Dance","Sucker Punch"],"picked":"Quick Slash","floor":6.0},{"not_picked":["Storm of Steel","Underhanded Strike","Outmaneuver"],"picked":"SKIP","floor":7.0},{"not_picked":["Storm of Steel","Underhanded Strike","Outmaneuver"],"picked":"SKIP","floor":7.0},{"not_picked":["Eviscerate","Underhanded Strike","Acrobatics+1"],"picked":"SKIP","floor":10.0},{"not_picked":["Blade Dance+1","Backstab"],"picked":"Deadly Poison+1","floor":11.0},{"not_picked":["Blade Dance+1","Outmaneuver+1","Choke"],"picked":"SKIP","floor":12.0},{"not_picked":["Underhanded Strike","Poisoned Stab"],"picked":"Cloak And Dagger+1","floor":14.0},{"not_picked":["Wraith Form v2","Unload"],"picked":"Night Terror+1","floor":16.0},{"not_picked":["Reflex+1","Acrobatics+1"],"picked":"Blur+1","floor":18.0},{"not_picked":["Poisoned Stab","Dagger Spray+1","Prepared+1"],"picked":"SKIP","floor":21.0},{"not_picked":["Poisoned Stab","Prepared+1"],"picked":"Dagger Spray+1","floor":21.0},{"not_picked":["Caltrops","Sucker Punch"],"picked":"Terror+1","floor":23.0},{"not_picked":["Outmaneuver+1","Poisoned Stab","Concentrate+1"],"picked":"Singing Bowl","floor":27.0},{"not_picked":["Flying Knee","Blade Dance+1","Setup+1"],"picked":"Singing Bowl","floor":29.0},{"not_picked":["Glass Knife","Predator+1"],"picked":"Cloak And Dagger+1","floor":30.0},{"not_picked":["Sucker Punch","Prepared+1","Flying Knee"],"picked":"Singing Bowl","floor":31.0},{"not_picked":["Grand Finale","Tools of the Trade","Storm of Steel+1"],"picked":"Singing Bowl","floor":33.0},{"not_picked":["Caltrops","Quick Slash+1"],"picked":"Dodge and Roll+1","floor":35.0},{"not_picked":["Blade Dance+1","Prepared+1","Flying Knee"],"picked":"Acrobatics+1","floor":38.0},{"not_picked":["Outmaneuver+1","Dodge and Roll+1","Dagger Spray"],"picked":"Blur+1","floor":41.0},{"not_picked":["A Thousand Cuts","Dagger Spray","Sucker Punch+1","Unload"],"picked":"Singing Bowl","floor":42.0},{"not_picked":["Slice+1","Bouncing Flask+1","Sucker Punch"],"picked":"Bullet Time+1","floor":45},{"not_picked":["Deflect+1","Blade Dance+1","Expertise+1"],"picked":"PiercingWail+1","floor":48},{"not_picked":["Heel Hook","Blade Dance+1","Acrobatics+1","Venomology+1"],"picked":"Singing Bowl","floor":54}],"player_experience":428656,"relics_obtained":[{"floor":6.0,"key":"Snake Skull"},{"floor":9.0,"key":"Toxic Egg 2"},{"floor":23.0,"key":"Happy Flower"},{"floor":26.0,"key":"Bag of Preparation"},{"floor":27.0,"key":"Blue Candle"},{"floor":30.0,"key":"Old Coin"},{"floor":42.0,"key":"Paper Crane"},{"floor":45,"key":"Bag of Marbles"},{"floor":48,"key":"MawBank"},{"floor":54,"key":"Anchor"}],"event_choices":[{"damage_healed":0.0,"max_hp_gain":0.0,"max_hp_loss":0.0,"gold_gain":0.0,"event_name":"Scrap Ooze","player_choice":"Success","floor":2.0,"gold_loss":0.0,"damage_taken":12.0,"relics_obtained":["Gremlin Horn"]},{"damage_healed":0.0,"max_hp_gain":0.0,"max_hp_loss":0.0,"gold_gain":0.0,"event_name":"Living Wall","player_choice":"Grow","floor":4.0,"gold_loss":0.0,"damage_taken":0.0,"cards_upgraded":["Neutralize"]},{"damage_healed":0.0,"max_hp_gain":0.0,"max_hp_loss":0.0,"gold_gain":0.0,"event_name":"WeMeetAgain","player_choice":"Gave Potion","floor":5.0,"gold_loss":0.0,"damage_taken":0.0,"relics_obtained":["Pantograph"]},{"damage_healed":0.0,"max_hp_gain":0.0,"max_hp_loss":0.0,"gold_gain":99.0,"event_name":"Nest","player_choice":"Stole From Cult","floor":20.0,"gold_loss":0.0,"damage_taken":0.0},{"cards_removed":["Strike_G"],"damage_healed":0.0,"max_hp_gain":0.0,"max_hp_loss":0.0,"gold_gain":0.0,"event_name":"Bonfire Elementals","player_choice":"Offered Basic","floor":37.0,"gold_loss":0.0,"damage_taken":0.0},{"damage_healed":0.0,"max_hp_gain":0.0,"max_hp_loss":4.0,"gold_gain":0.0,"event_name":"Winding Halls","player_choice":"Max HP","floor":44.0,"gold_loss":0.0,"damage_taken":0.0},{"cards_removed":["Strike_G"],"damage_healed":0,"gold_gain":0,"player_choice":"Purged","damage_taken":0,"max_hp_gain":0,"max_hp_loss":0,"event_name":"Purifier","floor":47,"gold_loss":0}],"is_beta":false,"boss_relics":[{"not_picked":["HoveringKite","Runic Dome"],"picked":"Eternal Feather"},{"not_picked":["Black Star","Fusion Hammer"],"picked":"Snecko Eye"}],"items_purged_floors":[36,39],"is_endless":false,"potions_floor_spawned":[1,12,14,16,21,23,38,42],"ascension_level":14}