{"gold_per_floor":[109,119,119,184,86,111,111,123,123,123,141,172,172,184,184,289,289,299,380,391,8,22,22,72,92,92,142],"floor_reached":27,"playtime":1657,"items_purged":[],"score":225,"play_id":"56ba620a-d9cd-44de-9f9d-86f5d12f505c","local_time":"20180804142136","is_ascension_mode":false,"campfire_choices":[{"data":"Infinite Blades","floor":7,"key":"SMITH"},{"data":"Noxious Fumes","floor":10,"key":"SMITH"},{"floor":13,"key":"REST"},{"floor":15,"key":"REST"},{"floor":23,"key":"REST"}],"neow_cost":"","seed_source_timestamp":274607590591308,"circlet_count":0,"master_deck":["Defend_G","Defend_G","Defend_G","Defend_G","Defend_G","Strike_G","Strike_G","Strike_G","Strike_G","Strike_G","Survivor","Neutralize","Footwork","Sucker Punch","Cloak And Dagger","Noxious Fumes+1","Riddle With Holes","Dodge and Roll","Infinite Blades+1","Terror","Eviscerate","Die Die Die","Flying Knee","Burst","All Out Attack+1","Backstab","Noxious Fumes+1","Accuracy","Acrobatics","Dramatic Entrance","Dagger Throw+1","Backstab+1"],"relics":["Ring of the Snake","SsserpentHead","Mummified Hand","Pear","Dodecahedron","HoveringKite","Red Mask","Medical Kit","Toxic Egg 2"],"potions_floor_usage":[12,18,19,19],"damage_taken":[{"damage":0,"enemies":"Jaw Worm","floor":1,"turns":4},{"damage":0,"enemies":"Cultist","floor":2,"turns":4},{"damage":2,"enemies":"Small Slimes","floor":4,"turns":4},{"damage":13,"enemies":"Lagavulin","floor":6,"turns":11},{"damage":2,"enemies":"2 Fungi Beasts","floor":8,"turns":4},{"damage":11,"enemies":"Exordium Thugs","floor":11,"turns":4},{"damage":37,"enemies":"Gremlin Nob","floor":12,"turns":6},{"damage":6,"enemies":"Large Slime","floor":14,"turns":5},{"damage":33,"enemies":"The Guardian","floor":16,"turns":11},{"damage":35,"enemies":"Spheric Guardian","floor":18,"turns":7},{"damage":0,"floor":19,"turns":2},{"damage":0,"enemies":"3 Byrds","floor":20,"turns":4},{"damage":25,"enemies":"Cultist and Chosen","floor":22,"turns":6},{"damage":26,"enemies":"Snake Plant","floor":25,"turns":4},{"damage":19,"enemies":"Snecko","floor":27,"turns":3}],"seed_played":"-3870424340708824000","potions_obtained":[{"floor":1,"key":"Dexterity Potion"},{"floor":8,"key":"Ancient Potion"},{"floor":12,"key":"Fire Potion"},{"floor":16,"key":"Explosive Potion"},{"floor":18,"key":"Explosive Potion"},{"floor":20,"key":"GamblersBrew"},{"floor":22,"key":"Ancient Potion"}],"is_trial":false,"path_per_floor":["M","M","?","M","$","E","R","M","T","R","M","E","R","M","R","B",null,"M","?","M","$","M","R","?","M","T"],"character_chosen":"THE_SILENT","items_purchased":["Noxious Fumes","Riddle With Holes","Dodge and Roll","Accuracy","Medical Kit","Acrobatics","Dramatic Entrance"],"campfire_rested":3,"item_purchase_floors":[5,5,5,21,21,21,21],"current_hp_per_floor":[70,70,70,68,68,55,55,53,63,63,52,15,39,33,57,24,80,45,45,45,45,20,44,44,18,18,0],"gold":142,"neow_bonus":"","is_prod":false,"is_daily":false,"chose_seed":false,"campfire_upgraded":2,"win_rate":0,"timestamp":1533414096,"path_taken":["M","M","?","?","?","E","R","M","T","R","M","E","R","M","R","BOSS","M","?","M","?","M","R","?","M","T","?"],"build_version":"2018-08-02","purchased_purges":0,"victory":false,"max_hp_per_floor":[70,70,70,70,70,70,70,70,80,80,80,80,80,80,80,80,80,80,80,80,80,80,80,80,80,80,80],"card_choices":[{"not_picked":["Bouncing Flask","Deadly Poison"],"picked":"Footwork","floor":1},{"not_picked":["Acrobatics","Finisher"],"picked":"Sucker Punch","floor":2},{"not_picked":["Quick Slash","Acrobatics"],"picked":"Cloak And Dagger","floor":4},{"not_picked":["Dagger Spray","Riddle With Holes"],"picked":"Infinite Blades","floor":6},{"not_picked":["All Out Attack","Deflect"],"picked":"Terror","floor":8},{"not_picked":["Outmaneuver","Dagger Throw"],"picked":"Eviscerate","floor":11},{"not_picked":["Escape Plan","Leg Sweep"],"picked":"Die Die Die","floor":12},{"not_picked":["Deadly Poison","Tactician"],"picked":"Flying Knee","floor":14},{"not_picked":["Bullet Time","Phantasmal Killer"],"picked":"Burst","floor":16},{"not_picked":["Slice","Quick Slash"],"picked":"All Out Attack+1","floor":18},{"not_picked":["Outmaneuver","Flechettes"],"picked":"Backstab","floor":19},{"not_picked":["Slice","Deflect"],"picked":"Noxious Fumes+1","floor":20},{"not_picked":["Backflip+1","PiercingWail"],"picked":"Dagger Throw+1","floor":22},{"not_picked":["Bouncing Flask+1","Finisher"],"picked":"Backstab+1","floor":25}],"player_experience":181724,"relics_obtained":[{"floor":6,"key":"Mummified Hand"},{"floor":9,"key":"Pear"},{"floor":12,"key":"Dodecahedron"},{"floor":19,"key":"Red Mask"},{"floor":26,"key":"Toxic Egg 2"}],"event_choices":[{"event_name":"FaceTrader","player_choice":"Trade","floor":3,"damage_taken":0},{"event_name":"Masked Bandits","player_choice":"Fought over 349 gold","floor":19,"damage_taken":0},{"event_name":"Drug Dealer","player_choice":"Ignored","floor":24,"damage_taken":0}],"is_beta":false,"boss_relics":[{"not_picked":["Sozu","Philosopher\u0027s Stone"],"picked":"HoveringKite"}],"items_purged_floors":[],"is_endless":false,"potions_floor_spawned":[1,8,12,16,18,20,22,25],"killed_by":"Snecko","ascension_level":0}