{"path_per_floor":["M","M","M","M","?","M","R","M","T","R","M","M","M","$","R","B",null,"M","?","$","M","?","E","R","M","T","?","$","?","?","?","R","B",null,"M","?","M","?","$","R","M","R","T","R","E","R","?","E","R"],"character_chosen":"IRONCLAD","items_purchased":["Lee\u0027s Waffle","Dual Wield","Corruption","Warcry"],"gold_per_floor":[111,125,145,162,162,178,178,189,189,189,208,224,242,38,38,139,139,159,74,40,60,60,87,87,98,151,151,41,41,41,41,41,140,140,159,159,174,225,74,74,84,84,129,129,154,154,154,187,187],"floor_reached":50,"campfire_rested":5,"playtime":5665,"current_hp_per_floor":[72,68,72,33,21,20,20,22,22,22,24,26,28,79,79,49,79,73,73,73,77,61,30,53,44,44,44,44,44,44,44,67,65,79,79,79,67,62,62,62,32,55,55,78,79,79,69,65,79],"items_purged":["Strike_R","Decay"],"gold":187,"score":561,"play_id":"ca811eca-377b-44d5-be0a-f750cbd2ce26","local_time":"20180305231549","is_prod":false,"is_daily":false,"is_ascension_mode":false,"campfire_upgraded":5,"timestamp":1520309749,"path_taken":["M","M","M","M","?","M","R","M","T","R","M","?","M","?","R","BOSS","M","?","$","M","?","E","R","M","T","?","$","?","?","?","R","BOSS","M","?","M","?","$","R","M","R","T","R","E","R","?","E","R","BOSS"],"build_version":"2018-03-02-BETA2","purchased_purges":2,"victory":false,"master_deck":["Strike_R+1","Strike_R+1","Strike_R+1","Strike_R+1","Defend_R+1","Defend_R+1","Defend_R+1","Defend_R+1","Bash","Offering","Warcry","Evolve","Bludgeon+1","Inflame","Infernal Blade+1","Infernal Blade+1","Exhume","Warcry+1","Dual Wield","Feel No Pain+1","Pummel+1","Shockwave+1","Clumsy","Corruption+1","Berserk","Dual Wield","Double Tap","Clash+1","Carnage","Sentinel","Disarm","Clash","Disarm","Warcry+1","Warcry","Feel No Pain+1","Doubt","Warcry+1","Shrug It Off","Madness","Madness","Metallicize","Perfected Strike+1"],"max_hp_per_floor":[72,72,72,72,72,72,72,72,72,72,72,72,72,79,79,79,79,79,79,79,79,79,79,79,79,79,79,79,79,79,79,79,79,79,79,79,79,79,79,79,79,79,79,79,79,79,79,79,79],"relics":["Burning Blood","Orichalcum","Ginger","Lee\u0027s Waffle","Cursed Key","Blue Candle","Enchiridion","Juzu Bracelet","Dream Catcher","Orrery","Champion Belt","Prayer Wheel","Happy Flower","Mummified Hand"],"card_choices":[{"not_picked":["Barricade","Limit Break"],"picked":"Offering"},{"not_picked":["Iron Wave","Anger"],"picked":"Warcry"},{"not_picked":["Perfected Strike","Sword Boomerang"],"picked":"Evolve"},{"not_picked":["Cleave","Whirlwind"],"picked":"Bludgeon"},{"not_picked":["Perfected Strike","Wild Strike"],"picked":"Inflame"},{"not_picked":["Intimidate","Flex"],"picked":"Infernal Blade"},{"not_picked":["Sword Boomerang","Cleave"],"picked":"Infernal Blade"},{"not_picked":["Sever Soul","Combust"],"picked":"Evolve"},{"not_picked":["Berserk","Immolate"],"picked":"Exhume"},{"not_picked":["Flex","Havoc"],"picked":"Warcry"},{"not_picked":["Havoc","Iron Wave"],"picked":"Feel No Pain"},{"not_picked":["Sever Soul","Rampage"],"picked":"Pummel"},{"not_picked":["Entrench","Pommel Strike"],"picked":"Shockwave"},{"not_picked":["Headbutt","Havoc"],"picked":"Dual Wield"},{"not_picked":["Bludgeon","Limit Break"],"picked":"Double Tap"},{"not_picked":["Headbutt","Iron Wave"],"picked":"Clash"},{"not_picked":["Entrench","Heavy Blade"],"picked":"Carnage"},{"not_picked":["Flex","Clash"],"picked":"Sentinel"},{"not_picked":["Intimidate","Sever Soul"],"picked":"Disarm"},{"not_picked":["Perfected Strike","Thunderclap"],"picked":"Clash"},{"not_picked":["Flex","Combust"],"picked":"Disarm"},{"not_picked":["Armaments","Rage"],"picked":"Warcry"},{"not_picked":["Juggernaut","Clash"],"picked":"Feel No Pain"},{"not_picked":["Disarm","Body Slam"],"picked":"Warcry"},{"not_picked":["Pummel","Clash"],"picked":"Shrug It Off"},{"not_picked":["Seeing Red","Shrug It Off"],"picked":"Metallicize"},{"not_picked":["Carnage","Iron Wave"],"picked":"Perfected Strike"}],"player_experience":51927,"potions_floor_usage":[25,33,37,41,50,50],"damage_taken":[{"damage":4.0,"enemies":"Small Slimes","floor":1.0,"turns":4.0},{"damage":10.0,"enemies":"Jaw Worm","floor":2.0,"turns":2.0},{"damage":0.0,"enemies":"2 Louse","floor":3.0,"turns":3.0},{"damage":45.0,"enemies":"Gremlin Gang","floor":4.0,"turns":5.0},{"damage":19.0,"enemies":"Exordium Thugs","floor":6.0,"turns":5.0},{"damage":4.0,"enemies":"Large Slime","floor":8.0,"turns":4.0},{"damage":4.0,"enemies":"Blue Slaver","floor":11.0,"turns":2.0},{"damage":4.0,"enemies":"2 Fungi Beasts","floor":12.0,"turns":3.0},{"damage":4.0,"enemies":"Large Slime","floor":13.0,"turns":4.0},{"damage":36.0,"enemies":"Slime Boss","floor":16.0,"turns":7.0},{"damage":12.0,"enemies":"Spheric Guardian","floor":18.0,"turns":3.0},{"damage":8.0,"enemies":"Chosen","floor":21.0,"turns":3.0},{"damage":37.0,"enemies":"Gremlin Leader","floor":23.0,"turns":5.0},{"damage":24,"enemies":"Centurion and Healer","floor":25,"turns":4},{"damage":8,"enemies":"Collector","floor":33,"turns":4},{"damage":2,"enemies":"Orb Walker","floor":35,"turns":3},{"damage":18,"enemies":"3 Darklings","floor":37,"turns":5},{"damage":11,"enemies":"Mysterious Sphere","floor":38,"turns":5},{"damage":36,"enemies":"4 Shapes","floor":41,"turns":6},{"damage":5,"enemies":"Nemesis","floor":45,"turns":7},{"damage":10,"enemies":"Giant Head","floor":48,"turns":6},{"damage":79,"enemies":"Donu and Deca","floor":50,"turns":9}],"event_choices":[{"event_name":"Scrap Ooze","player_choice":"success","floor":5.0,"damage_taken":12.0},{"event_name":"Addict","player_choice":"Obtained Relic","floor":19.0,"damage_taken":0.0},{"event_name":"Cursed Tome","player_choice":"Obtained Book","floor":22.0,"damage_taken":0.0},{"event_name":"Vampires","player_choice":"Ignored","floor":27,"damage_taken":0},{"event_name":"Back to Basics","player_choice":"Simplicity","floor":29,"damage_taken":0},{"event_name":"Transmorgrifier","player_choice":"Transform","floor":30,"damage_taken":0},{"event_name":"Beggar","player_choice":"Ignored","floor":31,"damage_taken":0},{"event_name":"Wheel of Change","player_choice":"Curse","floor":36,"damage_taken":0},{"event_name":"Mysterious Sphere","player_choice":"Fight","floor":38,"damage_taken":0},{"event_name":"Winding Halls","player_choice":"Embrace Madness","floor":47,"damage_taken":0}],"boss_relics":[{"not_picked":["Runic Pyramid","Runic Dome"],"picked":"Orrery"}],"potions_floor_spawned":[4,6,8,13,21,25,37,38,45],"seed_played":"-1628432630651264571","killed_by":"Donu and Deca","ascension_level":0,"is_trial":false}