{"gold_per_floor":[114,129,144,159,159,189,204,234,234,249,424,12,27,104,104,204,204,219,234,249,264,279,279,309,309,309,324,2,2,17,17,17,17],"floor_reached":33,"playtime":5619,"items_purged":[],"score":308,"play_id":"884551dc-04a4-4597-b626-4c71207e8c18","local_time":"20190222175527","daily_mods":["Cursed Run","Diverse","Terminal"],"is_ascension_mode":false,"campfire_choices":[{"floor":15,"key":"REST"},{"floor":23,"key":"REST"},{"floor":25,"key":"REST"},{"data":"Whirlwind","floor":32,"key":"SMITH"}],"neow_cost":"","seed_source_timestamp":0,"circlet_count":0,"master_deck":["Strike_B","Strike_B","Strike_B","Strike_B","Defend_B","Defend_B","Defend_B","Defend_B","Zap","Dualcast","Gash","Dodge and Roll","Fusion+1","Heavy Blade","Bludgeon","PiercingWail","Infernal Blade","Pain","Shrug It Off","Doubt","Metallicize","Melter","Genetic Algorithm","Doubt","Doppelganger","Gash+1","Conserve Battery+1","Self Repair+1","Ball Lightning","Capacitor+1","Spot Weakness","Decay","Iron Wave","The Bomb","Whirlwind+1","Rage","Sweeping Beam+1"],"special_seed":17949,"relics":["Cursed Key","Darkstone Periapt","Du-Vu Doll","Blue Candle","Bottled Flame","Pen Nib","Lantern","Happy Flower","Nuclear Battery","Anchor","Matryoshka"],"potions_floor_usage":[6,16,16,18,24,24],"damage_taken":[{"damage":0,"enemies":"Small Slimes","floor":1,"turns":4},{"damage":1,"enemies":"Jaw Worm","floor":2,"turns":2},{"damage":0,"enemies":"2 Louse","floor":3,"turns":3},{"damage":0,"enemies":"Looter","floor":4,"turns":5},{"damage":22,"enemies":"Lagavulin","floor":6,"turns":7},{"damage":0,"enemies":"Red Slaver","floor":7,"turns":4},{"damage":4,"enemies":"Gremlin Nob","floor":8,"turns":4},{"damage":2,"enemies":"3 Louse","floor":10,"turns":3},{"damage":0,"enemies":"Looter","floor":13,"turns":3},{"damage":16,"enemies":"Slime Boss","floor":16,"turns":11},{"damage":18,"enemies":"3 Byrds","floor":18,"turns":5},{"damage":15,"enemies":"Spheric Guardian","floor":19,"turns":4},{"damage":4,"enemies":"Snecko","floor":20,"turns":5},{"damage":24,"enemies":"Snake Plant","floor":21,"turns":5},{"damage":13,"enemies":"Cultist and Chosen","floor":22,"turns":7},{"damage":9,"enemies":"Gremlin Leader","floor":24,"turns":6},{"damage":2,"enemies":"3 Cultists","floor":27,"turns":4},{"damage":3,"enemies":"Chosen and Byrds","floor":30,"turns":3},{"damage":67,"enemies":"Collector","floor":33,"turns":6}],"seed_played":"3109262383248247929","potions_obtained":[{"floor":1,"key":"PowerPotion"},{"floor":3,"key":"Energy Potion"},{"floor":4,"key":"FocusPotion"},{"floor":6,"key":"GamblersBrew"},{"floor":8,"key":"Regen Potion"},{"floor":21,"key":"FocusPotion"},{"floor":22,"key":"Explosive Potion"},{"floor":30,"key":"SmokeBomb"}],"is_trial":false,"path_per_floor":["M","M","M","M","?","E","M","E","T","M","?","$","M","?","R","B",null,"M","M","M","M","M","R","E","R","T","M","$","?","M","?","R","B"],"character_chosen":"DEFECT","items_purchased":["Lantern","Happy Flower","Metallicize","Melter","The Bomb","Whirlwind","Rage"],"campfire_rested":3,"item_purchase_floors":[12,12,12,12,28,28,28],"current_hp_per_floor":[73,72,71,70,69,47,47,43,49,47,53,53,53,53,71,72,75,57,42,38,24,21,42,43,63,69,71,70,69,66,66,66,0],"gold":17,"neow_bonus":"","is_prod":false,"is_daily":true,"chose_seed":false,"campfire_upgraded":1,"win_rate":0.0,"timestamp":1550858127,"path_taken":["M","M","M","M","?","E","M","E","T","M","?","$","M","?","R","BOSS","M","M","M","M","M","R","E","R","T","M","$","?","M","?","R","BOSS"],"build_version":"2019-01-23","purchased_purges":0,"victory":false,"max_hp_per_floor":[73,72,71,70,69,68,67,66,71,70,75,74,73,72,71,76,75,74,73,72,71,70,69,68,67,72,71,70,69,68,67,66,66],"card_choices":[{"not_picked":["Carnage","Perfected Strike"],"picked":"Gash","floor":1},{"not_picked":["Pommel Strike","Disarm"],"picked":"Dodge and Roll","floor":2},{"not_picked":["Headbutt","Rebound"],"picked":"Fusion","floor":3},{"not_picked":["Cleave","Sword Boomerang"],"picked":"Heavy Blade","floor":4},{"not_picked":["Eviscerate","Skewer"],"picked":"Bludgeon","floor":6},{"not_picked":["Slice","Dagger Throw"],"picked":"PiercingWail","floor":7},{"not_picked":["Rebound","Underhanded Strike"],"picked":"Infernal Blade","floor":8},{"not_picked":["Dagger Throw","Evolve"],"picked":"Shrug It Off","floor":10},{"not_picked":["Wild Strike","Recycle"],"picked":"Genetic Algorithm","floor":13},{"not_picked":["Bludgeon","Storm of Steel"],"picked":"Doppelganger","floor":16},{"not_picked":["Ball Lightning","Backflip"],"picked":"Gash+1","floor":18},{"not_picked":["Compile Driver","Power Through+1"],"picked":"Conserve Battery+1","floor":19},{"not_picked":["Shrug It Off","Skim"],"picked":"Self Repair+1","floor":20},{"not_picked":["Turbo","Heavy Blade+1"],"picked":"Ball Lightning","floor":21},{"not_picked":["Coolheaded","Impervious"],"picked":"Capacitor+1","floor":22},{"not_picked":["Blade Dance+1","Consume+1"],"picked":"Spot Weakness","floor":24},{"not_picked":["Redo","Quick Slash"],"picked":"Iron Wave","floor":27},{"not_picked":["Clothesline","Acrobatics"],"picked":"Sweeping Beam+1","floor":30}],"player_experience":202644,"relics_obtained":[{"floor":6,"key":"Blue Candle"},{"floor":8,"key":"Bottled Flame"},{"floor":9,"key":"Pen Nib"},{"floor":24,"key":"Anchor"},{"floor":26,"key":"Matryoshka"}],"event_choices":[{"damage_healed":0,"gold_gain":0,"player_choice":"Grow","damage_taken":0,"max_hp_gain":0,"max_hp_loss":0,"event_name":"Living Wall","floor":5,"gold_loss":0,"cards_upgraded":["Fusion"]},{"damage_healed":0,"gold_gain":175,"player_choice":"AGREE","damage_taken":0,"max_hp_gain":0,"max_hp_loss":0,"event_name":"Liars Game","floor":11,"gold_loss":0,"cards_obtained":["Doubt"]},{"damage_healed":0,"gold_gain":77,"player_choice":"Gained Gold","damage_taken":0,"max_hp_gain":0,"max_hp_loss":0,"event_name":"Golden Wing","floor":14,"gold_loss":0},{"damage_healed":0,"gold_gain":0,"player_choice":"Ignored","damage_taken":0,"max_hp_gain":0,"max_hp_loss":0,"event_name":"Beggar","floor":29,"gold_loss":0},{"damage_healed":0,"gold_gain":0,"player_choice":"Ignored","damage_taken":0,"max_hp_gain":0,"max_hp_loss":0,"event_name":"Fountain of Cleansing","floor":31,"gold_loss":0}],"is_beta":false,"boss_relics":[{"not_picked":["Busted Crown","Empty Cage"],"picked":"Nuclear Battery"}],"items_purged_floors":[],"is_endless":false,"potions_floor_spawned":[1,3,4,6,8,13,21,22,30],"killed_by":"Collector","ascension_level":0}