{"gold_per_floor":[110,8,8,23,39,39,49,59,85,97,126,151,175,200,212,327,339,363,300,252],"floor_reached":20,"playtime":1308,"items_purged":[],"score":170,"play_id":"e7470e68-6990-46e7-82a4-50c3edba6db6","local_time":"20180729151940","is_ascension_mode":false,"campfire_choices":[{"data":"Flex","floor":6,"key":"SMITH"},{"floor":10,"key":"REST"},{"floor":15,"key":"REST"}],"neow_cost":"NONE","seed_source_timestamp":249306636653570,"circlet_count":0,"master_deck":["Strike_R","Strike_R","Strike_R","Strike_R","Strike_R","Defend_R","Defend_R","Defend_R","Defend_R","Flex+1","Twin Strike","Shrug It Off","Heavy Blade","Clothesline","Twin Strike","Armaments","Spot Weakness","Carnage","Perfected Strike","Inflame","Limit Break","Anger","Perfected Strike","Shrug It Off","Cleave","Metallicize","Entrench"],"relics":["Burning Blood","MawBank","Orrery"],"potions_floor_usage":[12],"damage_taken":[{"damage":3,"enemies":"Jaw Worm","floor":1,"turns":5},{"damage":0,"enemies":"Small Slimes","floor":4,"turns":3},{"damage":0,"enemies":"Cultist","floor":5,"turns":3},{"damage":14,"enemies":"Lots of Slimes","floor":7,"turns":5},{"damage":19,"enemies":"Exordium Thugs","floor":8,"turns":6},{"damage":9,"enemies":"Blue Slaver","floor":11,"turns":5},{"damage":2,"enemies":"Large Slime","floor":12,"turns":5},{"damage":14,"enemies":"Lots of Slimes","floor":13,"turns":5},{"damage":31,"enemies":"Exordium Thugs","floor":14,"turns":5},{"damage":27,"enemies":"Slime Boss","floor":16,"turns":9},{"damage":59,"enemies":"3 Byrds","floor":18,"turns":7},{"damage":30,"enemies":"2 Thieves","floor":20,"turns":2}],"seed_played":"-3317148785042322664","potions_obtained":[{"floor":5,"key":"LiquidBronze"},{"floor":7,"key":"Block Potion"},{"floor":11,"key":"Ancient Potion"},{"floor":12,"key":"Energy Potion"},{"floor":18,"key":"FearPotion"}],"is_trial":false,"path_per_floor":["M","$","?","M","M","R","M","M","T","R","M","M","M","M","R","B",null,"M","?"],"character_chosen":"IRONCLAD","items_purchased":["Shrug It Off","Heavy Blade"],"campfire_rested":2,"item_purchase_floors":[2,2],"current_hp_per_floor":[80,80,80,80,80,80,72,59,59,80,77,80,72,47,71,50,80,27,27,0],"gold":252,"neow_bonus":"THREE_CARDS","is_prod":false,"is_daily":false,"chose_seed":false,"campfire_upgraded":1,"win_rate":0.0,"timestamp":1532899180,"path_taken":["M","$","?","?","M","R","M","M","T","R","M","M","?","M","R","BOSS","M","?","?"],"build_version":"2018-07-26","purchased_purges":0,"victory":false,"max_hp_per_floor":[80,80,80,80,80,80,80,80,80,80,80,80,80,80,80,80,80,80,80,80],"card_choices":[{"not_picked":["Burning Pact","Power Through"],"picked":"Flex","floor":0},{"not_picked":["Wild Strike","Sever Soul"],"picked":"Twin Strike","floor":1},{"not_picked":["Shrug It Off","Headbutt"],"picked":"Clothesline","floor":4},{"not_picked":["Pommel Strike","True Grit"],"picked":"Twin Strike","floor":5},{"not_picked":["Reckless Charge","Flex"],"picked":"Armaments","floor":7},{"not_picked":["Reckless Charge","Entrench","Pommel Strike"],"picked":"SKIP","floor":8},{"not_picked":["Anger","Seeing Red"],"picked":"Spot Weakness","floor":11},{"not_picked":["Pommel Strike","Brutality"],"picked":"Carnage","floor":12},{"not_picked":["Blood for Blood","Shrug It Off"],"picked":"Perfected Strike","floor":13},{"not_picked":["Pommel Strike","Headbutt"],"picked":"Inflame","floor":14},{"not_picked":["Dark Embrace","Juggernaut"],"picked":"Limit Break","floor":16},{"not_picked":["Second Wind","Rage"],"picked":"Anger","floor":17},{"not_picked":["Flex","Sword Boomerang"],"picked":"Perfected Strike","floor":17},{"not_picked":["Pommel Strike","Wild Strike"],"picked":"Shrug It Off","floor":17},{"not_picked":["Body Slam","Thunderclap"],"picked":"Cleave","floor":17},{"not_picked":["Body Slam","Reckless Charge"],"picked":"Metallicize","floor":17},{"not_picked":["Disarm+1","Body Slam"],"picked":"Entrench","floor":18}],"player_experience":69778,"relics_obtained":[{"floor":9,"key":"MawBank"}],"event_choices":[{"event_name":"The Cleric","player_choice":"Leave","floor":3,"damage_taken":0},{"event_name":"Beggar","player_choice":"Gave Gold","floor":19,"damage_taken":0}],"is_beta":false,"boss_relics":[{"not_picked":["Calling Bell","Mark of Pain"],"picked":"Orrery"}],"items_purged_floors":[],"is_endless":false,"potions_floor_spawned":[5,7,11,12,16,18],"killed_by":"2 Thieves","ascension_level":0}