{"gold_per_floor":[119,119,119,38,53,84,84,109,109,109,119,69,84,111,111,214,214,228,242,15,15,30,30,59,59,59,74,94,124,153,78,78,174,174,190,190,202,222,30,30,57,68,138,138,156,156,169,34,34,34],"floor_reached":51,"playtime":1926,"items_purged":["Strike_R","Defend_R"],"score":1009,"play_id":"8bef65b1-bd9a-4eea-bafa-d65f56a07dfc","local_time":"20190125215117","is_ascension_mode":true,"campfire_choices":[{"data":"Uppercut","floor":7.0,"key":"SMITH"},{"data":"Armaments","floor":10.0,"key":"SMITH"},{"floor":15.0,"key":"REST"},{"data":"Flame Barrier","floor":23.0,"key":"SMITH"},{"floor":25.0,"key":"REST"},{"floor":32,"key":"REST"},{"floor":40,"key":"REST"},{"floor":46,"key":"REST"},{"floor":49,"key":"REST"}],"neow_cost":"NONE","seed_source_timestamp":1122716869999392,"circlet_count":0,"master_deck":["Defend_R","Defend_R+1","Defend_R+1","Bash","Uppercut+1","Clothesline+1","Shrug It Off","Armaments+1","Ghostly Armor+1","Dropkick+1","Fiend Fire+1","Battle Trance","Flame Barrier+1","Disarm","Uppercut+1","Headbutt+1","Thunderclap+1","Wild Strike+1","Bludgeon+1","Cleave+1","Shockwave","Reaper+1","Carnage+1","Second Wind+1","Feel No Pain"],"special_seed":0,"relics":["Burning Blood","NeowsBlessing","Nunchaku","Molten Egg 2","Mummified Hand","War Paint","Darkstone Periapt","Ornamental Fan","Sozu","PreservedInsect","StoneCalendar","Vajra","Red Mask","Self Forming Clay","Empty Cage","Medical Kit","Boot","Letter Opener"],"potions_floor_usage":[50,50],"damage_taken":[{"damage":0.0,"enemies":"Small Slimes","floor":1.0,"turns":1.0},{"damage":0.0,"enemies":"Cultist","floor":5.0,"turns":1.0},{"damage":0.0,"enemies":"Lagavulin","floor":6.0,"turns":1.0},{"damage":42.0,"enemies":"3 Sentries","floor":8.0,"turns":10.0},{"damage":0.0,"enemies":"Jaw Worm","floor":11.0,"turns":3.0},{"damage":0.0,"enemies":"Large Slime","floor":13.0,"turns":5.0},{"damage":36.0,"enemies":"Lagavulin","floor":14.0,"turns":6.0},{"damage":21.0,"enemies":"Slime Boss","floor":16.0,"turns":13.0},{"damage":25.0,"enemies":"2 Thieves","floor":18.0,"turns":4.0},{"damage":6.0,"enemies":"Shell Parasite","floor":19.0,"turns":3.0},{"damage":6.0,"enemies":"Centurion and Healer","floor":22.0,"turns":6.0},{"damage":29.0,"enemies":"Slavers","floor":24.0,"turns":6.0},{"damage":3.0,"enemies":"Chosen and Byrds","floor":27.0,"turns":7.0},{"damage":0.0,"enemies":"Snecko","floor":28.0,"turns":4.0},{"damage":17,"enemies":"Masked Bandits","floor":29,"turns":4},{"damage":11,"enemies":"Book of Stabbing","floor":30,"turns":3},{"damage":43,"enemies":"Champ","floor":33,"turns":11},{"damage":4,"enemies":"Orb Walker","floor":35,"turns":2},{"damage":24,"enemies":"3 Darklings","floor":37,"turns":6},{"damage":19,"enemies":"Jaw Worm Horde","floor":38,"turns":4},{"damage":27,"enemies":"Nemesis","floor":41,"turns":5},{"damage":17,"enemies":"Maw","floor":42,"turns":7},{"damage":4,"enemies":"Transient","floor":45,"turns":5},{"damage":36,"enemies":"Jaw Worm Horde","floor":47,"turns":4},{"damage":67,"enemies":"Donu and Deca","floor":50,"turns":11}],"seed_played":"-6652267341760226117","potions_obtained":[{"floor":1.0,"key":"Explosive Potion"},{"floor":11.0,"key":"BloodPotion"},{"floor":16.0,"key":"FearPotion"}],"is_trial":false,"path_per_floor":["M","?","?","$","M","E","R","E","T","R","M","?","M","E","R","B",null,"M","M","$","?","M","R","E","R","T","M","M","?","E","?","R","B",null,"M","?","M","M","$","R","E","M","T","?","M","R","M","$","R","B",null],"character_chosen":"IRONCLAD","items_purchased":["Rampage+1","PreservedInsect","Medical Kit","Feel No Pain"],"campfire_rested":6,"item_purchase_floors":[4,20,39,48],"current_hp_per_floor":[78,71,71,71,77,80,80,44,44,44,50,50,56,26,50,35,69,50,50,50,50,50,50,27,51,51,54,60,49,44,44,68,31,68,70,70,52,39,39,63,42,37,37,37,39,63,44,44,68,32],"gold":34,"neow_bonus":"THREE_ENEMY_KILL","is_prod":false,"is_daily":false,"chose_seed":false,"campfire_upgraded":3,"win_rate":0,"timestamp":1548481877,"path_taken":["M","?","?","$","?","E","R","E","T","R","M","?","M","E","R","BOSS","M","M","$","?","M","R","E","R","T","M","M","?","E","?","R","BOSS","M","?","M","?","?","R","E","M","T","?","M","R","M","$","R","BOSS"],"build_version":"2019-01-23","purchased_purges":2,"victory":true,"max_hp_per_floor":[80,80,80,80,80,80,80,80,80,80,80,80,80,80,80,80,80,80,80,80,80,80,80,80,80,80,80,80,80,80,80,80,80,80,80,80,80,80,80,80,80,80,80,80,80,80,80,80,80,80],"card_choices":[{"not_picked":["Sever Soul","Entrench"],"picked":"Uppercut","floor":1.0},{"not_picked":["Clash+1","Fire Breathing"],"picked":"Clothesline+1","floor":5.0},{"not_picked":["Juggernaut","Clash+1"],"picked":"Shrug It Off","floor":6.0},{"not_picked":["Power Through","Entrench"],"picked":"Armaments","floor":8.0},{"not_picked":["Clash+1","Armaments"],"picked":"Ghostly Armor","floor":11.0},{"not_picked":["Power Through","Flex","Body Slam+1"],"picked":"SKIP","floor":13.0},{"not_picked":["Offering","Fire Breathing"],"picked":"Dropkick+1","floor":14.0},{"not_picked":["Berserk","Limit Break"],"picked":"Fiend Fire+1","floor":16.0},{"not_picked":["Seeing Red","Reckless Charge+1"],"picked":"Battle Trance","floor":18.0},{"not_picked":["Seeing Red","Blood for Blood+1","Body Slam+1"],"picked":"SKIP","floor":19.0},{"not_picked":["Power Through+1","Clash+1"],"picked":"Disarm","floor":22.0},{"not_picked":["Anger+1","Rage","Clothesline+1"],"picked":"SKIP","floor":24.0},{"not_picked":["Armaments+1","Entrench+1"],"picked":"Uppercut+1","floor":27.0},{"not_picked":["Shrug It Off","Thunderclap+1"],"picked":"Headbutt+1","floor":28},{"not_picked":["Flex","Limit Break"],"picked":"Thunderclap+1","floor":29},{"not_picked":["Heavy Blade+1","Armaments"],"picked":"Wild Strike+1","floor":30},{"not_picked":["Feed+1","Fiend Fire+1"],"picked":"Bludgeon+1","floor":33},{"not_picked":["Anger+1","Clash+1"],"picked":"Cleave+1","floor":35},{"not_picked":["Havoc+1","Combust+1","Cleave+1"],"picked":"SKIP","floor":37},{"not_picked":["Intimidate+1","Metallicize+1"],"picked":"Shockwave","floor":38},{"not_picked":["Heavy Blade+1","Evolve"],"picked":"Reaper+1","floor":41},{"not_picked":["Body Slam+1","Sword Boomerang+1","Cleave+1"],"picked":"SKIP","floor":42},{"not_picked":["Combust+1","Thunderclap+1"],"picked":"Second Wind+1","floor":45},{"not_picked":["Reckless Charge+1","Limit Break","Combust"],"picked":"SKIP","floor":47}],"player_experience":307664,"relics_obtained":[{"floor":6.0,"key":"Mummified Hand"},{"floor":8.0,"key":"War Paint"},{"floor":9.0,"key":"Darkstone Periapt"},{"floor":14.0,"key":"Ornamental Fan"},{"floor":24.0,"key":"StoneCalendar"},{"floor":26.0,"key":"Vajra"},{"floor":29,"key":"Red Mask"},{"floor":30,"key":"Self Forming Clay"},{"floor":41,"key":"Boot"},{"floor":43,"key":"Letter Opener"}],"event_choices":[{"damage_healed":0.0,"max_hp_gain":0.0,"max_hp_loss":0.0,"gold_gain":0.0,"event_name":"Scrap Ooze","player_choice":"Success","floor":2.0,"gold_loss":0.0,"damage_taken":7.0,"relics_obtained":["Nunchaku"]},{"damage_healed":0.0,"max_hp_gain":0.0,"max_hp_loss":0.0,"gold_gain":0.0,"event_name":"WeMeetAgain","player_choice":"Gave Potion","floor":3.0,"gold_loss":0.0,"damage_taken":0.0,"relics_obtained":["Molten Egg 2"]},{"cards_removed":["Strike_R"],"damage_healed":0.0,"max_hp_gain":0.0,"max_hp_loss":0.0,"gold_gain":0.0,"event_name":"The Cleric","player_choice":"Card Removal","floor":12.0,"gold_loss":50.0,"damage_taken":0.0},{"damage_healed":0.0,"max_hp_gain":0.0,"max_hp_loss":0.0,"gold_gain":0.0,"event_name":"The Library","player_choice":"Read","floor":21.0,"gold_loss":0.0,"damage_taken":0.0,"cards_obtained":["Flame Barrier"]},{"damage_healed":0,"gold_gain":0,"player_choice":"Fought Bandits","damage_taken":0,"max_hp_gain":0,"max_hp_loss":0,"event_name":"Masked Bandits","floor":29,"gold_loss":0},{"cards_removed":["Rampage"],"damage_healed":0,"gold_gain":0,"player_choice":"Gave Gold","damage_taken":0,"max_hp_gain":0,"max_hp_loss":0,"event_name":"Beggar","floor":31,"gold_loss":75},{"damage_healed":0,"gold_gain":0,"player_choice":"Upgraded","damage_taken":0,"max_hp_gain":0,"max_hp_loss":0,"event_name":"Upgrade Shrine","floor":36,"gold_loss":0,"cards_upgraded":["Ghostly Armor"]},{"damage_healed":0,"gold_gain":0,"cards_transformed":["Strike_R"],"player_choice":"Transformed","damage_taken":0,"max_hp_gain":0,"max_hp_loss":0,"event_name":"Transmorgrifier","floor":44,"gold_loss":0,"cards_obtained":["Carnage"]}],"is_beta":false,"boss_relics":[{"not_picked":["Orrery","Runic Dome"],"picked":"Sozu"},{"not_picked":["Tiny House","Astrolabe"],"picked":"Empty Cage"}],"items_purged_floors":[20,48],"is_endless":false,"potions_floor_spawned":[1,11,16,18,19,30,33,35,42,45],"ascension_level":7}