{"gold_per_floor":[118,118,118,55,66,97,108,126,151,175,187,199,228,240,252,264],"floor_reached":16,"playtime":325,"items_purged":[],"score":102,"play_id":"e22bbb19-029d-41d3-a2cd-b213f3206fdd","local_time":"20190123085318","is_ascension_mode":false,"campfire_choices":[{"data":"Thunderclap","floor":12,"key":"SMITH"},{"floor":15,"key":"REST"}],"neow_cost":"NONE","seed_source_timestamp":0,"circlet_count":0,"master_deck":["Strike_R","Strike_R","Strike_R","Strike_R","Strike_R","Defend_R","Defend_R","Defend_R","Defend_R","Bash","Sever Soul+1","Spot Weakness","Shrug It Off","Thunderclap+1","Inflame"],"special_seed":0,"relics":["Lizard Tail","Dream Catcher","Ancient Tea Set","MawBank"],"potions_floor_usage":[],"damage_taken":[{"damage":15,"enemies":"Jaw Worm","floor":1,"turns":5},{"damage":1,"enemies":"Cultist","floor":5,"turns":3},{"damage":28,"enemies":"Gremlin Nob","floor":6,"turns":4},{"damage":0,"enemies":"2 Louse","floor":7,"turns":2},{"damage":4,"enemies":"Looter","floor":8,"turns":4},{"damage":10,"enemies":"3 Louse","floor":10,"turns":4},{"damage":11,"enemies":"Red Slaver","floor":13,"turns":3},{"damage":0,"enemies":"Slime Boss","floor":16,"turns":1}],"seed_played":"1250033201846797615","potions_obtained":[{"floor":6,"key":"Weak Potion"},{"floor":13,"key":"Regen Potion"}],"is_trial":false,"path_per_floor":["?","?","M"],"character_chosen":"IRONCLAD","items_purchased":[],"campfire_rested":1,"item_purchase_floors":[],"current_hp_per_floor":[65,65,65,65,64,36,36,32,32,22,22,22,11,11,35,35],"gold":264,"neow_bonus":"BOSS_RELIC","is_prod":false,"is_daily":false,"chose_seed":false,"campfire_upgraded":1,"win_rate":0,"timestamp":1548262398,"path_taken":["M","?","$","?","M","E","M","?","T","M","$","R","M","$","R","BOSS"],"build_version":"2019-01-23","purchased_purges":0,"victory":false,"max_hp_per_floor":[80,80,80,80,80,80,80,80,80,80,80,80,80,80,80,80],"card_choices":[{"not_picked":["Pommel Strike","Clash"],"picked":"Sever Soul","floor":1},{"not_picked":["Seeing Red","Thunderclap","Burning Pact"],"picked":"SKIP","floor":5},{"not_picked":["Double Tap","Entrench"],"picked":"Spot Weakness","floor":6},{"not_picked":["Disarm","Whirlwind"],"picked":"Shrug It Off","floor":7},{"not_picked":["Evolve","Armaments"],"picked":"Thunderclap","floor":8},{"not_picked":["Pummel","Heavy Blade","Carnage"],"picked":"SKIP","floor":10},{"not_picked":["Pommel Strike","Shrug It Off"],"picked":"Inflame","floor":13}],"player_experience":285260,"relics_obtained":[{"floor":6,"key":"Ancient Tea Set"},{"floor":9,"key":"MawBank"}],"event_choices":[{"damage_healed":0,"gold_gain":0,"player_choice":"Grow","damage_taken":0,"max_hp_gain":0,"max_hp_loss":0,"event_name":"Living Wall","floor":2,"gold_loss":0,"cards_upgraded":["Sever Soul"]},{"damage_healed":0,"gold_gain":0,"player_choice":"Paid Gold","damage_taken":0,"relics_obtained":["Dream Catcher"],"max_hp_gain":0,"max_hp_loss":0,"event_name":"WeMeetAgain","floor":4,"gold_loss":63}],"is_beta":false,"boss_relics":[],"items_purged_floors":[],"is_endless":false,"potions_floor_spawned":[6,13],"killed_by":"Slime Boss","ascension_level":0}