{"gold_per_floor":[112,126,201,151,161,190,14,44,44,44,44,63,92,110,110,212,212,222,248,261,261,281,281,316,71,71,2,13,27,27,45,45,150,150,165,178,231,281,281,281,310,321,321,321,8,8,8,40,40,40],"floor_reached":51,"playtime":7659,"items_purged":["Warcry"],"score":768,"play_id":"b771ec42-de6a-448c-8784-a6a8f26eb382","local_time":"20180727061901","is_ascension_mode":false,"campfire_choices":[{"data":"Strike_R","floor":15.0,"key":"PURGE"},{"floor":23.0,"key":"REST"},{"floor":30.0,"key":"REST"},{"data":"Defend_R","floor":32.0,"key":"PURGE"},{"data":"Strike_R","floor":40,"key":"PURGE"},{"data":"Strike_R","floor":44,"key":"PURGE"},{"data":"Defend_R","floor":46,"key":"PURGE"},{"data":"Strike_R","floor":49,"key":"PURGE"}],"neow_cost":"CURSE","seed_source_timestamp":0,"circlet_count":0,"master_deck":["Defend_R","Bash+1","Reaper","Inflame","Twin Strike","Demon Form","Violence+1","Power Through","Armaments","Shrug It Off","Limit Break","Power Through","Heavy Blade+1","Shrug It Off","Intimidate+1","Seeing Red","Heavy Blade+1","True Grit+1","Flame Barrier","Exhume","Pummel+1","Disarm","Intimidate+1","Impervious","Armaments","Pommel Strike+1","Demon Form","Shrug It Off"],"special_seed":0,"relics":["Burning Blood","Blue Candle","Charon\u0027s Ashes","Mango","Peace Pipe","Fusion Hammer","Red Mask","Lantern","Mummified Hand","Molten Egg 2","Busted Crown","StoneCalendar","Ancient Tea Set","Paper Frog","Bird Faced Urn","DollysMirror","Orichalcum"],"potions_floor_usage":[37,50],"damage_taken":[{"damage":6.0,"enemies":"Jaw Worm","floor":1.0,"turns":3.0},{"damage":5.0,"enemies":"Small Slimes","floor":2.0,"turns":4.0},{"damage":1.0,"enemies":"Cultist","floor":5.0,"turns":3.0},{"damage":16.0,"enemies":"Lagavulin","floor":6.0,"turns":5.0},{"damage":20.0,"enemies":"Gremlin Nob","floor":8.0,"turns":4.0},{"damage":16.0,"enemies":"Blue Slaver","floor":12.0,"turns":4.0},{"damage":18.0,"enemies":"Lagavulin","floor":13.0,"turns":4.0},{"damage":19.0,"enemies":"3 Louse","floor":14.0,"turns":2.0},{"damage":60.0,"enemies":"The Guardian","floor":16.0,"turns":11.0},{"damage":17.0,"enemies":"Spheric Guardian","floor":18.0,"turns":5.0},{"damage":71.0,"floor":19.0,"turns":6.0},{"damage":34.0,"enemies":"Shell Parasite","floor":20.0,"turns":7.0},{"damage":14.0,"enemies":"Sentry and Sphere","floor":22.0,"turns":5.0},{"damage":25.0,"enemies":"Slavers","floor":24.0,"turns":8.0},{"damage":16.0,"enemies":"Snake Plant","floor":28.0,"turns":4.0},{"damage":0.0,"enemies":"Snecko","floor":29.0,"turns":4.0},{"damage":4.0,"enemies":"3 Cultists","floor":31.0,"turns":5.0},{"damage":6.0,"enemies":"Champ","floor":33.0,"turns":8.0},{"damage":5,"enemies":"Orb Walker","floor":35,"turns":3},{"damage":7,"enemies":"3 Shapes","floor":36,"turns":5},{"damage":23,"floor":37,"turns":5},{"damage":16,"enemies":"2 Orb Walkers","floor":41,"turns":6},{"damage":0,"enemies":"Maw","floor":42,"turns":7},{"damage":0,"enemies":"Giant Head","floor":48,"turns":5},{"damage":65,"enemies":"Donu and Deca","floor":50,"turns":11}],"seed_played":"1144197387268732584","potions_obtained":[{"floor":1.0,"key":"Strength Potion"},{"floor":2.0,"key":"Weak Potion"},{"floor":6.0,"key":"Ancient Potion"},{"floor":12.0,"key":"Strength Potion"},{"floor":28.0,"key":"AttackPotion"},{"floor":29.0,"key":"FearPotion"},{"floor":33.0,"key":"AttackPotion"},{"floor":48,"key":"Strength Potion"}],"is_trial":false,"path_per_floor":["M","M","?","?","M","E","$","E","T","?","?","M","E","M","R","B",null,"M","?","M","?","M","R","E","$","T","$","M","M","R","M","R","B",null,"M","M","?","T","?","R","E","M","T","R","$","R","?","E","R","B"],"character_chosen":"IRONCLAD","items_purchased":["Violence","Mummified Hand","Seeing Red","DollysMirror","Shrug It Off"],"campfire_rested":2,"item_purchase_floors":[7,25,27,45,45],"current_hp_per_floor":[80,80,69,69,79,69,69,55,69,50,50,46,49,63,63,37,94,83,45,35,16,8,37,30,30,30,30,20,32,61,79,79,79,99,99,98,90,90,90,90,90,96,96,96,96,96,96,99,99,99],"gold":40,"neow_bonus":"THREE_RARE_CARDS","is_prod":false,"is_daily":false,"chose_seed":false,"campfire_upgraded":0,"win_rate":0,"timestamp":1532686741,"path_taken":["M","M","?","?","?","E","$","E","T","?","?","M","E","M","R","BOSS","M","?","M","?","M","R","E","?","T","$","M","?","R","M","R","BOSS","M","?","?","?","?","R","E","M","T","R","$","R","?","E","R","BOSS"],"build_version":"2018-07-26","purchased_purges":1,"victory":true,"max_hp_per_floor":[80,80,80,80,80,80,80,80,94,94,94,94,94,94,94,94,94,94,94,94,99,99,99,99,99,99,99,99,99,99,99,99,99,99,99,99,99,99,99,99,99,99,99,99,99,99,99,99,99,99],"card_choices":[{"not_picked":["Berserk","Double Tap"],"picked":"Reaper","floor":0.0},{"not_picked":["Uppercut","Wild Strike"],"picked":"Inflame","floor":1.0},{"not_picked":["Body Slam","Iron Wave"],"picked":"Twin Strike","floor":2.0},{"not_picked":["Dual Wield","Rage","Perfected Strike"],"picked":"SKIP","floor":5.0},{"not_picked":["Pommel Strike","Dark Embrace"],"picked":"Demon Form","floor":6.0},{"not_picked":["Body Slam","Fire Breathing","Combust"],"picked":"SKIP","floor":8.0},{"not_picked":["Body Slam","Carnage"],"picked":"Power Through","floor":12.0},{"not_picked":["Reckless Charge","Havoc"],"picked":"Armaments","floor":13.0},{"not_picked":["Thunderclap","Dual Wield"],"picked":"Shrug It Off","floor":14.0},{"not_picked":["Immolate","Juggernaut"],"picked":"Limit Break","floor":16.0},{"not_picked":["Sword Boomerang","Thunderclap"],"picked":"Power Through","floor":18.0},{"not_picked":["Dual Wield+1","Iron Wave"],"picked":"Heavy Blade+1","floor":19.0},{"not_picked":["Cleave","Rampage"],"picked":"Shrug It Off","floor":20.0},{"not_picked":["Havoc","Headbutt"],"picked":"Intimidate+1","floor":22.0},{"not_picked":["Havoc","Evolve","Juggernaut"],"picked":"SKIP","floor":24.0},{"not_picked":["Clash+1","True Grit"],"picked":"Heavy Blade+1","floor":28.0},{"not_picked":["Rampage+1","Heavy Blade+1"],"picked":"True Grit+1","floor":29.0},{"not_picked":["Combust","Cleave+1"],"picked":"Flame Barrier","floor":31.0},{"not_picked":["Dark Embrace","Barricade"],"picked":"Exhume","floor":33.0},{"not_picked":[],"picked":"Pummel+1","floor":35},{"not_picked":[],"picked":"Disarm","floor":36},{"not_picked":[],"picked":"Intimidate+1","floor":37},{"not_picked":[],"picked":"Warcry","floor":41},{"not_picked":[],"picked":"Pommel Strike+1","floor":42},{"not_picked":["Perfected Strike+1"],"picked":"SKIP","floor":48}],"player_experience":129662,"relics_obtained":[{"floor":6.0,"key":"Blue Candle"},{"floor":8.0,"key":"Charon\u0027s Ashes"},{"floor":9.0,"key":"Mango"},{"floor":13.0,"key":"Peace Pipe"},{"floor":19.0,"key":"Red Mask"},{"floor":24.0,"key":"Lantern"},{"floor":26.0,"key":"Molten Egg 2"},{"floor":37,"key":"StoneCalendar"},{"floor":38,"key":"Ancient Tea Set"},{"floor":41,"key":"Paper Frog"},{"floor":43,"key":"Bird Faced Urn"},{"floor":48,"key":"Orichalcum"}],"event_choices":[{"event_name":"World of Goop","player_choice":"Gather Gold","floor":3.0,"damage_taken":0.0},{"event_name":"The Cleric","player_choice":"Card Removal","floor":4.0,"damage_taken":0.0},{"event_name":"Shining Light","player_choice":"Entered Light","floor":10.0,"damage_taken":0.0},{"event_name":"Bonfire Elementals","player_choice":"BASIC","floor":11.0,"damage_taken":0.0},{"event_name":"Masked Bandits","player_choice":"Fought over 222 gold","floor":19.0,"damage_taken":0.0},{"event_name":"Forgotten Altar","player_choice":"Shed Blood","floor":21.0,"damage_taken":0.0},{"event_name":"Mysterious Sphere","player_choice":"Fight","floor":37,"damage_taken":0},{"event_name":"Match and Keep!","player_choice":"2 cards matched","floor":39,"damage_taken":0},{"event_name":"Purifier","player_choice":"One Purge","floor":47,"damage_taken":0}],"is_beta":true,"boss_relics":[{"not_picked":["Runic Dome","Runic Pyramid"],"picked":"Fusion Hammer"},{"not_picked":["Orrery","Snecko Eye"],"picked":"Busted Crown"}],"items_purged_floors":[45],"is_endless":false,"potions_floor_spawned":[1,2,6,12,28,29,33,48],"ascension_level":0}