{"gold_per_floor":[112,112,112,126,150,186,204,63,63,63,87,102,102,138,138,261,261,277,202,223,237,45,45,45,45],"floor_reached":25,"playtime":1119,"items_purged":[],"score":284,"play_id":"d33078d0-83c3-4c0f-b06c-910e35d4c47d","local_time":"20180821133733","is_ascension_mode":true,"campfire_choices":[{"floor":10,"key":"REST"},{"floor":13,"key":"REST"},{"data":"Sunder","floor":15,"key":"SMITH"},{"floor":23,"key":"REST"}],"neow_cost":"NONE","seed_source_timestamp":389320600090800,"circlet_count":0,"master_deck":["Zap","Dualcast","Sunder+1","Darkness","Go for the Eyes","Stack","Conserve Battery","Redo","Enlightenment","Redo","Stack","Ball Lightning","Stack","Rainbow","Cold Snap","Glacier","Capacitor+1","Stack","Ball Lightning","FTL","Ball Lightning","Coolheaded","Turbo","Self Repair+1","Ball Lightning"],"relics":["Cracked Core","Golden Idol","Strawberry","Turnip","Frozen Egg 2","Lantern","Pandora\u0027s Box","Blood Vial","Matryoshka"],"potions_floor_usage":[12,14,16,16,25],"damage_taken":[{"damage":2,"enemies":"Jaw Worm","floor":1,"turns":3},{"damage":1,"enemies":"2 Louse","floor":4,"turns":2},{"damage":10,"enemies":"Small Slimes","floor":5,"turns":3},{"damage":13,"enemies":"Lagavulin","floor":6,"turns":7},{"damage":6,"enemies":"Exordium Thugs","floor":7,"turns":4},{"damage":12,"enemies":"Lots of Slimes","floor":11,"turns":3},{"damage":5,"enemies":"Red Slaver","floor":12,"turns":3},{"damage":9,"enemies":"3 Sentries","floor":14,"turns":6},{"damage":46,"enemies":"Hexaghost","floor":16,"turns":9},{"damage":11,"enemies":"Spheric Guardian","floor":18,"turns":4},{"damage":11,"enemies":"3 Byrds","floor":20,"turns":4},{"damage":33,"enemies":"Centurion and Healer","floor":21,"turns":6},{"damage":62,"enemies":"Gremlin Leader","floor":25,"turns":5}],"seed_played":"-1597418144355472900","potions_obtained":[{"floor":1,"key":"Weak Potion"},{"floor":4,"key":"AttackPotion"},{"floor":6,"key":"LiquidBronze"},{"floor":12,"key":"Energy Potion"},{"floor":18,"key":"Dexterity Potion"},{"floor":20,"key":"FearPotion"}],"is_trial":false,"path_per_floor":["M","?","?","M","M","E","M","$","T","R","M","M","R","E","R","B",null,"M","?","M","M","$","R","?"],"character_chosen":"DEFECT","items_purchased":["Enlightenment","Redo","Blood Vial","Ball Lightning"],"campfire_rested":3,"item_purchase_floors":[8,8,22,22],"current_hp_per_floor":[73,73,68,67,57,44,38,38,38,62,50,45,69,60,60,14,82,71,71,60,27,27,51,51,0],"gold":45,"neow_bonus":"TRANSFORM_CARD","is_prod":false,"is_daily":false,"chose_seed":false,"campfire_upgraded":1,"win_rate":0,"timestamp":1534880253,"path_taken":["M","?","?","M","?","E","M","$","T","R","M","?","R","E","R","BOSS","M","?","M","M","$","R","?","E"],"build_version":"2018-08-16","purchased_purges":0,"victory":false,"max_hp_per_floor":[75,75,82,82,82,82,82,82,82,82,82,82,82,82,82,82,82,82,82,82,82,82,82,82,82],"card_choices":[{"not_picked":["Streamline","Auto Shields"],"picked":"Darkness","floor":1},{"not_picked":["Gash","Sweeping Beam"],"picked":"Go for the Eyes","floor":4},{"not_picked":["Doom and Gloom","Rebound"],"picked":"Stack","floor":5},{"not_picked":["Stack","Consume"],"picked":"Conserve Battery","floor":6},{"not_picked":["FTL","Double Energy"],"picked":"Redo","floor":7},{"not_picked":["Turbo","Reboot"],"picked":"Stack","floor":11},{"not_picked":["Reprogram","Coolheaded"],"picked":"Ball Lightning","floor":12},{"not_picked":["Conserve Battery","All For One"],"picked":"Stack","floor":14},{"not_picked":["Biased Cognition+1","Thunder Strike"],"picked":"Rainbow","floor":16},{"not_picked":["Go for the Eyes","Redo"],"picked":"Coolheaded","floor":18},{"not_picked":["FTL","White Noise"],"picked":"Turbo","floor":20},{"not_picked":["Cold Snap","Force Field"],"picked":"Self Repair+1","floor":21}],"player_experience":289593,"relics_obtained":[{"floor":6,"key":"Turnip"},{"floor":9,"key":"Frozen Egg 2"},{"floor":14,"key":"Lantern"}],"event_choices":[{"event_name":"Golden Idol","player_choice":"Take Wound","floor":2,"damage_taken":0},{"event_name":"Scrap Ooze","player_choice":"success","floor":3,"damage_taken":12},{"event_name":"Beggar","player_choice":"Gave Gold","floor":19,"damage_taken":0},{"event_name":"The Mausoleum","player_choice":"Yes","floor":24,"damage_taken":0}],"is_beta":false,"boss_relics":[{"not_picked":["Empty Cage","Fusion Hammer"],"picked":"Pandora\u0027s Box"}],"items_purged_floors":[],"is_endless":false,"potions_floor_spawned":[1,4,6,12,18,20],"killed_by":"Gremlin Leader","ascension_level":2}