{"gold_per_floor":[109,129,129,139,89,124,124,134,188,198,211,211,236,262,262,333,333,352,254,274,274,294,294],"floor_reached":23,"playtime":643,"items_purged":[],"score":376,"play_id":"e74b03cb-1d83-42d1-b4cd-33cfa89b6d83","local_time":"20181018212604","is_ascension_mode":true,"campfire_choices":[{"floor":7.0,"key":"REST"},{"floor":12.0,"key":"REST"},{"data":"Skewer","floor":15.0,"key":"SMITH"}],"neow_cost":"NONE","seed_source_timestamp":46294492422117,"circlet_count":0,"master_deck":["Defend_G","Defend_G","Defend_G","Defend_G","Defend_G+1","Strike_G","Strike_G","Strike_G","Strike_G","Strike_G","Survivor","Neutralize","AscendersBane","Skewer+1","Backstab+1","Escape Plan","Dagger Spray","Quick Slash","Footwork","Concentrate","Blade Dance","Die Die Die","Tactician","Outmaneuver","Choke","Writhe","Skewer"],"special_seed":0,"relics":["Ring of the Snake","NeowsBlessing","Regal Pillow","Tiny Chest","PreservedInsect","Blood Vial","Black Star","Snake Skull"],"potions_floor_usage":[22,23],"damage_taken":[{"damage":0.0,"enemies":"Cultist","floor":1.0,"turns":1.0},{"damage":0.0,"enemies":"2 Louse","floor":2.0,"turns":1.0},{"damage":0.0,"enemies":"Jaw Worm","floor":4.0,"turns":1.0},{"damage":39.0,"enemies":"Lagavulin","floor":6.0,"turns":7.0},{"damage":8.0,"enemies":"Blue Slaver","floor":8.0,"turns":2.0},{"damage":0.0,"enemies":"3 Louse","floor":10.0,"turns":3.0},{"damage":16.0,"enemies":"Exordium Thugs","floor":11.0,"turns":5.0},{"damage":0.0,"enemies":"3 Sentries","floor":14.0,"turns":3.0},{"damage":8.0,"enemies":"Slime Boss","floor":16.0,"turns":11.0},{"damage":15.0,"enemies":"Chosen","floor":18.0,"turns":5.0},{"damage":6.0,"enemies":"Spheric Guardian","floor":20.0,"turns":3.0},{"damage":24,"enemies":"Snake Plant","floor":22,"turns":3},{"damage":30,"enemies":"Book of Stabbing","floor":23,"turns":4}],"seed_played":"-3775645698128020214","potions_obtained":[{"floor":4.0,"key":"Weak Potion"},{"floor":6.0,"key":"Explosive Potion"},{"floor":8.0,"key":"LiquidBronze"},{"floor":11.0,"key":"Fire Potion"},{"floor":16.0,"key":"FearPotion"}],"is_trial":false,"path_per_floor":["M","M","?","M","$","E","R","M","T","M","M","R","T","E","R","B",null,"M","$","M","?","M"],"character_chosen":"THE_SILENT","items_purchased":["Dagger Spray","Outmaneuver","Energy Potion"],"campfire_rested":2,"item_purchase_floors":[5,19,19],"current_hp_per_floor":[63,63,49,49,49,10,46,38,38,38,22,58,58,58,58,52,66,53,53,49,49,27,0],"gold":294,"neow_bonus":"THREE_ENEMY_KILL","is_prod":false,"is_daily":false,"chose_seed":false,"campfire_upgraded":1,"win_rate":0,"timestamp":1539912364,"path_taken":["M","?","?","M","$","E","R","M","T","M","M","R","?","E","R","BOSS","M","$","M","?","?","E"],"build_version":"2018-10-18","purchased_purges":0,"victory":false,"max_hp_per_floor":[70,70,70,70,70,70,70,70,70,70,70,70,70,70,70,70,70,70,70,70,70,70,70],"card_choices":[{"not_picked":["Dodge and Roll","Predator"],"picked":"Skewer","floor":1.0},{"not_picked":["Slice","Endless Agony"],"picked":"Backstab","floor":2.0},{"not_picked":["PiercingWail","Eviscerate"],"picked":"Escape Plan","floor":4.0},{"not_picked":["Riddle With Holes","Doppelganger"],"picked":"Quick Slash","floor":6.0},{"not_picked":["Dagger Throw","Quick Slash"],"picked":"Footwork","floor":8.0},{"not_picked":["Dodge and Roll","Calculated Gamble"],"picked":"Concentrate","floor":10.0},{"not_picked":["Tactician","Poisoned Stab"],"picked":"Blade Dance","floor":11.0},{"not_picked":["Phantasmal Killer","Bane","Deadly Poison"],"picked":"SKIP","floor":14.0},{"not_picked":["Bullet Time","Storm of Steel"],"picked":"Die Die Die","floor":16.0},{"not_picked":["Prepared","Underhanded Strike+1"],"picked":"Tactician","floor":18.0},{"not_picked":["Bane","Concentrate"],"picked":"Choke","floor":20.0},{"not_picked":["Cloak And Dagger","Blade Dance+1"],"picked":"Skewer","floor":22}],"player_experience":368951,"relics_obtained":[{"floor":6.0,"key":"Regal Pillow"},{"floor":9.0,"key":"Tiny Chest"},{"floor":13.0,"key":"PreservedInsect"},{"floor":14.0,"key":"Blood Vial"}],"event_choices":[{"damage_healed":0.0,"max_hp_gain":0.0,"max_hp_loss":0.0,"gold_gain":0.0,"event_name":"Shining Light","player_choice":"Entered Light","floor":3.0,"gold_loss":0.0,"damage_taken":14.0,"cards_upgraded":["Backstab","Defend_G"]},{"damage_healed":0.0,"max_hp_gain":0.0,"max_hp_loss":0.0,"gold_gain":0.0,"event_name":"The Mausoleum","player_choice":"Opened","floor":21.0,"gold_loss":0.0,"damage_taken":0.0,"relics_obtained":["Snake Skull"],"cards_obtained":["Writhe"]}],"is_beta":true,"boss_relics":[{"not_picked":["Ring of the Serpent","Philosopher\u0027s Stone"],"picked":"Black Star"}],"items_purged_floors":[],"is_endless":false,"potions_floor_spawned":[4,6,8,11,16,20],"killed_by":"Book of Stabbing","ascension_level":13}