{"gold_per_floor":[114,114,129,129,148,198,229,260,272,303,353,384,415,446,458,595,607,638,650,677,689,716,758,770,842,879,906,24,39,21,21,21,121,121,136,0,15,15,30,30],"floor_reached":40,"playtime":2637,"items_purged":[],"score":594,"play_id":"2e8116e6-f6f3-4047-ae26-742dc2653bae","local_time":"20180731185553","daily_mods":["Insanity","Night Terrors","Vintage"],"is_ascension_mode":false,"campfire_choices":[{"floor":15,"key":"REST"},{"data":"Defragment","floor":24,"key":"SMITH"},{"data":"Redo","floor":32,"key":"SMITH"}],"neow_cost":"","seed_source_timestamp":431973962804587,"circlet_count":0,"master_deck":["All For One","BootSequence","Coolheaded","Gash","Fission+1","Zap","Doom and Gloom+1","Double Energy","Rip and Tear","Sunder","Blizzard","Echo Form","Turbo","Defend_B","Genetic Algorithm","Lockon+1","Hello World","Melter","White Noise+1","Doom and Gloom","Rainbow","Static Discharge","Lockon","Rainbow","Machine Learning","Strike_B","Compile Driver","Aggregate","Defragment+1","Loop","Rebound","Multi-Cast","Auto Shields","Rip and Tear","Rainbow","Ball Lightning","Ball Lightning","Static Discharge","Hello World","Storm","Self Repair","Heatsinks","Blizzard","Conserve Battery","Rainbow","Compile Driver","Dualcast","Cold Snap","FTL","Redo+1","Melter","Reboot+1","Reprogram+1","Stack+1","Capacitor","Stack+1","Darkness+1","Redo+1","Cold Snap","Seek+1","Beam Cell+1"],"special_seed":17744,"relics":["Cracked Core","Matryoshka","Nunchaku","Bloody Idol","MawBank","Dream Catcher","Shuriken","Strawberry","Bronze Scales","Ornamental Fan","The Courier","Potion Belt","Lantern","Question Card","Pear","Toxic Egg 2","Empty Cage","War Paint","Whetstone","Regal Pillow","Blood Vial","Happy Flower","Tiny Chest","Smiling Mask","Bag of Preparation","Symbiotic Virus","Bag of Marbles","Mercury Hourglass","Boot","Meat on the Bone","DataDisk","Juzu Bracelet","Centennial Puzzle","Red Mask","Vajra","Incense Burner","Ancient Tea Set"],"potions_floor_usage":[6,11,12,14,16,25,25,33,33,33,38,40],"damage_taken":[{"damage":7,"enemies":"Small Slimes","floor":1,"turns":4},{"damage":0,"enemies":"Jaw Worm","floor":3,"turns":2},{"damage":0,"enemies":"Cultist","floor":5,"turns":2},{"damage":1,"enemies":"3 Sentries","floor":6,"turns":6},{"damage":11,"enemies":"Lots of Slimes","floor":7,"turns":2},{"damage":5,"enemies":"Looter","floor":8,"turns":3},{"damage":0,"enemies":"Exordium Wildlife","floor":10,"turns":2},{"damage":49,"enemies":"Gremlin Nob","floor":11,"turns":5},{"damage":0,"enemies":"Exordium Thugs","floor":12,"turns":3},{"damage":0,"enemies":"Looter","floor":13,"turns":2},{"damage":0,"enemies":"2 Fungi Beasts","floor":14,"turns":2},{"damage":30,"enemies":"The Guardian","floor":16,"turns":9},{"damage":10,"enemies":"Shell Parasite","floor":18,"turns":3},{"damage":23,"enemies":"2 Thieves","floor":20,"turns":4},{"damage":21,"enemies":"Snake Plant","floor":22,"turns":4},{"damage":30,"enemies":"Book of Stabbing","floor":23,"turns":4},{"damage":30,"enemies":"Gremlin Leader","floor":25,"turns":6},{"damage":16,"enemies":"Cultist and Chosen","floor":27,"turns":5},{"damage":0,"enemies":"3 Cultists","floor":29,"turns":3},{"damage":61,"enemies":"Champ","floor":33,"turns":8},{"damage":16,"enemies":"3 Darklings","floor":35,"turns":3},{"damage":0,"enemies":"Orb Walker","floor":37,"turns":3},{"damage":19,"floor":38,"turns":5},{"damage":56,"enemies":"Flame Bruiser 2 Orb","floor":39,"turns":6},{"damage":80,"enemies":"Nemesis","floor":40,"turns":5}],"seed_played":"6799586838915861178","potions_obtained":[{"floor":5,"key":"SkillPotion"},{"floor":8,"key":"Explosive Potion"},{"floor":10,"key":"GamblersBrew"},{"floor":12,"key":"Explosive Potion"},{"floor":13,"key":"Fire Potion"},{"floor":16,"key":"Dexterity Potion"},{"floor":18,"key":"FearPotion"},{"floor":22,"key":"FocusPotion"},{"floor":25,"key":"Fire Potion"},{"floor":29,"key":"FearPotion"},{"floor":33,"key":"SpeedPotion"},{"floor":35,"key":"Poison Potion"},{"floor":39,"key":"Fire Potion"}],"is_trial":false,"path_per_floor":["M","?","M","?","M","E","M","M","T","M","E","M","M","M","R","B",null,"M","?","M","?","M","E","R","E","T","M","$","M","$","?","R","B",null,"M","?","M","?","M"],"character_chosen":"DEFECT","items_purchased":["Bag of Marbles","Mercury Hourglass","Capacitor","Stack+1","Darkness+1","Redo+1","Boot","Meat on the Bone","Cold Snap"],"campfire_rested":1,"item_purchase_floors":[28,28,28,28,28,28,28,28,30],"current_hp_per_floor":[75,68,75,75,75,75,64,66,66,66,24,24,24,34,87,64,87,84,84,74,79,68,50,55,42,52,55,60,67,67,67,67,32,87,76,76,87,75,45,0],"gold":30,"neow_bonus":"","is_prod":false,"is_daily":true,"chose_seed":false,"campfire_upgraded":2,"win_rate":0,"timestamp":1533084953,"path_taken":["M","?","M","?","M","E","M","M","T","M","E","?","M","?","R","BOSS","M","?","M","?","M","E","R","E","T","M","$","M","$","?","R","BOSS","M","?","M","?","M","E"],"build_version":"2018-07-26","purchased_purges":0,"victory":false,"max_hp_per_floor":[75,75,75,75,75,75,75,82,82,82,82,82,82,92,87,87,87,87,87,87,87,87,87,87,87,87,87,87,87,87,87,87,87,87,87,87,87,87,87,87],"card_choices":[{"not_picked":["Hologram","Steam Power"],"picked":"FTL","floor":6},{"not_picked":["Leap","Creative AI"],"picked":"Redo","floor":11},{"not_picked":["Streamline","Sunder","Loop"],"picked":"Melter","floor":15},{"not_picked":["Electrodynamics","Multi-Cast","Meteor Strike"],"picked":"Reboot","floor":16},{"not_picked":["Echo Form","Beam Cell","Blizzard"],"picked":"Reprogram+1","floor":23},{"not_picked":["Cold Snap+1","Rainbow+1","Chaos+1"],"picked":"Stack+1","floor":25},{"not_picked":["Meteor Strike","Reboot+1","Multi-Cast+1"],"picked":"Seek+1","floor":33},{"not_picked":["Doom and Gloom","Compile Driver","Steam+1"],"picked":"Beam Cell+1","floor":38}],"player_experience":137421,"relics_obtained":[{"floor":1,"key":"Matryoshka"},{"floor":3,"key":"Nunchaku"},{"floor":5,"key":"MawBank"},{"floor":6,"key":"Dream Catcher"},{"floor":7,"key":"Shuriken"},{"floor":8,"key":"Strawberry"},{"floor":9,"key":"Bronze Scales"},{"floor":9,"key":"Ornamental Fan"},{"floor":10,"key":"The Courier"},{"floor":11,"key":"Potion Belt"},{"floor":12,"key":"Lantern"},{"floor":13,"key":"Question Card"},{"floor":14,"key":"Pear"},{"floor":16,"key":"Toxic Egg 2"},{"floor":18,"key":"War Paint"},{"floor":20,"key":"Whetstone"},{"floor":22,"key":"Blood Vial"},{"floor":23,"key":"Happy Flower"},{"floor":25,"key":"Tiny Chest"},{"floor":26,"key":"Smiling Mask"},{"floor":26,"key":"Bag of Preparation"},{"floor":27,"key":"Symbiotic Virus"},{"floor":29,"key":"DataDisk"},{"floor":33,"key":"Juzu Bracelet"},{"floor":35,"key":"Centennial Puzzle"},{"floor":37,"key":"Vajra"},{"floor":38,"key":"Incense Burner"},{"floor":39,"key":"Ancient Tea Set"}],"event_choices":[{"event_name":"Golden Wing","player_choice":"Card Removal","floor":2,"damage_taken":0},{"event_name":"Golden Idol","player_choice":"Take Wound","floor":4,"damage_taken":0},{"event_name":"Forgotten Altar","player_choice":"Gave Idol","floor":19,"damage_taken":0},{"event_name":"The Mausoleum","player_choice":"Yes","floor":21,"damage_taken":0},{"event_name":"Addict","player_choice":"Ignored","floor":31,"damage_taken":0},{"event_name":"Tomb of Lord Red Mask","player_choice":"Paid","floor":36,"damage_taken":0},{"event_name":"MindBloom","player_choice":"Fight","floor":38,"damage_taken":0}],"is_beta":false,"boss_relics":[{"not_picked":["Black Star","White Beast Statue"],"picked":"Empty Cage"},{"not_picked":["Fusion Hammer","Runic Dome","Sozu"]}],"items_purged_floors":[],"is_endless":false,"potions_floor_spawned":[5,8,10,12,13,16,18,22,25,29,33,35,39],"killed_by":"Nemesis","ascension_level":0}