{"gold_per_floor":[117,117,117,132,151,178,241,241,291,306,322,356,366,377,377,473,473,490,510,141,158,158,184,253,193,193,211,211,244,244,256,256,357,357,376,376,391,391,443,443,475,475,475,0,28,28,60,60,60,60],"floor_reached":50,"playtime":2196,"items_purged":[],"score":879,"play_id":"71c14c46-d555-4ada-8fe9-0bfb9f475e2d","local_time":"20180916114423","is_ascension_mode":true,"campfire_choices":[{"floor":8,"key":"REST"},{"floor":15,"key":"REST"},{"floor":28,"key":"REST"},{"data":"Armaments","floor":30,"key":"SMITH"},{"data":"Demon Form","floor":32,"key":"SMITH"},{"data":"True Grit","floor":40,"key":"SMITH"},{"data":"Shrug It Off","floor":42,"key":"SMITH"},{"floor":46,"key":"REST"},{"data":"Barricade","floor":49,"key":"SMITH"}],"neow_cost":"NONE","seed_source_timestamp":236142956948605,"circlet_count":0,"master_deck":["Strike_R","Strike_R","Defend_R","Defend_R","Defend_R","Defend_R","Bash","Bludgeon","Cleave","Cleave","Pommel Strike","Barricade+1","Twin Strike","True Grit","Power Through","Sword Boomerang","Demon Form+1","Immolate","Body Slam+1","Heavy Blade","Power Through","Seeing Red","Body Slam","True Grit+1","Armaments+1","Carnage+1","Injury","Metallicize","Double Tap","Clumsy","Armaments+1","Disarm","Dropkick+1","Juggernaut","Writhe","Decay","Shame","True Grit+1","Body Slam","Warcry","Shrug It Off+1","Parasite","Flex+1","Regret"],"relics":["Burning Blood","Oddly Smooth Stone","Bronze Scales","Smiling Mask","Cursed Key","DollysMirror","Torii","Bag of Marbles","Sundial","Happy Flower","Champion Belt","Calling Bell","Orichalcum","Singing Bowl","Gambling Chip","Question Card","Du-Vu Doll","Pocketwatch","Kunai","Mercury Hourglass","Red Mask","The Courier","Red Skull","Pantograph"],"potions_floor_usage":[6,6,11,13,16,23,23,31,37,41,47,50],"damage_taken":[{"damage":12,"enemies":"Jaw Worm","floor":1,"turns":2},{"damage":0,"enemies":"Cultist","floor":4,"turns":2},{"damage":0,"enemies":"Small Slimes","floor":5,"turns":2},{"damage":49,"enemies":"Gremlin Nob","floor":6,"turns":4},{"damage":11,"enemies":"Looter","floor":10,"turns":3},{"damage":13,"enemies":"Blue Slaver","floor":11,"turns":2},{"damage":13,"enemies":"Lagavulin","floor":12,"turns":9},{"damage":8,"enemies":"Large Slime","floor":13,"turns":4},{"damage":11,"enemies":"2 Fungi Beasts","floor":14,"turns":3},{"damage":24,"enemies":"Hexaghost","floor":16,"turns":10},{"damage":0,"enemies":"3 Byrds","floor":18,"turns":3},{"damage":18,"enemies":"2 Thieves","floor":19,"turns":3},{"damage":0,"enemies":"Chosen and Byrds","floor":21,"turns":6},{"damage":30,"enemies":"Book of Stabbing","floor":23,"turns":6},{"damage":15,"enemies":"Centurion and Healer","floor":27,"turns":6},{"damage":10,"enemies":"Gremlin Leader","floor":29,"turns":5},{"damage":7,"enemies":"Sentry and Sphere","floor":31,"turns":6},{"damage":52,"enemies":"Automaton","floor":33,"turns":9},{"damage":1,"enemies":"3 Shapes","floor":35,"turns":3},{"damage":30,"enemies":"3 Darklings","floor":37,"turns":5},{"damage":2,"enemies":"Mind Bloom Boss Battle","floor":38,"turns":6},{"damage":0,"enemies":"Mysterious Sphere","floor":39,"turns":2},{"damage":8,"enemies":"Nemesis","floor":41,"turns":7},{"damage":39,"enemies":"Giant Head","floor":45,"turns":7},{"damage":0,"enemies":"2 Orb Walkers","floor":47,"turns":3},{"damage":91,"enemies":"Donu and Deca","floor":50,"turns":5}],"seed_played":"7296998058319258289","potions_obtained":[{"floor":2,"key":"SmokeBomb"},{"floor":2,"key":"PowerPotion"},{"floor":2,"key":"SneckoOil"},{"floor":6,"key":"LiquidBronze"},{"floor":12,"key":"Explosive Potion"},{"floor":14,"key":"Block Potion"},{"floor":16,"key":"Dexterity Potion"},{"floor":21,"key":"Poison Potion"},{"floor":27,"key":"Explosive Potion"},{"floor":29,"key":"BloodPotion"},{"floor":39,"key":"Weak Potion"},{"floor":45,"key":"EssenceOfSteel"},{"floor":47,"key":"LiquidBronze"}],"is_trial":false,"path_per_floor":["M","?","?","M","M","E","?","R","T","M","M","E","M","M","R","B",null,"M","M","$","M","?","E","T","?","T","M","R","E","R","M","R","B",null,"M","?","M","?","?","R","E","R","T","?","E","R","E","T","R"],"character_chosen":"IRONCLAD","items_purchased":["DollysMirror","Seeing Red","Body Slam","True Grit"],"campfire_rested":4,"item_purchase_floors":[20,20,20,20],"current_hp_per_floor":[74,74,74,80,80,37,37,61,61,56,49,42,40,35,59,41,80,80,68,68,74,74,50,50,50,50,41,65,61,61,68,68,22,80,80,80,56,60,68,68,66,66,66,66,35,60,66,66,66,0],"gold":60,"neow_bonus":"ONE_RANDOM_RARE_CARD","is_prod":false,"is_daily":false,"chose_seed":false,"campfire_upgraded":5,"win_rate":0,"timestamp":1537119863,"path_taken":["M","?","?","M","M","E","?","R","T","?","M","E","M","M","R","BOSS","M","?","$","M","?","E","?","?","T","?","R","E","R","M","R","BOSS","M","?","M","?","?","R","E","R","T","?","E","R","E","?","R","BOSS"],"build_version":"2018-09-06","purchased_purges":0,"victory":false,"max_hp_per_floor":[80,80,80,80,80,80,80,80,80,80,80,80,80,80,80,80,80,80,80,80,80,80,80,80,80,80,80,80,80,80,80,80,80,80,80,80,80,80,82,82,82,82,82,82,84,84,84,84,84,84],"card_choices":[{"not_picked":["True Grit","Clash"],"picked":"Cleave","floor":1},{"not_picked":["Perfected Strike","Pommel Strike"],"picked":"Cleave","floor":4},{"not_picked":["Dropkick","Twin Strike"],"picked":"Pommel Strike","floor":5},{"not_picked":["Flex","Shrug It Off"],"picked":"Barricade","floor":6},{"not_picked":["Entrench","Pummel"],"picked":"Twin Strike","floor":10},{"not_picked":["Uppercut","Twin Strike"],"picked":"True Grit","floor":11},{"not_picked":["Havoc","Headbutt"],"picked":"Power Through","floor":12},{"not_picked":["Headbutt","Perfected Strike"],"picked":"Sword Boomerang","floor":13},{"not_picked":["Iron Wave","Clash"],"picked":"Demon Form","floor":14},{"not_picked":["Juggernaut","Fiend Fire"],"picked":"Immolate","floor":16},{"not_picked":["Perfected Strike+1","Havoc"],"picked":"Body Slam+1","floor":18},{"not_picked":["Uppercut","Bloodletting"],"picked":"Heavy Blade","floor":19},{"not_picked":["Demon Form","Flex"],"picked":"Armaments","floor":21},{"not_picked":["Iron Wave","Perfected Strike"],"picked":"Carnage+1","floor":23},{"not_picked":["Burning Pact","Flex"],"picked":"Armaments+1","floor":27},{"not_picked":["Dark Embrace","Clash"],"picked":"Disarm","floor":29},{"not_picked":["Evolve","Spot Weakness"],"picked":"Dropkick+1","floor":31},{"not_picked":["Offering","Berserk"],"picked":"Juggernaut","floor":33},{"not_picked":["Twin Strike+1","Anger+1"],"picked":"True Grit+1","floor":35},{"not_picked":["Searing Blow+1","Pommel Strike+1","Flex"],"picked":"Body Slam","floor":37},{"not_picked":["Disarm","Battle Trance+1","Perfected Strike"],"picked":"Warcry","floor":38},{"not_picked":["Warcry+1","Wild Strike","Corruption","Dropkick+1"],"picked":"Singing Bowl","floor":39},{"not_picked":["Twin Strike","Sword Boomerang+1","Barricade"],"picked":"Shrug It Off","floor":41},{"not_picked":["True Grit","Havoc+1","Wild Strike","Warcry"],"picked":"Singing Bowl","floor":45},{"not_picked":["Iron Wave","Anger+1","Twin Strike+1"],"picked":"Flex+1","floor":47}],"player_experience":530442,"relics_obtained":[{"floor":6,"key":"Oddly Smooth Stone"},{"floor":9,"key":"Bronze Scales"},{"floor":12,"key":"Smiling Mask"},{"floor":23,"key":"Bag of Marbles"},{"floor":24,"key":"Sundial"},{"floor":26,"key":"Happy Flower"},{"floor":29,"key":"Champion Belt"},{"floor":34,"key":"Orichalcum"},{"floor":34,"key":"Singing Bowl"},{"floor":34,"key":"Gambling Chip"},{"floor":38,"key":"Du-Vu Doll"},{"floor":39,"key":"Pocketwatch"},{"floor":41,"key":"Kunai"},{"floor":43,"key":"Mercury Hourglass"},{"floor":45,"key":"The Courier"},{"floor":47,"key":"Red Skull"},{"floor":48,"key":"Pantograph"}],"event_choices":[{"event_name":"The Lab","player_choice":"Got Potions","floor":2,"damage_taken":0},{"event_name":"Living Wall","player_choice":"Forget","floor":3,"damage_taken":0},{"event_name":"Golden Wing","player_choice":"Gained Gold","floor":7,"damage_taken":0},{"event_name":"The Mausoleum","player_choice":"Yes","floor":22,"damage_taken":0},{"event_name":"Designer","player_choice":"Transform 2 Cards","floor":25,"damage_taken":0},{"event_name":"WeMeetAgain","player_choice":"Potion","floor":36,"damage_taken":0},{"event_name":"MindBloom","player_choice":"Fight","floor":38,"damage_taken":0},{"event_name":"Mysterious Sphere","player_choice":"Fight","floor":39,"damage_taken":0},{"event_name":"Tomb of Lord Red Mask","player_choice":"Paid","floor":44,"damage_taken":0}],"is_beta":false,"boss_relics":[{"not_picked":["Snecko Eye","Ectoplasm"],"picked":"Cursed Key"},{"not_picked":["Runic Cube","Eternal Feather"],"picked":"Calling Bell"}],"items_purged_floors":[],"is_endless":false,"potions_floor_spawned":[5,6,12,14,16,21,27,29,39,45,47],"killed_by":"Donu and Deca","ascension_level":4}