{"gold_per_floor":[20,20,30,130,144,144,201,201,281,39,39,39,39,70,70,172,172,182,182,198,216,17,17,47,58,138,148,148,165,24,24,24,128,128,143,68,78,78,78,78,88,98,98,111,23,23,41,59,59,59],"floor_reached":51,"playtime":2039,"items_purged":["Defend_R","Strike_R","Defend_R","Strike_R+1","Strike_R+1"],"score":867,"play_id":"db09a1b5-3583-4046-b5cc-9fbf33e96a67","local_time":"20190204220517","is_ascension_mode":false,"campfire_choices":[{"data":"Dropkick","floor":6.0,"key":"SMITH"},{"data":"True Grit","floor":11.0,"key":"SMITH"},{"data":"Bash","floor":13.0,"key":"SMITH"},{"data":"Strike_R","floor":15.0,"key":"SMITH"},{"data":"Deep Breath","floor":23.0,"key":"SMITH"},{"floor":28.0,"key":"REST"},{"data":"Strike_R","floor":32,"key":"SMITH"},{"data":"Defend_R","floor":49,"key":"SMITH"}],"neow_cost":"NO_GOLD","seed_source_timestamp":184540707417625,"circlet_count":0,"master_deck":["Strike_R+1","Defend_R+1","Defend_R+1","Bash+1","Dropkick+1","True Grit+1","Pommel Strike+1","Pommel Strike+1","Deep Breath+1"],"special_seed":0,"relics":["Burning Blood","Prayer Wheel","Tiny Chest","Sundial","Paper Frog","Membership Card","FossilizedHelix","Orrery","TheAbacus","Art of War","Meat on the Bone","Centennial Puzzle","Sozu","StoneCalendar"],"potions_floor_usage":[],"damage_taken":[{"damage":5.0,"enemies":"Small Slimes","floor":1.0,"turns":5.0},{"damage":3.0,"enemies":"2 Louse","floor":3.0,"turns":3.0},{"damage":0.0,"enemies":"Cultist","floor":5.0,"turns":3.0},{"damage":36.0,"enemies":"3 Sentries","floor":14.0,"turns":13.0},{"damage":19.0,"enemies":"The Guardian","floor":16.0,"turns":10.0},{"damage":25.0,"enemies":"Spheric Guardian","floor":18.0,"turns":7.0},{"damage":10.0,"enemies":"3 Byrds","floor":20.0,"turns":5.0},{"damage":19.0,"enemies":"Snake Plant","floor":21.0,"turns":4.0},{"damage":12.0,"enemies":"Gremlin Leader","floor":24.0,"turns":3.0},{"damage":4.0,"enemies":"Cultist and Chosen","floor":25.0,"turns":6.0},{"damage":4.0,"enemies":"Chosen and Byrds","floor":27.0,"turns":4.0},{"damage":8.0,"enemies":"Centurion and Healer","floor":29.0,"turns":5.0},{"damage":0,"enemies":"Automaton","floor":33,"turns":2},{"damage":0,"enemies":"3 Darklings","floor":35,"turns":2},{"damage":0,"enemies":"Orb Walker","floor":37,"turns":2},{"damage":0,"enemies":"Sphere and 2 Shapes","floor":41,"turns":3},{"damage":0,"enemies":"Writhing Mass","floor":42,"turns":1},{"damage":0,"enemies":"3 Darklings","floor":44,"turns":1},{"damage":0,"enemies":"Jaw Worm Horde","floor":47,"turns":1},{"damage":11,"enemies":"4 Shapes","floor":48,"turns":2},{"damage":0,"enemies":"Awakened One","floor":50,"turns":2}],"seed_played":"-8755205190486956438","potions_obtained":[{"floor":5.0,"key":"Poison Potion"},{"floor":16.0,"key":"Regen Potion"},{"floor":20.0,"key":"Strength Potion"},{"floor":24.0,"key":"Weak Potion"},{"floor":33,"key":"SkillPotion"}],"is_trial":false,"path_per_floor":["M","?","M","?","M","R","T","?","T","$","R","?","R","E","R","B",null,"M","?","M","M","$","R","E","M","T","M","R","M","$","?","R","B",null,"M","$","M","?","?","$","M","M","T","M","$","?","M","M","R","B",null],"character_chosen":"IRONCLAD","items_purchased":["Membership Card","True Grit","Deep Breath","TheAbacus","Centennial Puzzle"],"campfire_rested":1,"item_purchase_floors":[10,10,22,22,30],"current_hp_per_floor":[80,64,67,67,73,73,73,70,70,70,70,63,63,33,33,20,80,61,61,57,44,44,44,38,40,40,54,78,76,76,68,68,74,80,80,80,80,80,80,80,80,80,80,80,80,80,80,75,75,80],"gold":59,"neow_bonus":"ONE_RARE_RELIC","is_prod":false,"is_daily":false,"chose_seed":false,"campfire_upgraded":7,"win_rate":0,"timestamp":1549346717,"path_taken":["M","?","M","?","?","R","?","?","T","$","R","?","R","E","R","BOSS","M","?","M","M","$","R","E","M","T","?","R","M","$","?","R","BOSS","M","?","M","?","?","$","?","M","T","?","?","?","?","M","R","BOSS"],"build_version":"2019-01-23","purchased_purges":5,"victory":true,"max_hp_per_floor":[80,80,80,80,80,80,80,80,80,80,80,80,80,80,80,80,80,80,80,80,80,80,80,80,80,80,80,80,80,80,80,80,80,80,80,80,80,80,80,80,80,80,80,80,80,80,80,80,80,80],"card_choices":[{"not_picked":["Ghostly Armor","Flex"],"picked":"Dropkick","floor":1.0},{"not_picked":["Heavy Blade","Shockwave","Cleave"],"picked":"SKIP","floor":1.0},{"not_picked":["Shrug It Off","Inflame","Bloodletting"],"picked":"SKIP","floor":3.0},{"not_picked":["Sword Boomerang","Heavy Blade","Shrug It Off"],"picked":"SKIP","floor":3.0},{"not_picked":["Rage","Shrug It Off","Sword Boomerang"],"picked":"SKIP","floor":5.0},{"not_picked":["Ghostly Armor","Barricade","Cleave"],"picked":"SKIP","floor":5.0},{"not_picked":["Seeing Red","Infernal Blade","Offering"],"picked":"SKIP","floor":14.0},{"not_picked":["Wild Strike","Sword Boomerang"],"picked":"Pommel Strike","floor":17.0},{"not_picked":["Burning Pact","Hemokinesis","Armaments+1"],"picked":"SKIP","floor":18.0},{"not_picked":["Iron Wave+1","Whirlwind","True Grit+1"],"picked":"SKIP","floor":18.0},{"not_picked":["Headbutt","Thunderclap","Evolve"],"picked":"SKIP","floor":20.0},{"not_picked":["Power Through","Brutality","Warcry"],"picked":"SKIP","floor":20.0},{"not_picked":["Whirlwind","Rupture"],"picked":"Pommel Strike+1","floor":21.0},{"not_picked":["Shrug It Off","Wild Strike","Shockwave"],"picked":"SKIP","floor":21.0},{"not_picked":["Reckless Charge","Ghostly Armor","Wild Strike"],"picked":"SKIP","floor":24.0},{"not_picked":["Anger+1","Havoc+1","Fiend Fire"],"picked":"SKIP","floor":25.0},{"not_picked":["Pommel Strike","Whirlwind","Armaments"],"picked":"SKIP","floor":25.0},{"not_picked":["Headbutt+1","Clothesline","Perfected Strike"],"picked":"SKIP","floor":27.0},{"not_picked":["Headbutt+1","Warcry","Clash"],"picked":"SKIP","floor":27.0},{"not_picked":["Cleave+1","Entrench","Heavy Blade"],"picked":"SKIP","floor":29.0},{"not_picked":["Combust","Perfected Strike","Searing Blow+1"],"picked":"SKIP","floor":29.0},{"not_picked":["Inflame+1","Evolve","Reckless Charge"],"picked":"SKIP","floor":35},{"not_picked":["Warcry+1","Wild Strike","Entrench"],"picked":"SKIP","floor":35},{"not_picked":["Clash+1","Headbutt","Reckless Charge+1"],"picked":"SKIP","floor":37},{"not_picked":["Feel No Pain","Iron Wave+1","Anger"],"picked":"SKIP","floor":37},{"not_picked":["Heavy Blade","Sever Soul","Perfected Strike+1"],"picked":"SKIP","floor":41},{"not_picked":["Carnage","Havoc","Burning Pact+1"],"picked":"SKIP","floor":41},{"not_picked":["Wild Strike","True Grit","Flame Barrier"],"picked":"SKIP","floor":42},{"not_picked":["Clash","Shrug It Off","Thunderclap+1"],"picked":"SKIP","floor":42},{"not_picked":["Feel No Pain+1","Exhume","True Grit+1"],"picked":"SKIP","floor":44},{"not_picked":["Flex+1","Whirlwind+1","Anger"],"picked":"SKIP","floor":44},{"not_picked":["Perfected Strike","Reckless Charge","Twin Strike+1"],"picked":"SKIP","floor":47},{"not_picked":["Sentinel","Body Slam","Twin Strike"],"picked":"SKIP","floor":47},{"not_picked":["Sword Boomerang+1","Clothesline","Uppercut+1"],"picked":"SKIP","floor":48},{"not_picked":["Perfected Strike","Havoc+1","Pummel+1"],"picked":"SKIP","floor":48}],"player_experience":359340,"relics_obtained":[{"floor":7.0,"key":"Tiny Chest"},{"floor":9.0,"key":"Paper Frog"},{"floor":14.0,"key":"FossilizedHelix"},{"floor":24.0,"key":"Art of War"},{"floor":26.0,"key":"Meat on the Bone"},{"floor":43,"key":"StoneCalendar"}],"event_choices":[{"damage_healed":0.0,"max_hp_gain":0.0,"max_hp_loss":0.0,"gold_gain":0.0,"event_name":"Shining Light","player_choice":"Entered Light","floor":2.0,"gold_loss":0.0,"damage_taken":16.0,"cards_upgraded":["Defend_R","Strike_R"]},{"damage_healed":0.0,"max_hp_gain":0.0,"max_hp_loss":0.0,"gold_gain":100.0,"event_name":"Golden Shrine","player_choice":"Pray","floor":4.0,"gold_loss":0.0,"damage_taken":0.0},{"damage_healed":0.0,"max_hp_gain":0.0,"max_hp_loss":0.0,"gold_gain":0.0,"event_name":"Scrap Ooze","player_choice":"Success","floor":8.0,"gold_loss":0.0,"damage_taken":3.0,"relics_obtained":["Sundial"]},{"cards_removed":["Strike_R"],"damage_healed":0.0,"max_hp_gain":0.0,"max_hp_loss":0.0,"gold_gain":0.0,"event_name":"Golden Wing","player_choice":"Card Removal","floor":12.0,"gold_loss":0.0,"damage_taken":7.0},{"damage_healed":0.0,"max_hp_gain":0.0,"max_hp_loss":0.0,"gold_gain":0.0,"event_name":"Upgrade Shrine","player_choice":"Upgraded","floor":19.0,"gold_loss":0.0,"damage_taken":0.0,"cards_upgraded":["Pommel Strike"]},{"damage_healed":0,"gold_gain":0,"player_choice":"Damaged","damage_taken":8,"max_hp_gain":0,"max_hp_loss":0,"event_name":"Wheel of Change","floor":31,"gold_loss":0},{"damage_healed":0,"gold_gain":0,"player_choice":"Memory 1","damage_taken":0,"max_hp_gain":0,"max_hp_loss":0,"event_name":"SensoryStone","floor":38,"gold_loss":0},{"damage_healed":0,"gold_gain":0,"player_choice":"Ignored","damage_taken":0,"max_hp_gain":0,"max_hp_loss":0,"event_name":"NoteForYourself","floor":39,"gold_loss":0},{"damage_healed":0,"gold_gain":0,"player_choice":"Ignored","damage_taken":0,"max_hp_gain":0,"max_hp_loss":0,"event_name":"Duplicator","floor":46,"gold_loss":0}],"is_beta":false,"boss_relics":[{"not_picked":["Astrolabe","Velvet Choker"],"picked":"Orrery"},{"not_picked":["Fusion Hammer","Runic Cube"],"picked":"Sozu"}],"items_purged_floors":[10,22,30,36,45],"is_endless":false,"potions_floor_spawned":[5,16,20,24,27,29,33,42,44,48],"ascension_level":0}