{"gold_per_floor":[143,156,171,121,121,121,147,147,171,171,20,20,33,57,57,185,185,200,195,110,131,131,156,156,156,181,181,196,214,214],"floor_reached":30,"playtime":1741,"items_purged":["Strike_G"],"score":245,"play_id":"b4a4c04b-ccc7-46d3-94a5-5e7fa7d79415","local_time":"20190104091834","is_ascension_mode":false,"campfire_choices":[{"data":"Neutralize","floor":6,"key":"SMITH"},{"data":"Leg Sweep","floor":8,"key":"SMITH"},{"data":"Dagger Throw","floor":10,"key":"SMITH"},{"data":"Catalyst","floor":15,"key":"SMITH"},{"data":"Tools of the Trade","floor":27,"key":"SMITH"}],"neow_cost":"NONE","seed_source_timestamp":232434144203719,"circlet_count":0,"master_deck":["Defend_G","Defend_G","Defend_G+1","Defend_G","Defend_G+1","Survivor","Neutralize+1","Dagger Throw+1","Deadly Poison","Leg Sweep+1","Catalyst+1","Tools of the Trade+1","Catalyst+1","Crippling Poison","Storm of Steel","Masterful Stab","Writhe","Bite","Bite","Bite","Bite","Bite","Prepared"],"relics":["Ring of the Snake","Tiny Chest","Golden Idol","Happy Flower","Art of War","Dodecahedron","Lizard Tail","Pear","Juzu Bracelet","Anchor","War Paint"],"potions_floor_usage":[19,21],"damage_taken":[{"damage":0,"enemies":"Cultist","floor":1,"turns":6},{"damage":0,"enemies":"Small Slimes","floor":2,"turns":4},{"damage":0,"enemies":"2 Louse","floor":3,"turns":3},{"damage":0,"enemies":"Looter","floor":13,"turns":4},{"damage":0,"enemies":"Blue Slaver","floor":14,"turns":3},{"damage":19,"enemies":"The Guardian","floor":16,"turns":15},{"damage":19,"enemies":"3 Byrds","floor":18,"turns":11},{"damage":3,"enemies":"2 Thieves","floor":19,"turns":4},{"damage":13,"enemies":"Shelled Parasite and Fungi","floor":21,"turns":6},{"damage":44,"enemies":"Cultist and Chosen","floor":28,"turns":11},{"damage":8,"enemies":"Centurion and Healer","floor":29,"turns":8},{"damage":20,"enemies":"3 Cultists","floor":30,"turns":5}],"seed_played":"-284303232771227020","potions_obtained":[{"floor":1,"key":"Weak Potion"},{"floor":2,"key":"Explosive Potion"},{"floor":16,"key":"Block Potion"},{"floor":19,"key":"LiquidBronze"},{"floor":21,"key":"Strength Potion"}],"is_trial":false,"path_per_floor":["M","M","M","?","?","R","T","R","T","R","$","T","M","M","R","B",null,"M","M","?","M","?","T","?","?","T","R","M","M","M"],"character_chosen":"THE_SILENT","items_purchased":["Catalyst"],"campfire_rested":0,"item_purchase_floors":[11],"current_hp_per_floor":[70,70,70,70,53,53,53,53,53,53,53,53,53,53,53,34,70,51,48,58,45,45,45,45,45,45,45,25,37,29],"gold":214,"neow_bonus":"RANDOM_COMMON_RELIC","is_prod":false,"is_daily":false,"chose_seed":false,"campfire_upgraded":5,"win_rate":0,"timestamp":1546622314,"path_taken":["M","M","?","?","?","R","?","R","T","R","$","?","M","M","R","BOSS","M","M","?","M","?","?","?","?","T","R","M","M","M"],"build_version":"2019-01-03v3","purchased_purges":1,"victory":false,"max_hp_per_floor":[70,70,70,70,70,70,70,70,70,70,70,70,70,70,70,70,70,70,70,80,80,80,80,80,56,56,56,56,56,56],"card_choices":[{"not_picked":["Quick Slash","Eviscerate"],"picked":"Dagger Throw","floor":1},{"not_picked":["Poisoned Stab","Underhanded Strike"],"picked":"Deadly Poison","floor":2},{"not_picked":["Tactician","Reflex"],"picked":"Leg Sweep","floor":3},{"not_picked":["Dagger Throw","Storm of Steel","Outmaneuver"],"picked":"SKIP","floor":13},{"not_picked":["Sucker Punch","Distraction","Expertise"],"picked":"SKIP","floor":14},{"not_picked":["After Image","A Thousand Cuts"],"picked":"Tools of the Trade","floor":16},{"not_picked":["Blur","Flying Knee"],"picked":"Catalyst+1","floor":18},{"not_picked":["Distraction+1","Predator","Dagger Spray"],"picked":"SKIP","floor":19},{"not_picked":["Cloak And Dagger","Slice"],"picked":"Crippling Poison","floor":21},{"not_picked":["Bane","Slice+1","Finisher+1"],"picked":"SKIP","floor":28},{"not_picked":["Quick Slash","Crippling Poison"],"picked":"Prepared","floor":29}],"player_experience":70735,"relics_obtained":[{"floor":7,"key":"Happy Flower"},{"floor":9,"key":"Art of War"},{"floor":12,"key":"Dodecahedron"},{"floor":23,"key":"Juzu Bracelet"},{"floor":26,"key":"War Paint"}],"event_choices":[{"cards_removed":["Strike_G"],"damage_healed":0,"gold_gain":0,"player_choice":"Card Removal","damage_taken":0,"max_hp_gain":0,"max_hp_loss":0,"event_name":"The Cleric","floor":4,"gold_loss":50},{"damage_healed":0,"gold_gain":0,"player_choice":"Take Damage","damage_taken":17,"relics_obtained":["Golden Idol"],"max_hp_gain":0,"max_hp_loss":0,"event_name":"Golden Idol","floor":5,"gold_loss":0},{"damage_healed":0,"gold_gain":0,"player_choice":"Obtained Relic","damage_taken":0,"relics_obtained":["Pear"],"max_hp_gain":0,"max_hp_loss":0,"event_name":"Addict","floor":20,"gold_loss":85},{"damage_healed":0,"gold_gain":0,"cards_transformed":["Strike_G","Strike_G"],"player_choice":"Became Test Subject","damage_taken":0,"max_hp_gain":0,"max_hp_loss":0,"event_name":"Drug Dealer","floor":22,"gold_loss":0,"cards_obtained":["Storm of Steel","Masterful Stab"]},{"damage_healed":0,"gold_gain":0,"player_choice":"Opened","damage_taken":0,"relics_obtained":["Anchor"],"max_hp_gain":0,"max_hp_loss":0,"event_name":"The Mausoleum","floor":24,"gold_loss":0,"cards_obtained":["Writhe"]},{"damage_healed":0,"gold_gain":0,"player_choice":"Became a vampire","damage_taken":0,"max_hp_gain":0,"max_hp_loss":24,"event_name":"Vampires","floor":25,"gold_loss":0,"cards_obtained":["Bite","Bite","Bite","Bite","Bite"]}],"is_beta":false,"boss_relics":[{"not_picked":["HoveringKite","Coffee Dripper"],"picked":"Lizard Tail"}],"items_purged_floors":[11],"is_endless":false,"potions_floor_spawned":[1,2,16,18,19,21],"killed_by":"3 Cultists","ascension_level":0}