{"gold_per_floor":[109,109,59,12,28,41,66,85,140,171,189,238,257,267,267,364,364,378,397,427,439,126,126,156,168,180,208,246,258,289,69,69,172,172,183,32,42,58,78,111,111,122,204,217,92,92,121,136,136,136],"floor_reached":51,"playtime":5016,"items_purged":["Strike_R","Corruption+1","Pain"],"score":763,"play_id":"46c4de89-88b2-489d-946c-652473d20e17","local_time":"20190131105943","is_ascension_mode":false,"campfire_choices":[{"data":"Armaments","floor":15,"key":"SMITH"},{"data":"Juggernaut","floor":23,"key":"SMITH"},{"data":"Metallicize","floor":25,"key":"SMITH"},{"floor":29,"key":"REST"},{"data":"Body Slam","floor":32,"key":"SMITH"},{"floor":46,"key":"REST"},{"data":"Iron Wave","floor":49,"key":"SMITH"}],"neow_cost":"NONE","seed_source_timestamp":212438035952584,"circlet_count":0,"master_deck":["Strike_R+1","Defend_R","Defend_R","Defend_R","Defend_R","Clash","Iron Wave+1","Iron Wave+1","Twin Strike","Battle Trance","Iron Wave","Cleave","Armaments+1","Juggernaut+1","Cleave+1","Metallicize+1","Warcry+1","Ghostly Armor+1","Body Slam+1","Iron Wave","Impervious+1","Hemokinesis+1","Double Tap+1","Armaments+1","Body Slam+1","Armaments+1","Metallicize+1"],"relics":["Burning Blood","Bottled Flame","Oddly Smooth Stone","Regal Pillow","Bronze Scales","Velvet Choker","Tiny Chest","Ornamental Fan","MawBank","Toxic Egg 2","Whetstone","Sling","Astrolabe","Kunai","WarpedTongs","Paper Frog","Happy Flower"],"potions_floor_usage":[40,50,50],"damage_taken":[{"damage":0,"enemies":"2 Louse","floor":1,"turns":3},{"damage":0,"enemies":"Small Slimes","floor":5,"turns":3},{"damage":0,"enemies":"Cultist","floor":6,"turns":3},{"damage":33,"enemies":"3 Sentries","floor":7,"turns":12},{"damage":3,"enemies":"Red Slaver","floor":8,"turns":3},{"damage":23,"enemies":"Lagavulin","floor":10,"turns":8},{"damage":0,"enemies":"2 Fungi Beasts","floor":11,"turns":3},{"damage":0,"enemies":"Gremlin Gang","floor":13,"turns":3},{"damage":0,"enemies":"Exordium Wildlife","floor":14,"turns":3},{"damage":32,"enemies":"Hexaghost","floor":16,"turns":10},{"damage":6,"enemies":"2 Thieves","floor":18,"turns":4},{"damage":1,"enemies":"3 Byrds","floor":19,"turns":4},{"damage":10,"enemies":"Centurion and Healer","floor":21,"turns":5},{"damage":24,"enemies":"Slavers","floor":24,"turns":4},{"damage":7,"enemies":"Snake Plant","floor":27,"turns":3},{"damage":16,"enemies":"Book of Stabbing","floor":28,"turns":5},{"damage":0,"enemies":"Sentry and Sphere","floor":30,"turns":4},{"damage":5,"enemies":"Champ","floor":33,"turns":10},{"damage":0,"enemies":"3 Darklings","floor":35,"turns":4},{"damage":0,"enemies":"3 Shapes","floor":37,"turns":5},{"damage":38,"enemies":"Transient","floor":38,"turns":5},{"damage":7,"enemies":"Maw","floor":39,"turns":7},{"damage":7,"enemies":"Reptomancer","floor":40,"turns":3},{"damage":1,"enemies":"4 Shapes","floor":42,"turns":5},{"damage":0,"enemies":"Sphere and 2 Shapes","floor":44,"turns":3},{"damage":13,"enemies":"Nemesis","floor":47,"turns":7},{"damage":4,"enemies":"Jaw Worm Horde","floor":48,"turns":3},{"damage":14,"enemies":"Donu and Deca","floor":50,"turns":8}],"seed_played":"1656092858882856893","potions_obtained":[{"floor":6,"key":"SteroidPotion"},{"floor":8,"key":"SpeedPotion"},{"floor":10,"key":"AttackPotion"},{"floor":21,"key":"Block Potion"},{"floor":33,"key":"SpeedPotion"},{"floor":38,"key":"Fruit Juice"},{"floor":40,"key":"EssenceOfSteel"}],"is_trial":false,"path_per_floor":["?","?","?","T","?","M","$","?","M"],"character_chosen":"IRONCLAD","items_purchased":["Ornamental Fan","Sling","Iron Wave","Armaments+1"],"campfire_rested":2,"item_purchase_floors":[22,31,31,36],"current_hp_per_floor":[88,88,88,88,88,88,61,64,64,47,53,53,59,65,65,39,88,88,88,88,84,84,84,66,66,66,65,55,88,88,88,88,88,88,88,88,88,56,55,59,59,64,64,70,70,93,86,88,88,80],"gold":136,"neow_bonus":"TEN_PERCENT_HP_BONUS","is_prod":false,"is_daily":false,"chose_seed":false,"campfire_upgraded":5,"win_rate":0.0,"timestamp":1548950383,"path_taken":["M","?","?","?","M","M","E","M","T","E","M","?","M","M","R","BOSS","M","M","?","?","$","R","E","R","T","M","E","R","M","?","R","BOSS","M","$","M","M","M","E","?","M","T","M","$","R","E","?","R","BOSS"],"build_version":"2019-01-23","purchased_purges":3,"victory":true,"max_hp_per_floor":[88,88,88,88,88,88,88,88,88,88,88,88,88,88,88,88,88,88,88,88,88,88,88,88,88,88,88,88,88,88,88,88,88,88,88,88,88,88,88,93,93,93,93,93,93,93,93,93,93,93],"card_choices":[{"not_picked":["Shrug It Off","Twin Strike"],"picked":"Clash","floor":1},{"not_picked":["Power Through","Brutality"],"picked":"Iron Wave","floor":5},{"not_picked":["Combust","Sword Boomerang"],"picked":"Iron Wave","floor":6},{"not_picked":["Wild Strike","Pommel Strike"],"picked":"Twin Strike","floor":7},{"not_picked":["Wild Strike","Burning Pact"],"picked":"Battle Trance","floor":8},{"not_picked":["Entrench","Hemokinesis"],"picked":"Iron Wave","floor":10},{"not_picked":["Immolate","Spot Weakness"],"picked":"Cleave","floor":11},{"not_picked":["Headbutt","Perfected Strike","Heavy Blade"],"picked":"SKIP","floor":13},{"not_picked":["Shrug It Off","Flex"],"picked":"Armaments","floor":14},{"not_picked":["Impervious","Fiend Fire"],"picked":"Juggernaut","floor":16},{"not_picked":["Perfected Strike+1","Twin Strike","Wild Strike"],"picked":"SKIP","floor":18},{"not_picked":["Bloodletting","Heavy Blade","Clothesline"],"picked":"SKIP","floor":19},{"not_picked":["Sword Boomerang","Clothesline"],"picked":"Cleave+1","floor":21},{"not_picked":["Headbutt+1","Pommel Strike"],"picked":"Metallicize","floor":24},{"not_picked":["Sword Boomerang+1","Headbutt"],"picked":"Warcry+1","floor":27},{"not_picked":["Uppercut","Demon Form"],"picked":"Ghostly Armor+1","floor":28},{"not_picked":["Pommel Strike+1","Anger"],"picked":"Body Slam","floor":30},{"not_picked":["Limit Break+1","Fiend Fire"],"picked":"Impervious+1","floor":33},{"not_picked":["Wild Strike","Second Wind+1","Burning Pact+1"],"picked":"SKIP","floor":35},{"not_picked":["Disarm+1","Wild Strike+1"],"picked":"Body Slam+1","floor":37},{"not_picked":["Pommel Strike+1","Bloodletting+1"],"picked":"Armaments+1","floor":38},{"not_picked":["Reaper","Perfected Strike+1"],"picked":"Metallicize+1","floor":39},{"not_picked":["Sever Soul+1","Wild Strike","Dropkick+1"],"picked":"SKIP","floor":40},{"not_picked":["Clothesline","Combust+1","Heavy Blade"],"picked":"SKIP","floor":42},{"not_picked":["Seeing Red+1","Twin Strike+1","Feel No Pain+1"],"picked":"SKIP","floor":44},{"not_picked":["Body Slam","Dark Embrace","Wild Strike"],"picked":"SKIP","floor":47},{"not_picked":["Pommel Strike+1","Fire Breathing","Armaments+1"],"picked":"SKIP","floor":48}],"player_experience":60812,"relics_obtained":[{"floor":7,"key":"Bottled Flame"},{"floor":9,"key":"Oddly Smooth Stone"},{"floor":10,"key":"Regal Pillow"},{"floor":12,"key":"Bronze Scales"},{"floor":24,"key":"MawBank"},{"floor":26,"key":"Toxic Egg 2"},{"floor":28,"key":"Whetstone"},{"floor":40,"key":"Kunai"},{"floor":43,"key":"Paper Frog"},{"floor":47,"key":"Happy Flower"}],"event_choices":[{"damage_healed":0,"gold_gain":0,"player_choice":"Ignored","damage_taken":0,"max_hp_gain":0,"max_hp_loss":0,"event_name":"Liars Game","floor":2,"gold_loss":0},{"cards_removed":["Bash"],"damage_healed":0,"gold_gain":0,"player_choice":"Card Removal","damage_taken":0,"max_hp_gain":0,"max_hp_loss":0,"event_name":"The Cleric","floor":3,"gold_loss":50},{"damage_healed":0,"gold_gain":0,"player_choice":"Left Gold","damage_taken":0,"max_hp_gain":0,"max_hp_loss":0,"event_name":"World of Goop","floor":4,"gold_loss":47},{"damage_healed":0,"gold_gain":0,"player_choice":"Gave Potion","damage_taken":0,"relics_obtained":["Tiny Chest"],"max_hp_gain":0,"max_hp_loss":0,"event_name":"WeMeetAgain","floor":20,"gold_loss":0},{"damage_healed":0,"gold_gain":0,"player_choice":"Rummage","damage_taken":0,"relics_obtained":["WarpedTongs"],"max_hp_gain":0,"max_hp_loss":0,"event_name":"Accursed Blacksmith","floor":41,"gold_loss":0,"cards_obtained":["Pain"]}],"is_beta":false,"boss_relics":[{"not_picked":["Sozu","Philosopher\u0027s Stone"],"picked":"Velvet Choker"},{"not_picked":["Cursed Key","Fusion Hammer"],"picked":"Astrolabe"}],"items_purged_floors":[22,36,45],"is_endless":false,"potions_floor_spawned":[6,8,10,14,19,21,28,33,38,39,40,42,44],"ascension_level":0}