{"path_per_floor":["M","?","M","$","M","R","M","E","T","E","R","M","M","M","R","B",null,"M","M","M"],"character_chosen":"IRONCLAD","items_purchased":[],"gold_per_floor":[113,113,129,54,72,72,92,126,126,156,156,175,194,207,207,304,304,321,339,355],"floor_reached":21,"campfire_rested":1,"playtime":951,"current_hp_per_floor":[59,45,51,51,44,44,36,24,24,30,51,57,57,60,60,51,72,72,47,36],"items_purged":["Strike_R"],"gold":355,"play_id":"6ea6f3a4-9ae4-4d1b-8e59-baf31585b932","is_prod":false,"is_daily":false,"is_ascension_mode":false,"campfire_upgraded":2,"path_taken":["M","?","?","$","M","R","M","E","T","E","R","M","M","M","R","BOSS","M","M","M","M"],"build_version":"2018-02-01-PROD3","purchased_purges":1,"victory":false,"master_deck":["Strike_R","Strike_R","Strike_R","Strike_R","Defend_R","Defend_R","Bash","Second Wind","Reckless Charge+1","Thunderclap+1","Flex","Dual Wield+1","Battle Trance+1","Combust","Clash","Flex","Bludgeon","Barricade","Infernal Blade","Evolve"],"max_hp_per_floor":[72,72,72,72,72,72,72,72,72,72,72,72,72,72,72,72,72,72,72,72],"relics":["Burning Blood","Darkstone Periapt","Du-Vu Doll","Mummified Hand","Sozu"],"card_choices":[{"not_picked":["Twin Strike","Burning Pact"],"picked":"Thunderclap"},{"not_picked":["True Grit","Headbutt"],"picked":"Flex"},{"not_picked":["Rage","Shrug It Off"],"picked":"Dual Wield"},{"not_picked":["Twin Strike","Perfected Strike"],"picked":"Battle Trance"},{"not_picked":["Flex","Flame Barrier"],"picked":"Combust"},{"not_picked":["Havoc","Uppercut"],"picked":"Clash"},{"not_picked":["Reckless Charge","Armaments"],"picked":"Flex"},{"not_picked":["Heavy Blade","Battle Trance"],"picked":"Bludgeon"},{"not_picked":["Berserk","Limit Break"],"picked":"Barricade"},{"not_picked":["Heavy Blade","Sword Boomerang"],"picked":"Infernal Blade"},{"not_picked":["Sever Soul","Body Slam"],"picked":"Evolve"}],"player_experience":91404,"potions_floor_usage":[8],"damage_taken":[{"damage":19,"enemies":"2 Louse","floor":1,"turns":3},{"damage":0,"enemies":"Small Slimes","floor":3,"turns":1},{"damage":13,"enemies":"Blue Slaver","floor":5,"turns":2},{"damage":14,"enemies":"Gremlin Gang","floor":7,"turns":2},{"damage":18,"enemies":"3 Sentries","floor":8,"turns":5},{"damage":0,"enemies":"Gremlin Nob","floor":10,"turns":2},{"damage":0,"enemies":"Large Slime","floor":12,"turns":1},{"damage":6,"enemies":"Exordium Thugs","floor":13,"turns":2},{"damage":3,"enemies":"Lots of Slimes","floor":14,"turns":1},{"damage":15,"enemies":"Slime Boss","floor":16,"turns":5},{"damage":0,"enemies":"Chosen","floor":18,"turns":2},{"damage":31,"enemies":"2 Thieves","floor":19,"turns":3},{"damage":17,"enemies":"Centurion and Healer","floor":20,"turns":2},{"damage":36,"enemies":"Snake Plant","floor":21,"turns":3}],"event_choices":[{"event_name":"Shining Light","player_choice":"Entered Light","floor":2,"damage_taken":0}],"boss_relics":[{"not_picked":["Mark of Pain","Ectoplasm"],"picked":"Sozu"}],"potions_floor_spawned":[7,8,10,14,19,20],"seed_played":"-4436821539166934579","killed_by":"Snake Plant","ascension_level":0,"is_trial":false}