{"gold_per_floor":[16,34,34,8,8,8,39,50,50,24,41,41],"floor_reached":12,"playtime":538,"items_purged":[],"score":137,"play_id":"0ae8b246-d8de-43ac-aca5-2e8b1b3f21cc","local_time":"20190330184453","is_ascension_mode":true,"campfire_choices":[{"data":"Rainbow","floor":6,"key":"SMITH"}],"neow_cost":"NO_GOLD","seed_source_timestamp":54480446274000,"circlet_count":0,"master_deck":["AscendersBane","Strike_B","Strike_B","Strike_B","Strike_B","Defend_B","Defend_B","Defend_B","Defend_B","Zap","Dualcast","Rainbow+1","Cold Snap","Coolheaded","Go for the Eyes","Recycle","Turbo","BootSequence"],"relics":["Cracked Core","Question Card","Matryoshka"],"potions_floor_usage":[12],"damage_taken":[{"damage":4,"enemies":"2 Louse","floor":1,"turns":2},{"damage":2,"enemies":"Jaw Worm","floor":2,"turns":3},{"damage":25,"enemies":"3 Sentries","floor":7,"turns":7},{"damage":0,"enemies":"Small Slimes","floor":8,"turns":3},{"damage":17,"enemies":"3 Louse","floor":11,"turns":3},{"damage":20,"enemies":"Gremlin Nob","floor":12,"turns":4}],"seed_played":"5383144797548948958","potions_obtained":[{"floor":7,"key":"FearPotion"},{"floor":8,"key":"Dexterity Potion"}],"is_trial":false,"path_per_floor":["M","M","?","$","?","R","E","M","T","$","M","E"],"character_chosen":"DEFECT","items_purchased":["Coolheaded","Turbo"],"campfire_rested":0,"item_purchase_floors":[4,10],"current_hp_per_floor":[60,58,63,63,63,63,38,38,38,38,21,1],"gold":41,"neow_bonus":"THREE_RARE_CARDS","is_prod":false,"is_daily":false,"chose_seed":false,"campfire_upgraded":1,"win_rate":0,"timestamp":1553996693,"path_taken":["M","M","?","?","?","R","E","M","T","$","M","E"],"build_version":"2019-01-23","purchased_purges":0,"victory":false,"max_hp_per_floor":[71,71,76,76,76,76,76,76,76,76,76,76],"card_choices":[{"not_picked":["Fission","Hyperbeam"],"picked":"Rainbow","floor":0},{"not_picked":["Redo","Steam Power","Rebound"],"picked":"SKIP","floor":1},{"not_picked":["Beam Cell","Sweeping Beam"],"picked":"Cold Snap","floor":2},{"not_picked":["Sweeping Beam","Gash"],"picked":"Go for the Eyes","floor":7},{"not_picked":["Multi-Cast","Conserve Battery","Stack"],"picked":"Recycle","floor":8},{"not_picked":["Barrage","Storm","Cold Snap"],"picked":"BootSequence","floor":11}],"player_experience":449533,"relics_obtained":[{"floor":7,"key":"Question Card"},{"floor":9,"key":"Matryoshka"}],"event_choices":[{"damage_healed":0,"gold_gain":0,"player_choice":"Donut","damage_taken":0,"max_hp_gain":5,"max_hp_loss":0,"event_name":"Big Fish","floor":3,"gold_loss":0},{"damage_healed":0,"gold_gain":0,"player_choice":"Leave","damage_taken":0,"max_hp_gain":0,"max_hp_loss":0,"event_name":"The Cleric","floor":5,"gold_loss":0}],"is_beta":false,"boss_relics":[],"items_purged_floors":[],"is_endless":false,"potions_floor_spawned":[7,8],"killed_by":"Gremlin Nob","ascension_level":15}