{"gold_per_floor":[114,189,189,205,205,205,231,249,328,339,339,40,51,66,66,164,164,178,93,105,105,121,152,152,185,185,201,201,220,39,52,52,52],"floor_reached":33,"playtime":23906,"items_purged":[],"score":343,"play_id":"c145b3a7-5040-4217-97b7-a59722837b2b","local_time":"20180830171418","is_ascension_mode":true,"campfire_choices":[{"data":"Zap","floor":6,"key":"SMITH"},{"floor":11,"key":"REST"},{"data":"Dualcast","floor":15,"key":"SMITH"},{"floor":24,"key":"REST"},{"floor":28,"key":"REST"},{"data":"Echo Form","floor":32,"key":"SMITH"}],"neow_cost":"NONE","seed_source_timestamp":53929921260222,"circlet_count":0,"master_deck":["Zap+1","Dualcast+1","Steam","Compile Driver","Regret","Coolheaded","Beam Cell","Beam Cell","Scrape","Self Repair","FTL","Lockon","Ball Lightning","Echo Form+1","Go for the Eyes","Barrage","Sunder","Gash","Stack","Conserve Battery","Tempest","Rebound","Ball Lightning+1","Stack+1","Beam Cell","Sweeping Beam","Conserve Battery+1","Conserve Battery+1","BootSequence+1","Enlightenment+1","Force Field+1","Redo+1"],"relics":["Cracked Core","Anchor","Mango","Blue Candle","DataDisk","Pandora\u0027s Box","Toxic Egg 2","Blood Vial","Regal Pillow","Darkstone Periapt"],"potions_floor_usage":[23,25,25,31],"damage_taken":[{"damage":1,"enemies":"Cultist","floor":1,"turns":3},{"damage":1,"enemies":"2 Louse","floor":4,"turns":2},{"damage":22,"enemies":"Lagavulin","floor":7,"turns":8},{"damage":0,"enemies":"Small Slimes","floor":8,"turns":2},{"damage":12,"enemies":"Blue Slaver","floor":10,"turns":3},{"damage":1,"enemies":"Looter","floor":13,"turns":2},{"damage":2,"enemies":"Gremlin Gang","floor":14,"turns":4},{"damage":34,"enemies":"The Guardian","floor":16,"turns":12},{"damage":3,"enemies":"3 Byrds","floor":18,"turns":5},{"damage":0,"enemies":"Chosen","floor":20,"turns":3},{"damage":0,"enemies":"Sentry and Sphere","floor":22,"turns":3},{"damage":37,"enemies":"Slavers","floor":23,"turns":4},{"damage":11,"enemies":"Book of Stabbing","floor":25,"turns":4},{"damage":11,"enemies":"Chosen and Byrds","floor":27,"turns":4},{"damage":24,"enemies":"Centurion and Healer","floor":29,"turns":4},{"damage":13,"enemies":"3 Cultists","floor":31,"turns":3},{"damage":77,"enemies":"Champ","floor":33,"turns":8}],"seed_played":"7696448092781562647","potions_obtained":[{"floor":4,"key":"SteroidPotion"},{"floor":10,"key":"Poison Potion"},{"floor":16,"key":"FocusPotion"},{"floor":20,"key":"LiquidBronze"},{"floor":29,"key":"Explosive Potion"}],"is_trial":false,"path_per_floor":["M","?","?","M","?","R","E","M","T","M","R","$","M","M","R","B",null,"M","?","M","?","M","E","R","E","T","M","R","M","$","M","R"],"character_chosen":"DEFECT","items_purchased":["DataDisk","Self Repair","FTL","Enlightenment+1","Force Field+1"],"campfire_rested":3,"item_purchase_floors":[12,12,12,30,30],"current_hp_per_floor":[74,63,63,62,62,62,54,54,54,42,68,68,74,79,79,52,89,89,89,89,72,72,35,63,61,61,59,94,84,84,73,73,0],"gold":52,"neow_bonus":"THREE_CARDS","is_prod":false,"is_daily":false,"chose_seed":false,"campfire_upgraded":3,"win_rate":0,"timestamp":1535670858,"path_taken":["M","?","?","M","?","R","E","M","T","M","R","$","?","M","R","BOSS","M","?","M","?","?","E","R","E","T","M","R","M","$","M","R","BOSS"],"build_version":"2018-08-23v2","purchased_purges":0,"victory":false,"max_hp_per_floor":[75,75,75,75,75,75,89,89,89,89,89,89,89,89,89,89,89,89,89,89,94,94,94,94,94,94,94,94,94,94,94,94,94],"card_choices":[{"not_picked":["Sweeping Beam","Steam Power"],"picked":"Steam","floor":0},{"not_picked":["Auto Shields","Turbo"],"picked":"Compile Driver","floor":1},{"not_picked":["Steam Power","Tempest"],"picked":"Coolheaded","floor":4},{"not_picked":["Sweeping Beam","Reinforced Body"],"picked":"Beam Cell","floor":7},{"not_picked":["Sweeping Beam","Hologram"],"picked":"Beam Cell","floor":8},{"not_picked":["Loop","Redo"],"picked":"Scrape","floor":10},{"not_picked":["Heatsinks","Conserve Battery"],"picked":"Lockon","floor":13},{"not_picked":["Core Surge","Conserve Battery"],"picked":"Ball Lightning","floor":14},{"not_picked":["Biased Cognition","Thunder Strike"],"picked":"Echo Form","floor":16},{"not_picked":["Coolheaded","Beam Cell"],"picked":"Ball Lightning+1","floor":18},{"not_picked":["Beam Cell","Capacitor"],"picked":"Stack+1","floor":20},{"not_picked":["Aggregate+1","Undo+1"],"picked":"Beam Cell","floor":22},{"not_picked":["Aggregate+1","Loop"],"picked":"Sweeping Beam","floor":23},{"not_picked":["Reinforced Body+1","Go for the Eyes"],"picked":"Conserve Battery+1","floor":25},{"not_picked":["Buffer","Go for the Eyes"],"picked":"Conserve Battery+1","floor":27},{"not_picked":["Melter+1","Compile Driver"],"picked":"BootSequence+1","floor":29},{"not_picked":["Consume+1","Heatsinks+1"],"picked":"Redo+1","floor":31}],"player_experience":422801,"relics_obtained":[{"floor":7,"key":"Mango"},{"floor":9,"key":"Blue Candle"},{"floor":23,"key":"Blood Vial"},{"floor":25,"key":"Regal Pillow"},{"floor":26,"key":"Darkstone Periapt"}],"event_choices":[{"event_name":"World of Goop","player_choice":"Gather Gold","floor":2,"damage_taken":0},{"event_name":"Big Fish","player_choice":"Box","floor":3,"damage_taken":0},{"event_name":"Liars Game","player_choice":"disagreed","floor":5,"damage_taken":0},{"event_name":"Addict","player_choice":"Obtained Relic","floor":19,"damage_taken":0},{"event_name":"Forgotten Altar","player_choice":"Shed Blood","floor":21,"damage_taken":0}],"is_beta":false,"boss_relics":[{"not_picked":["White Beast Statue","Calling Bell"],"picked":"Pandora\u0027s Box"}],"items_purged_floors":[],"is_endless":false,"potions_floor_spawned":[4,10,16,18,20,29],"killed_by":"Champ","ascension_level":2}