{"gold_per_floor":[111,121,134,209,226,226,257,257,257,280,303,303],"floor_reached":12,"playtime":467,"items_purged":[],"score":82,"play_id":"ce776eed-6c02-472e-ac12-595f65f24f3f","local_time":"20190210173636","is_ascension_mode":false,"campfire_choices":[{"data":"Clash","floor":6,"key":"SMITH"}],"neow_cost":"NONE","seed_source_timestamp":277701813225500,"circlet_count":0,"master_deck":["Strike_R","Strike_R","Strike_R","Strike_R","Strike_R","Defend_R","Defend_R","Defend_R","Defend_R","Bash","Clash+1"],"relics":["Burning Blood","NeowsBlessing","Paper Frog","Golden Idol","Ornamental Fan"],"potions_floor_usage":[11,12],"damage_taken":[{"damage":0,"enemies":"Cultist","floor":1,"turns":1},{"damage":0,"enemies":"Jaw Worm","floor":2,"turns":1},{"damage":0,"enemies":"Small Slimes","floor":3,"turns":1},{"damage":7,"enemies":"Looter","floor":5,"turns":4},{"damage":56,"enemies":"3 Sentries","floor":7,"turns":13},{"damage":12,"enemies":"Exordium Thugs","floor":10,"turns":4},{"damage":1,"enemies":"2 Fungi Beasts","floor":11,"turns":4},{"damage":22,"enemies":"Lagavulin","floor":12,"turns":6}],"seed_played":"7086925137403264419","potions_obtained":[{"floor":2,"key":"GamblersBrew"},{"floor":10,"key":"Weak Potion"}],"is_trial":false,"path_per_floor":["?","?"],"character_chosen":"IRONCLAD","items_purchased":[],"campfire_rested":0,"item_purchase_floors":[],"current_hp_per_floor":[80,80,80,69,68,68,18,18,18,12,17,0],"gold":303,"neow_bonus":"THREE_ENEMY_KILL","is_prod":false,"is_daily":false,"chose_seed":false,"campfire_upgraded":1,"win_rate":0,"timestamp":1549838196,"path_taken":["M","M","M","?","M","R","E","?","T","M","M","E"],"build_version":"2019-01-23","purchased_purges":0,"victory":false,"max_hp_per_floor":[80,80,80,80,80,80,80,74,74,74,74,74],"card_choices":[{"not_picked":["Pommel Strike","Armaments","True Grit"],"picked":"SKIP","floor":1},{"not_picked":["Thunderclap","Second Wind"],"picked":"Clash","floor":2},{"not_picked":["Armaments","Infernal Blade","Warcry"],"picked":"SKIP","floor":3},{"not_picked":["Twin Strike","Blood for Blood","True Grit"],"picked":"SKIP","floor":5},{"not_picked":["Disarm","Reaper","Hemokinesis"],"picked":"SKIP","floor":7},{"not_picked":["Combust","Twin Strike","Warcry"],"picked":"SKIP","floor":10},{"not_picked":["Sever Soul","Sentinel","Pommel Strike"],"picked":"SKIP","floor":11}],"player_experience":389568,"relics_obtained":[{"floor":7,"key":"Paper Frog"},{"floor":9,"key":"Ornamental Fan"}],"event_choices":[{"damage_healed":0,"gold_gain":75,"player_choice":"Gather Gold","damage_taken":11,"max_hp_gain":0,"max_hp_loss":0,"event_name":"World of Goop","floor":4,"gold_loss":0},{"damage_healed":0,"gold_gain":0,"player_choice":"Lose Max HP","damage_taken":0,"relics_obtained":["Golden Idol"],"max_hp_gain":0,"max_hp_loss":6,"event_name":"Golden Idol","floor":8,"gold_loss":0}],"is_beta":false,"boss_relics":[],"items_purged_floors":[],"is_endless":false,"potions_floor_spawned":[2,10],"killed_by":"Lagavulin","ascension_level":0}