{"gold_per_floor":[111,35,35,51,126,126,154,154,154,154,186,186,200,220,220,220],"floor_reached":16,"playtime":547,"items_purged":[],"score":155,"play_id":"651f0d37-0546-4f21-bd0e-a127001aa119","local_time":"20181020122207","is_ascension_mode":true,"campfire_choices":[{"data":"Armaments","floor":6,"key":"SMITH"},{"floor":8,"key":"REST"},{"data":"Rampage","floor":12,"key":"SMITH"},{"floor":15,"key":"REST"}],"neow_cost":"NONE","seed_source_timestamp":844862811040005,"circlet_count":0,"master_deck":["Strike_R","Strike_R","Strike_R","Strike_R","Strike_R","Defend_R","Defend_R","Defend_R","Defend_R","Bash","Trip","Armaments+1","Rampage+1","Sever Soul","Wild Strike","Bash","Sentinel","Inflame","Anger"],"relics":["Burning Blood","FaceOfCleric","Singing Bowl","Bag of Marbles","Pear"],"potions_floor_usage":[11,16],"damage_taken":[{"damage":6,"enemies":"Cultist","floor":1,"turns":4},{"damage":4,"enemies":"2 Louse","floor":4,"turns":3},{"damage":52,"enemies":"3 Sentries","floor":7,"turns":11},{"damage":15,"enemies":"Lagavulin","floor":11,"turns":3},{"damage":7,"enemies":"Jaw Worm","floor":13,"turns":3},{"damage":31,"enemies":"Large Slime","floor":14,"turns":6},{"damage":55,"enemies":"The Guardian","floor":16,"turns":8}],"seed_played":"-2830892715568972933","potions_obtained":[{"floor":1,"key":"Swift Potion"},{"floor":7,"key":"AttackPotion"},{"floor":14,"key":"Ancient Potion"}],"is_trial":false,"path_per_floor":["M","$","?","M","?","R","E","R","T","?","E","R","M","M","R"],"character_chosen":"IRONCLAD","items_purchased":["Rampage"],"campfire_rested":2,"item_purchase_floors":[2],"current_hp_per_floor":[80,80,80,81,70,70,25,49,49,49,51,51,51,27,55,0],"gold":220,"neow_bonus":"RANDOM_COLORLESS","is_prod":false,"is_daily":false,"chose_seed":false,"campfire_upgraded":2,"win_rate":0,"timestamp":1540059727,"path_taken":["M","?","?","?","?","R","E","R","T","?","E","R","M","M","R","BOSS"],"build_version":"2018-10-18","purchased_purges":0,"victory":false,"max_hp_per_floor":[80,80,80,81,81,81,82,82,82,82,93,93,94,95,95,95],"card_choices":[{"not_picked":["Evolve","Wild Strike"],"picked":"Armaments","floor":1},{"not_picked":["Havoc","Body Slam"],"picked":"Sever Soul","floor":4},{"not_picked":["Pommel Strike","Headbutt"],"picked":"Wild Strike","floor":7},{"not_picked":["Twin Strike","Headbutt"],"picked":"Sentinel","floor":11},{"not_picked":["Warcry","Headbutt"],"picked":"Inflame","floor":13},{"not_picked":["Uppercut","Dual Wield"],"picked":"Anger","floor":14}],"player_experience":725689,"relics_obtained":[{"floor":7,"key":"Singing Bowl"},{"floor":9,"key":"Bag of Marbles"},{"floor":11,"key":"Pear"}],"event_choices":[{"damage_healed":0,"gold_gain":0,"player_choice":"Trade","damage_taken":0,"relics_obtained":["FaceOfCleric"],"max_hp_gain":0,"max_hp_loss":0,"event_name":"FaceTrader","floor":3,"gold_loss":0},{"damage_healed":0,"gold_gain":75,"player_choice":"Gather Gold","damage_taken":11,"max_hp_gain":0,"max_hp_loss":0,"event_name":"World of Goop","floor":5,"gold_loss":0},{"damage_healed":0,"gold_gain":0,"player_choice":"1 cards matched","damage_taken":0,"max_hp_gain":0,"max_hp_loss":0,"event_name":"Match and Keep!","floor":10,"gold_loss":0,"cards_obtained":["Bash"]}],"is_beta":false,"boss_relics":[],"items_purged_floors":[],"is_endless":false,"potions_floor_spawned":[1,7,14],"killed_by":"The Guardian","ascension_level":4}