{"path_per_floor":["M","M","M","?","M","R","E","R","T","?","?","M","M","M","R","B",null,"M","M","M","$","?"],"character_chosen":"IRONCLAD","items_purchased":["Finesse","Thinking Ahead"],"gold_per_floor":[115,129,145,145,159,159,191,191,215,315,315,330,344,358,358,460,460,444,462,478,114,14],"floor_reached":23,"campfire_rested":0,"playtime":1830,"current_hp_per_floor":[80,80,80,80,80,80,80,80,80,80,85,71,72,78,78,38,85,66,46,36,36,36],"items_purged":["Strike_R"],"gold":14,"play_id":"165e33fd-9f65-4e39-99b5-dcb1ca7b0c42","is_prod":false,"is_daily":false,"campfire_rituals":0,"campfire_upgraded":3,"is_hardmode":false,"path_taken":["M","M","M","?","M","R","E","R","T","?","?","M","M","M","R","BOSS","M","M","M","$","?","M"],"build_version":"2018-01-04-PROD1","purchased_purges":1,"victory":false,"master_deck":["Strike_R","Strike_R","Strike_R","Strike_R","Defend_R","Defend_R","Defend_R","Defend_R","Bash","Clash","Shrug It Off","Infernal Blade","Spot Weakness","Clash","Warcry","Headbutt","Dual Wield","Impervious","Armaments","Dual Wield","Heavy Blade","Warcry","Rampage","Twin Strike","Limit Break","Warcry","Finesse","Thinking Ahead","J.A.X."],"max_hp_per_floor":[80,80,80,80,80,80,80,80,80,80,85,85,85,85,85,85,85,85,85,85,85,85],"relics":["Burning Blood","Dodecahedron","Dream Catcher","Orrery"],"campfire_meditates":0,"card_choices":[{"not_picked":["Rupture","Heavy Blade"],"picked":"Clash"},{"not_picked":["Dual Wield","Twin Strike"],"picked":"Shrug It Off"},{"not_picked":["Sever Soul","Power Through"],"picked":"Infernal Blade"},{"not_picked":["Dual Wield","Iron Wave"],"picked":"Spot Weakness"},{"not_picked":["True Grit","Twin Strike"],"picked":"Clash"},{"not_picked":["Whirlwind","Cleave"],"picked":"Warcry"},{"not_picked":["Rage","Whirlwind"],"picked":"Headbutt"},{"not_picked":["Iron Wave","Flex"],"picked":"Dual Wield"},{"not_picked":["Barricade","Bludgeon"],"picked":"Impervious"},{"not_picked":["Flex","Second Wind"],"picked":"Armaments"},{"not_picked":["Second Wind","Thunderclap"],"picked":"Dual Wield"},{"not_picked":["Cleave","Thunderclap"],"picked":"Heavy Blade"},{"not_picked":["Corruption","Fire Breathing"],"picked":"Warcry"},{"not_picked":["Sword Boomerang","Cleave"],"picked":"Rampage"},{"not_picked":["True Grit","Clothesline"],"picked":"Twin Strike"},{"not_picked":["Clash","Feel No Pain"],"picked":"Limit Break"},{"not_picked":["Anger","Shrug It Off"],"picked":"Warcry"}],"player_experience":5071,"potions_floor_usage":[16,16,16],"damage_taken":[{"damage":0,"enemies":"Small Slimes","floor":1,"turns":3},{"damage":6,"enemies":"Jaw Worm","floor":2,"turns":3},{"damage":0,"enemies":"2 Louse","floor":3,"turns":2},{"damage":5,"enemies":"Gremlin Gang","floor":5,"turns":4},{"damage":3,"enemies":"Gremlin Nob","floor":7,"turns":3},{"damage":20,"enemies":"Exordium Thugs","floor":12,"turns":4},{"damage":5,"enemies":"Looter","floor":13,"turns":2},{"damage":0,"enemies":"2 Fungi Beasts","floor":14,"turns":2},{"damage":46,"enemies":"Hexaghost","floor":16,"turns":8},{"damage":25,"enemies":"2 Thieves","floor":18,"turns":4},{"damage":26,"enemies":"Shell Parasite","floor":19,"turns":5},{"damage":16,"enemies":"Snake Plant","floor":20,"turns":4},{"damage":39,"enemies":"Snecko","floor":23,"turns":6}],"event_choices":[{"event_name":"Liars Game","player_choice":"disagreed","floor":4,"damage_taken":0},{"event_name":"Golden Shrine","player_choice":"Pray","floor":10,"damage_taken":0},{"event_name":"Big Fish","player_choice":"Donut","floor":11,"damage_taken":0},{"event_name":"Drug Dealer","player_choice":"Got JAXXED","floor":22,"damage_taken":0}],"boss_relics":[{"not_picked":["Ectoplasm","Astrolabe"],"picked":"Orrery"}],"potions_floor_spawned":[1,7,13,14,16,19,20],"seed_played":"-7401409469567718871","killed_by":"Snecko","is_trial":false}