{"gold_per_floor":[359,48,66,80,80,80,113,113,113,127,141,173,193,209,209,305,305,322,31,131,142,155,183,183,211,211,211,211,223,258,315,315,315],"floor_reached":33,"playtime":2195,"items_purged":[],"score":525,"play_id":"54629ba7-a3a6-4f89-9271-d0eec3ae38c1","local_time":"20190326105339","is_ascension_mode":true,"campfire_choices":[{"data":"Clothesline","floor":6,"key":"SMITH"},{"data":"Iron Wave","floor":8,"key":"SMITH"},{"data":"Shrug It Off","floor":15,"key":"SMITH"},{"data":"Battle Trance","floor":24,"key":"SMITH"},{"data":"Defend_R","floor":27,"key":"SMITH"},{"floor":32,"key":"REST"}],"neow_cost":"TEN_PERCENT_HP_LOSS","seed_source_timestamp":903737613526018,"circlet_count":0,"master_deck":["Strike_R","Strike_R","Strike_R","Strike_R","Strike_R","Defend_R","Defend_R","Defend_R","Defend_R+1","Bash","Anger","Clothesline+1","Iron Wave+1","Anger","Battle Trance+1","Shrug It Off+1","Combust","Demon Form","Offering","Shrug It Off+1","Twin Strike+1","Twin Strike+1","Offering+1","Rupture","Battle Trance+1"],"relics":["Black Blood","Thread and Needle","Singing Bowl","Boot","Mercury Hourglass","Ice Cream","Toxic Egg 2","WingedGreaves","Dodecahedron","Blue Candle","Potion Belt","Letter Opener","Darkstone Periapt","Tiny Chest"],"potions_floor_usage":[23,23,33,33,33],"damage_taken":[{"damage":6,"enemies":"Cultist","floor":1,"turns":4},{"damage":5,"enemies":"Jaw Worm","floor":3,"turns":3},{"damage":0,"enemies":"2 Louse","floor":4,"turns":2},{"damage":42,"enemies":"Lagavulin","floor":7,"turns":10},{"damage":0,"enemies":"Large Slime","floor":10,"turns":5},{"damage":0,"enemies":"Looter","floor":11,"turns":3},{"damage":6,"enemies":"Gremlin Nob","floor":12,"turns":4},{"damage":0,"enemies":"3 Louse","floor":13,"turns":2},{"damage":2,"enemies":"2 Fungi Beasts","floor":14,"turns":2},{"damage":18,"enemies":"Slime Boss","floor":16,"turns":6},{"damage":8,"enemies":"Spheric Guardian","floor":18,"turns":3},{"damage":11,"enemies":"Colosseum Slavers","floor":20,"turns":5},{"damage":29,"enemies":"Colosseum Nobs","floor":20,"turns":4},{"damage":3,"enemies":"3 Byrds","floor":21,"turns":3},{"damage":29,"enemies":"Shelled Parasite and Fungi","floor":22,"turns":5},{"damage":21,"enemies":"Book of Stabbing","floor":23,"turns":4},{"damage":30,"enemies":"Gremlin Leader","floor":25,"turns":6},{"damage":7,"enemies":"Cultist and Chosen","floor":29,"turns":6},{"damage":20,"enemies":"Book of Stabbing","floor":30,"turns":5},{"damage":11,"enemies":"Gremlin Leader","floor":31,"turns":6},{"damage":65,"enemies":"Automaton","floor":33,"turns":6}],"seed_played":"2726225444479825777","potions_obtained":[{"floor":4,"key":"BloodPotion"},{"floor":7,"key":"LiquidBronze"},{"floor":12,"key":"Poison Potion"},{"floor":18,"key":"LiquidBronze"},{"floor":23,"key":"Weak Potion"},{"floor":30,"key":"AttackPotion"}],"is_trial":false,"path_per_floor":["T","?","?"],"character_chosen":"IRONCLAD","items_purchased":["Clothesline","Thread and Needle","Toxic Egg 2","Shrug It Off+1"],"campfire_rested":1,"item_purchase_floors":[2,2,19,19],"current_hp_per_floor":[72,72,72,72,72,72,38,38,38,44,50,52,58,62,62,50,70,74,74,54,61,44,35,35,15,15,15,42,45,35,36,61,0],"gold":315,"neow_bonus":"TWO_FIFTY_GOLD","is_prod":false,"is_daily":false,"chose_seed":false,"campfire_upgraded":5,"win_rate":0,"timestamp":1553612019,"path_taken":["M","$","M","M","?","R","E","R","T","M","M","E","M","M","R","BOSS","M","$","?","M","M","E","R","E","T","R","?","M","E","E","R","BOSS"],"build_version":"2019-01-23","purchased_purges":0,"victory":false,"max_hp_per_floor":[72,72,72,72,72,72,74,74,74,74,74,76,76,76,76,76,76,78,78,78,78,80,82,82,82,82,82,82,82,82,84,84,84],"card_choices":[{"not_picked":["Warcry","Clash"],"picked":"Anger","floor":1},{"not_picked":["Cleave","Armaments"],"picked":"Iron Wave","floor":3},{"not_picked":["Heavy Blade","Clash"],"picked":"Anger","floor":4},{"not_picked":["Anger","Rampage","Wild Strike"],"picked":"Singing Bowl","floor":7},{"not_picked":["Armaments","Shockwave"],"picked":"Battle Trance","floor":10},{"not_picked":["Bloodletting","Thunderclap"],"picked":"Shrug It Off","floor":11},{"not_picked":["Blood for Blood","Intimidate","Reckless Charge"],"picked":"Singing Bowl","floor":12},{"not_picked":["Heavy Blade","Burning Pact"],"picked":"Combust","floor":13},{"not_picked":["Perfected Strike","Infernal Blade"],"picked":"Demon Form","floor":14},{"not_picked":["Berserk","Demon Form"],"picked":"Offering","floor":16},{"not_picked":["Clash","Rupture","Body Slam"],"picked":"Singing Bowl","floor":18},{"not_picked":["Cleave","Combust+1"],"picked":"Twin Strike+1","floor":20},{"not_picked":["Pommel Strike","Clash"],"picked":"Twin Strike+1","floor":21},{"not_picked":["Heavy Blade","Second Wind+1","Twin Strike"],"picked":"Singing Bowl","floor":22},{"not_picked":["Heavy Blade","Anger+1","Warcry+1"],"picked":"Singing Bowl","floor":23},{"not_picked":["True Grit+1","Body Slam+1"],"picked":"Offering+1","floor":25},{"not_picked":["True Grit+1","Second Wind+1"],"picked":"Rupture","floor":29},{"not_picked":["Cleave+1","Reckless Charge+1"],"picked":"Battle Trance+1","floor":30},{"not_picked":["Anger","Sword Boomerang","Twin Strike"],"picked":"Singing Bowl","floor":31}],"player_experience":1025367,"relics_obtained":[{"floor":5,"key":"Singing Bowl"},{"floor":7,"key":"Boot"},{"floor":9,"key":"Mercury Hourglass"},{"floor":12,"key":"Ice Cream"},{"floor":20,"key":"WingedGreaves"},{"floor":20,"key":"Dodecahedron"},{"floor":23,"key":"Blue Candle"},{"floor":25,"key":"Potion Belt"},{"floor":26,"key":"Letter Opener"},{"floor":30,"key":"Darkstone Periapt"},{"floor":31,"key":"Tiny Chest"}],"event_choices":[{"damage_healed":0,"gold_gain":0,"player_choice":"Fight","damage_taken":0,"max_hp_gain":0,"max_hp_loss":0,"event_name":"Colosseum","floor":20,"gold_loss":0},{"damage_healed":0,"gold_gain":0,"player_choice":"Fought Nobs","damage_taken":0,"max_hp_gain":0,"max_hp_loss":0,"event_name":"Colosseum","floor":20,"gold_loss":0},{"damage_healed":27,"gold_gain":0,"player_choice":"Heal","damage_taken":0,"max_hp_gain":0,"max_hp_loss":0,"event_name":"The Library","floor":28,"gold_loss":0}],"is_beta":false,"boss_relics":[{"not_picked":["Pandora\u0027s Box","Empty Cage"],"picked":"Black Blood"}],"items_purged_floors":[],"is_endless":false,"potions_floor_spawned":[4,7,12,18,20,23,30],"killed_by":"Automaton","ascension_level":9}