{"gold_per_floor":[110,110,185,196,103,137,137,137,137,152,165,198,216,234,234,331,331,351,351,351,361,223,288,288,313,339,339,339,146,216,233,233,336,336,356,316,328,39,50,50,70,90,90,107,0,0,25,41,41,41],"floor_reached":51,"playtime":1964,"items_purged":[],"score":1298,"play_id":"abd70a5c-fd06-4471-ada3-f54d811ba3e6","local_time":"20190127135210","is_ascension_mode":true,"campfire_choices":[{"data":"Infernal Blade","floor":7,"key":"SMITH"},{"data":"Infernal Blade","floor":15,"key":"SMITH"},{"data":"Armaments","floor":24,"key":"SMITH"},{"data":"Perfected Strike","floor":27,"key":"SMITH"},{"data":"Bash","floor":32,"key":"SMITH"},{"data":"Reaper","floor":40,"key":"SMITH"},{"data":"Rupture","floor":46,"key":"SMITH"},{"data":"Perfected Strike","floor":49,"key":"SMITH"}],"neow_cost":"NONE","seed_source_timestamp":517669261409824,"circlet_count":0,"master_deck":["AscendersBane","Strike_R+1","Strike_R","Strike_R","Strike_R","Strike_R","Defend_R","Defend_R","Defend_R","Defend_R","Bash+1","Twin Strike+1","Infernal Blade+1","Perfected Strike+1","Disarm","Double Tap","Sentinel","Dark Shackles","Rage","Armaments+1","Infernal Blade+1","Wild Strike","Shrug It Off","Reaper+1","Shrug It Off","Necronomicurse","Intimidate","Pommel Strike","Ghostly Armor","Burning Pact","Pommel Strike","Injury","True Grit","Writhe","Havoc+1","Double Tap","Perfected Strike+1","Perfected Strike+1","Twin Strike","Burning Pact+1","Rupture+1","Doubt","Pommel Strike","True Grit","Shrug It Off"],"relics":["Black Blood","NeowsBlessing","Blue Candle","Smiling Mask","Bronze Scales","Kunai","Cursed Key","Necronomicon","Tiny Chest","Self Forming Clay","Pen Nib","Blood Vial","Pantograph","Darkstone Periapt","Bag of Marbles","Red Mask","Singing Bowl"],"potions_floor_usage":[11,12,13,23,33,34,47,50],"damage_taken":[{"damage":0,"enemies":"Cultist","floor":1,"turns":1},{"damage":0,"enemies":"Small Slimes","floor":4,"turns":1},{"damage":0,"enemies":"Gremlin Nob","floor":6,"turns":1},{"damage":0,"enemies":"2 Louse","floor":10,"turns":2},{"damage":4,"enemies":"Exordium Thugs","floor":11,"turns":4},{"damage":32,"enemies":"Lagavulin","floor":12,"turns":8},{"damage":0,"enemies":"Blue Slaver","floor":13,"turns":2},{"damage":12,"enemies":"2 Fungi Beasts","floor":14,"turns":3},{"damage":17,"enemies":"Slime Boss","floor":16,"turns":9},{"damage":3,"enemies":"3 Byrds","floor":18,"turns":3},{"damage":0,"enemies":"Shell Parasite","floor":21,"turns":3},{"damage":35,"enemies":"Gremlin Leader","floor":23,"turns":5},{"damage":9,"enemies":"Book of Stabbing","floor":25,"turns":4},{"damage":12,"enemies":"Shelled Parasite and Fungi","floor":31,"turns":5},{"damage":84,"enemies":"Champ","floor":33,"turns":12},{"damage":14,"enemies":"3 Shapes","floor":35,"turns":8},{"damage":0,"enemies":"Orb Walker","floor":37,"turns":2},{"damage":48,"enemies":"4 Shapes","floor":39,"turns":5},{"damage":0,"enemies":"Maw","floor":41,"turns":4},{"damage":20,"enemies":"3 Darklings","floor":42,"turns":9},{"damage":0,"enemies":"Spire Growth","floor":44,"turns":2},{"damage":65,"enemies":"Nemesis","floor":47,"turns":7},{"damage":2,"enemies":"Maw","floor":48,"turns":3},{"damage":58,"enemies":"Time Eater","floor":50,"turns":7}],"seed_played":"-5570187198490523699","potions_obtained":[{"floor":1,"key":"FearPotion"},{"floor":6,"key":"SkillPotion"},{"floor":12,"key":"BloodPotion"},{"floor":13,"key":"Energy Potion"},{"floor":18,"key":"Fire Potion"},{"floor":33,"key":"Fruit Juice"},{"floor":35,"key":"EssenceOfSteel"},{"floor":42,"key":"LiquidBronze"}],"is_trial":false,"path_per_floor":["M","T","?","M","$","E","R","?","T","M","M","E","M","M","R","B",null,"M","?","?","M","$","E","R","E","T","R","?","$","T","M","R","B",null,"M","?","M","$","M","R","M","M","T","M","?","R","E","M","R","B",null],"character_chosen":"IRONCLAD","items_purchased":["Perfected Strike","Disarm","Ghostly Armor","Burning Pact","Blood Vial","True Grit","Darkstone Periapt","Twin Strike"],"campfire_rested":0,"item_purchase_floors":[5,5,22,22,29,29,38,38],"current_hp_per_floor":[78,78,67,73,73,79,79,79,79,80,80,54,68,62,62,51,73,76,60,60,66,66,57,57,62,62,62,62,62,62,74,74,10,68,82,82,85,85,59,59,71,83,89,91,91,91,50,60,60,61],"gold":41,"neow_bonus":"THREE_ENEMY_KILL","is_prod":false,"is_daily":false,"chose_seed":false,"campfire_upgraded":8,"win_rate":0,"timestamp":1548622330,"path_taken":["M","?","?","M","$","E","R","?","T","M","?","E","M","M","R","BOSS","M","?","?","?","$","E","R","E","T","R","?","?","?","M","R","BOSS","M","?","M","?","M","R","M","M","T","?","?","R","E","M","R","BOSS"],"build_version":"2019-01-23","purchased_purges":0,"victory":true,"max_hp_per_floor":[80,80,80,80,80,80,80,80,80,80,80,80,80,80,80,80,80,80,80,80,80,80,80,80,80,80,80,80,80,80,80,80,80,85,85,85,85,85,85,85,85,85,91,91,91,91,91,91,91,91],"card_choices":[{"not_picked":["Hemokinesis","Body Slam"],"picked":"Twin Strike","floor":1},{"not_picked":["Headbutt","Disarm"],"picked":"Infernal Blade","floor":4},{"not_picked":["Iron Wave","Thunderclap"],"picked":"Flex","floor":6},{"not_picked":["Reckless Charge","Headbutt"],"picked":"Rage","floor":10},{"not_picked":["Anger","Hemokinesis"],"picked":"Armaments","floor":11},{"not_picked":["Havoc","Warcry","Infernal Blade"],"picked":"SKIP","floor":12},{"not_picked":["Havoc","Warcry"],"picked":"Infernal Blade","floor":12},{"not_picked":["Sword Boomerang","Battle Trance"],"picked":"Wild Strike","floor":13},{"not_picked":["Spot Weakness","Pummel"],"picked":"Shrug It Off","floor":14},{"not_picked":["Berserk","Limit Break"],"picked":"Reaper","floor":16},{"not_picked":["Havoc","Second Wind"],"picked":"Shrug It Off","floor":18},{"not_picked":["Whirlwind","Searing Blow"],"picked":"Pommel Strike","floor":21},{"not_picked":["Headbutt+1","Warcry","Spot Weakness"],"picked":"SKIP","floor":23},{"not_picked":["Dual Wield","Power Through"],"picked":"Pommel Strike","floor":25},{"not_picked":["Cleave","Iron Wave+1"],"picked":"Havoc+1","floor":31},{"not_picked":["Barricade","Dark Embrace"],"picked":"Double Tap","floor":33},{"not_picked":["Entrench","Havoc"],"picked":"Perfected Strike","floor":35},{"not_picked":["Burning Pact","Twin Strike"],"picked":"Perfected Strike+1","floor":37},{"not_picked":["Hemokinesis","Battle Trance"],"picked":"Burning Pact+1","floor":39},{"not_picked":["Sword Boomerang","Carnage","Headbutt"],"picked":"SKIP","floor":41},{"not_picked":["Infernal Blade","Iron Wave+1"],"picked":"Rupture","floor":42},{"not_picked":["Burning Pact","Iron Wave"],"picked":"Pommel Strike","floor":44},{"not_picked":["Thunderclap+1","Carnage+1"],"picked":"True Grit","floor":47},{"not_picked":["Warcry","Headbutt"],"picked":"Shrug It Off","floor":48}],"player_experience":1307220,"relics_obtained":[{"floor":2,"key":"Blue Candle"},{"floor":6,"key":"Smiling Mask"},{"floor":9,"key":"Bronze Scales"},{"floor":12,"key":"Kunai"},{"floor":19,"key":"Necronomicon"},{"floor":23,"key":"Tiny Chest"},{"floor":25,"key":"Self Forming Clay"},{"floor":26,"key":"Pen Nib"},{"floor":30,"key":"Pantograph"},{"floor":43,"key":"Bag of Marbles"},{"floor":47,"key":"Singing Bowl"}],"event_choices":[{"damage_healed":0,"gold_gain":75,"player_choice":"Gather Gold","damage_taken":11,"max_hp_gain":0,"max_hp_loss":0,"event_name":"World of Goop","floor":3,"gold_loss":0},{"damage_healed":0,"gold_gain":0,"player_choice":"3 cards matched","damage_taken":0,"max_hp_gain":0,"max_hp_loss":0,"event_name":"Match and Keep!","floor":8,"gold_loss":0,"cards_obtained":["Double Tap","Sentinel","Dark Shackles"]},{"damage_healed":0,"gold_gain":0,"player_choice":"Obtained Book","damage_taken":16,"max_hp_gain":0,"max_hp_loss":0,"event_name":"Cursed Tome","floor":19,"gold_loss":0},{"damage_healed":0,"gold_gain":0,"cards_transformed":["Flex"],"player_choice":"Transformed","damage_taken":0,"max_hp_gain":0,"max_hp_loss":0,"event_name":"Transmorgrifier","floor":20,"gold_loss":0,"cards_obtained":["Intimidate"]},{"damage_healed":0,"gold_gain":0,"player_choice":"Ignored","damage_taken":0,"max_hp_gain":0,"max_hp_loss":0,"event_name":"Ghosts","floor":28,"gold_loss":0},{"damage_healed":0,"gold_gain":0,"player_choice":"Upgraded Two","damage_taken":0,"max_hp_gain":0,"max_hp_loss":0,"event_name":"Designer","floor":36,"gold_loss":40,"cards_upgraded":["Strike_R","Twin Strike"]},{"damage_healed":0,"gold_gain":0,"player_choice":"Paid","damage_taken":0,"relics_obtained":["Red Mask"],"max_hp_gain":0,"max_hp_loss":0,"event_name":"Tomb of Lord Red Mask","floor":45,"gold_loss":107}],"is_beta":false,"boss_relics":[{"not_picked":["Runic Cube","Tiny House"],"picked":"Cursed Key"},{"not_picked":["Coffee Dripper","Pandora\u0027s Box"],"picked":"Black Blood"}],"items_purged_floors":[],"is_endless":false,"potions_floor_spawned":[1,6,10,12,13,18,33,35,42],"ascension_level":12}