{"gold_per_floor":[211,225,244,51,51,79,98,98,98,112,112,127,127],"floor_reached":13,"playtime":410,"items_purged":[],"score":156,"play_id":"a5361dce-0b6b-4a6c-b2af-066d0c9fb63b","local_time":"20190409104330","is_ascension_mode":true,"campfire_choices":[{"floor":11,"key":"REST"}],"neow_cost":"NONE","seed_source_timestamp":2114513995722224,"circlet_count":0,"master_deck":["AscendersBane","Strike_B","Strike_B","Strike_B","Strike_B","Defend_B","Defend_B","Defend_B","Defend_B","Zap+1","Dualcast","Static Discharge","Sunder","Steam","Cold Snap","Electrodynamics","Loop","White Noise","Leap"],"relics":["Cracked Core","DataDisk","Kunai","Shuriken"],"potions_floor_usage":[5],"damage_taken":[{"damage":0,"enemies":"Cultist","floor":1,"turns":3},{"damage":7,"enemies":"Jaw Worm","floor":2,"turns":3},{"damage":8,"enemies":"2 Louse","floor":3,"turns":2},{"damage":0,"enemies":"Large Slime","floor":5,"turns":1},{"damage":32,"enemies":"Gremlin Nob","floor":6,"turns":4},{"damage":6,"enemies":"Looter","floor":7,"turns":3},{"damage":2,"enemies":"Exordium Wildlife","floor":10,"turns":2},{"damage":16,"enemies":"3 Louse","floor":12,"turns":2},{"damage":16,"enemies":"3 Sentries","floor":13,"turns":2}],"seed_played":"-6274626320857743713","potions_obtained":[{"floor":1,"key":"SmokeBomb"},{"floor":3,"key":"Fire Potion"},{"floor":12,"key":"Poison Potion"}],"is_trial":false,"path_per_floor":["M","?"],"character_chosen":"DEFECT","items_purchased":["DataDisk","Cold Snap"],"campfire_rested":1,"item_purchase_floors":[4,4],"current_hp_per_floor":[64,57,49,49,49,17,11,11,11,9,30,14,0],"gold":127,"neow_bonus":"HUNDRED_GOLD","is_prod":false,"is_daily":false,"chose_seed":false,"campfire_upgraded":0,"win_rate":0,"timestamp":1554821010,"path_taken":["M","M","M","$","?","E","M","?","T","M","R","M","E"],"build_version":"2019-01-23","purchased_purges":0,"victory":false,"max_hp_per_floor":[71,71,71,71,71,71,71,71,71,71,71,71,71],"card_choices":[{"not_picked":["Skim","Steam"],"picked":"Static Discharge","floor":1},{"not_picked":["BootSequence","Compile Driver"],"picked":"Sunder","floor":2},{"not_picked":["Turbo","Rebound"],"picked":"Steam","floor":3},{"not_picked":["Rip and Tear","Compile Driver"],"picked":"Electrodynamics","floor":6},{"not_picked":["Conserve Battery","Skim"],"picked":"Loop","floor":7},{"not_picked":["Gash","Tempest"],"picked":"White Noise","floor":10},{"not_picked":["Rebound","Conserve Battery"],"picked":"Leap","floor":12}],"player_experience":1647220,"relics_obtained":[{"floor":6,"key":"Kunai"},{"floor":9,"key":"Shuriken"}],"event_choices":[{"damage_healed":0,"gold_gain":0,"player_choice":"Upgraded","damage_taken":0,"max_hp_gain":0,"max_hp_loss":0,"event_name":"Upgrade Shrine","floor":8,"gold_loss":0,"cards_upgraded":["Zap"]}],"is_beta":false,"boss_relics":[],"items_purged_floors":[],"is_endless":false,"potions_floor_spawned":[1,3,12],"killed_by":"3 Sentries","ascension_level":15}