{"gold_per_floor":[112,130,150,150,30,30,30,59,59,59,69,82,99,99,99,99],"floor_reached":16,"playtime":730,"items_purged":["Strike_G"],"score":153,"play_id":"a76d5390-23de-45bd-9b55-2bdb2f911cad","local_time":"20190325191011","is_ascension_mode":true,"campfire_choices":[{"data":"Caltrops","floor":6,"key":"SMITH"},{"floor":15,"key":"REST"}],"neow_cost":"NONE","seed_source_timestamp":848595347241422,"circlet_count":0,"master_deck":["AscendersBane","Defend_G","Defend_G","Defend_G","Defend_G","Defend_G","Strike_G","Strike_G","Strike_G","Strike_G","Survivor","Neutralize+1","Caltrops+1","PiercingWail","Cloak And Dagger","Crippling Poison","Leg Sweep"],"relics":["Ring of the Snake","NeowsBlessing","Bottled Tornado"],"potions_floor_usage":[16,16,16],"damage_taken":[{"damage":0,"enemies":"Cultist","floor":1,"turns":1},{"damage":0,"enemies":"2 Louse","floor":2,"turns":1},{"damage":0,"enemies":"Small Slimes","floor":3,"turns":1},{"damage":38,"enemies":"Lagavulin","floor":8,"turns":12},{"damage":19,"enemies":"Exordium Wildlife","floor":11,"turns":9},{"damage":0,"enemies":"Exordium Thugs","floor":12,"turns":4},{"damage":2,"enemies":"3 Louse","floor":13,"turns":4},{"damage":20,"enemies":"The Guardian","floor":16,"turns":12}],"seed_played":"5877919904732475383","potions_obtained":[{"floor":2,"key":"Block Potion"},{"floor":7,"key":"SkillPotion"},{"floor":7,"key":"FearPotion"},{"floor":8,"key":"SkillPotion"}],"is_trial":false,"path_per_floor":["M","?","?","M","?"],"character_chosen":"THE_SILENT","items_purchased":["PiercingWail"],"campfire_rested":1,"item_purchase_floors":[5],"current_hp_per_floor":[63,63,63,63,63,63,63,25,25,25,6,6,4,1,22,2],"gold":99,"neow_bonus":"THREE_ENEMY_KILL","is_prod":false,"is_daily":false,"chose_seed":false,"campfire_upgraded":1,"win_rate":0,"timestamp":1553555411,"path_taken":["M","?","M","?","$","R","?","E","T","$","M","M","?","?","R","BOSS"],"build_version":"2019-01-23","purchased_purges":1,"victory":false,"max_hp_per_floor":[70,70,70,70,70,70,70,70,70,70,70,70,70,70,70,70],"card_choices":[{"not_picked":["Bane","Dagger Throw","Acrobatics"],"picked":"SKIP","floor":1},{"not_picked":["Endless Agony","Deadly Poison","Underhanded Strike"],"picked":"SKIP","floor":2},{"not_picked":["Underhanded Strike","Dagger Throw"],"picked":"Caltrops","floor":3},{"not_picked":["Quick Slash","Dagger Spray"],"picked":"Cloak And Dagger","floor":8},{"not_picked":["All Out Attack","Predator"],"picked":"Crippling Poison","floor":11},{"not_picked":["Endless Agony","Slice","Dagger Throw"],"picked":"SKIP","floor":12},{"not_picked":["Cloak And Dagger","Poisoned Stab"],"picked":"Leg Sweep","floor":13}],"player_experience":1013947,"relics_obtained":[{"floor":8,"key":"Bottled Tornado"}],"event_choices":[{"damage_healed":0,"gold_gain":0,"player_choice":"Grow","damage_taken":0,"max_hp_gain":0,"max_hp_loss":0,"event_name":"Living Wall","floor":4,"gold_loss":0,"cards_upgraded":["Neutralize"]},{"damage_healed":0,"gold_gain":0,"player_choice":"Got Potions","damage_taken":0,"max_hp_gain":0,"max_hp_loss":0,"event_name":"Lab","floor":7,"gold_loss":0},{"damage_healed":0,"gold_gain":0,"player_choice":"Fled","damage_taken":3,"max_hp_gain":0,"max_hp_loss":0,"event_name":"Scrap Ooze","floor":14,"gold_loss":0}],"is_beta":false,"boss_relics":[],"items_purged_floors":[5],"is_endless":false,"potions_floor_spawned":[2,8,12],"killed_by":"The Guardian","ascension_level":10}