{"gold_per_floor":[118,131,131,131,3,37,37,53,53,53,69,69,69,88,88,189,189,209,220,232,232,232,257,257,272,297,297,315,39,39,72,72,176,176,190,265,275,21,34,64,64,82,82,82,107,107,126,157,157,157],"floor_reached":50,"playtime":11806,"items_purged":[],"score":676,"play_id":"c01b8926-b0ca-4fff-9985-5449cf70bfcd","local_time":"20190404201201","is_ascension_mode":true,"campfire_choices":[{"data":"Footwork","floor":7.0,"key":"SMITH"},{"data":"Well Laid Plans","floor":10.0,"key":"SMITH"},{"data":"Neutralize","floor":12.0,"key":"SMITH"},{"data":"Quick Slash","floor":15.0,"key":"SMITH"},{"data":"Malaise","floor":24.0,"key":"SMITH"},{"data":"Dodge and Roll","floor":27.0,"key":"SMITH"},{"data":"Acrobatics","floor":32.0,"key":"SMITH"},{"floor":44.0,"key":"REST"},{"data":"Backflip","floor":46,"key":"SMITH"},{"floor":49,"key":"REST"}],"neow_cost":"NONE","seed_source_timestamp":0,"circlet_count":0,"master_deck":["Defend_G+1","Defend_G","Defend_G","Defend_G","Survivor+1","Neutralize+1","Cloak And Dagger","Backflip","Footwork+1","Flying Knee","Well Laid Plans+1","Flying Knee","Dodge and Roll+1","Quick Slash+1","Malaise+1","Bite","Bite","Bite","Bite","Bite","Escape Plan","Backflip+1","Dash","Terror","Acrobatics+1","Grand Finale+1","Acrobatics","Parasite","Footwork+1","Dagger Throw","Dagger Throw"],"special_seed":0,"relics":["Ring of the Snake","Kunai","War Paint","Gremlin Horn","Sozu","Gambling Chip","Potion Belt","TheAbacus","Regal Pillow","WristBlade","Shuriken","StoneCalendar","Paper Crane","Boot","Pear"],"potions_floor_usage":[45],"damage_taken":[{"damage":0.0,"enemies":"2 Louse","floor":1.0,"turns":3.0},{"damage":1.0,"enemies":"Small Slimes","floor":2.0,"turns":4.0},{"damage":1.0,"enemies":"3 Sentries","floor":6.0,"turns":12.0},{"damage":0.0,"enemies":"Cultist","floor":8.0,"turns":4.0},{"damage":0.0,"enemies":"Large Slime","floor":11.0,"turns":6.0},{"damage":0.0,"enemies":"Looter","floor":14.0,"turns":4.0},{"damage":3.0,"enemies":"Slime Boss","floor":16.0,"turns":17.0},{"damage":10.0,"enemies":"2 Thieves","floor":18.0,"turns":5.0},{"damage":0.0,"enemies":"3 Byrds","floor":19.0,"turns":8.0},{"damage":0.0,"enemies":"Sentry and Sphere","floor":20.0,"turns":9.0},{"damage":19.0,"enemies":"Slavers","floor":23.0,"turns":10.0},{"damage":0.0,"enemies":"Shelled Parasite and Fungi","floor":25.0,"turns":7.0},{"damage":0.0,"enemies":"Centurion and Healer","floor":28.0,"turns":10.0},{"damage":3.0,"enemies":"Gremlin Leader","floor":31.0,"turns":9.0},{"damage":4.0,"enemies":"Automaton","floor":33.0,"turns":18.0},{"damage":0.0,"enemies":"3 Shapes","floor":35.0,"turns":3.0},{"damage":2.0,"enemies":"Orb Walker","floor":37.0,"turns":5.0},{"damage":2.0,"enemies":"Writhing Mass","floor":39.0,"turns":7.0},{"damage":39.0,"enemies":"Reptomancer","floor":40.0,"turns":5.0},{"damage":0.0,"enemies":"3 Darklings","floor":42.0,"turns":6.0},{"damage":0,"enemies":"Giant Head","floor":45,"turns":9},{"damage":11,"enemies":"Spire Growth","floor":47,"turns":4},{"damage":62,"enemies":"Reptomancer","floor":48,"turns":7},{"damage":111,"enemies":"Time Eater","floor":50,"turns":15}],"seed_played":"-290117889463223921","potions_obtained":[{"floor":1.0,"key":"Block Potion"},{"floor":6.0,"key":"Block Potion"},{"floor":11.0,"key":"Dexterity Potion"},{"floor":13.0,"key":"GamblersBrew"},{"floor":13.0,"key":"SpeedPotion"}],"is_trial":false,"path_per_floor":["M","M","?","?","$","E","R","M","T","R","M","R","?","M","R","B",null,"M","M","M","?","?","E","R","M","T","R","M","$","?","E","R","B",null,"M","?","M","$","M","E","?","M","T","R","E","R","M","E","R","B"],"character_chosen":"THE_SILENT","items_purchased":["Footwork","Flying Knee","Terror","TheAbacus","Shuriken"],"campfire_rested":2,"item_purchase_floors":[5,5,29,29,38],"current_hp_per_floor":[70,69,62,62,62,63,63,65,65,65,67,67,67,69,69,67,70,60,62,64,64,64,69,69,70,70,70,70,70,70,70,70,70,70,70,63,70,70,70,38,38,50,50,70,70,70,63,29,68,0],"gold":157,"neow_bonus":"RANDOM_COMMON_RELIC","is_prod":false,"is_daily":false,"chose_seed":false,"campfire_upgraded":8,"win_rate":0,"timestamp":1554423121,"path_taken":["M","M","?","?","$","E","R","M","T","R","M","R","?","M","R","BOSS","M","?","M","?","?","E","R","M","T","R","M","$","?","E","R","BOSS","M","?","M","$","?","E","?","?","T","R","E","R","M","E","R","BOSS"],"build_version":"2019-01-23","purchased_purges":0,"victory":false,"max_hp_per_floor":[70,70,70,70,70,70,70,70,70,70,70,70,70,70,70,70,70,70,70,70,70,70,70,70,70,70,70,70,70,70,70,70,70,70,70,70,70,70,70,70,70,70,70,70,70,70,70,80,80,80],"card_choices":[{"not_picked":["Concentrate","Dagger Spray"],"picked":"Cloak And Dagger","floor":1.0},{"not_picked":["Dodge and Roll","Deadly Poison"],"picked":"Backflip","floor":2.0},{"not_picked":["Blade Dance","Choke"],"picked":"Well Laid Plans","floor":6.0},{"not_picked":["Quick Slash","All Out Attack"],"picked":"Flying Knee","floor":8.0},{"not_picked":["Blade Dance","Riddle With Holes"],"picked":"Dodge and Roll","floor":11.0},{"not_picked":["PiercingWail","Poisoned Stab"],"picked":"Quick Slash","floor":14.0},{"not_picked":["Bullet Time","Envenom"],"picked":"Malaise","floor":16.0},{"not_picked":["Dagger Spray","Cloak And Dagger","Bane"],"picked":"SKIP","floor":18.0},{"not_picked":["Underhanded Strike","Dagger Spray","Flying Knee"],"picked":"SKIP","floor":19.0},{"not_picked":["Dagger Throw","Doppelganger","Deadly Poison"],"picked":"SKIP","floor":20.0},{"not_picked":["Tactician","Die Die Die"],"picked":"Escape Plan","floor":23.0},{"not_picked":["Cloak And Dagger+1","Dagger Throw"],"picked":"Backflip","floor":25.0},{"not_picked":["Blade Dance","Deadly Poison"],"picked":"Dash","floor":28.0},{"not_picked":["Tools of the Trade","Deadly Poison"],"picked":"Acrobatics","floor":31.0},{"not_picked":["Glass Knife","Corpse Explosion"],"picked":"Grand Finale","floor":33.0},{"not_picked":["Dash+1","Flying Knee+1"],"picked":"Acrobatics","floor":35.0},{"not_picked":["Deadly Poison+1","Catalyst","Distraction"],"picked":"SKIP","floor":37.0},{"not_picked":["Flying Knee+1","Endless Agony"],"picked":"Footwork+1","floor":39.0},{"not_picked":["Bullet Time","Flying Knee","Tactician"],"picked":"SKIP","floor":40.0},{"not_picked":["Flying Knee+1","Heel Hook+1"],"picked":"Dagger Throw","floor":42.0},{"not_picked":["Deflect","Flying Knee+1","Caltrops+1"],"picked":"SKIP","floor":45},{"not_picked":["Bouncing Flask+1","Sucker Punch","Dodge and Roll+1"],"picked":"SKIP","floor":47},{"not_picked":["Caltrops","Outmaneuver+1"],"picked":"Dagger Throw","floor":48}],"player_experience":110170,"relics_obtained":[{"floor":6.0,"key":"War Paint"},{"floor":9.0,"key":"Gremlin Horn"},{"floor":23.0,"key":"Gambling Chip"},{"floor":26.0,"key":"Potion Belt"},{"floor":31.0,"key":"Regal Pillow"},{"floor":40.0,"key":"StoneCalendar"},{"floor":43.0,"key":"Paper Crane"},{"floor":45,"key":"Boot"},{"floor":48,"key":"Pear"}],"event_choices":[{"damage_healed":0.0,"max_hp_gain":0.0,"max_hp_loss":0.0,"gold_gain":0.0,"event_name":"Scrap Ooze","player_choice":"Success","floor":3.0,"gold_loss":0.0,"damage_taken":7.0,"relics_obtained":["Kunai"]},{"damage_healed":0.0,"max_hp_gain":0.0,"max_hp_loss":0.0,"gold_gain":0.0,"event_name":"Golden Idol","player_choice":"Ignored","floor":4.0,"gold_loss":0.0,"damage_taken":0.0},{"damage_healed":0.0,"max_hp_gain":0.0,"max_hp_loss":0.0,"gold_gain":0.0,"event_name":"Lab","player_choice":"Got Potions","floor":13.0,"gold_loss":0.0,"damage_taken":0.0},{"damage_healed":0.0,"max_hp_gain":0.0,"max_hp_loss":0.0,"gold_gain":0.0,"event_name":"Vampires","player_choice":"Became a vampire (Vial)","floor":21.0,"relics_lost":["Blood Vial"],"gold_loss":0.0,"damage_taken":0.0,"cards_obtained":["Bite","Bite","Bite","Bite","Bite"]},{"cards_removed":["Defend_G"],"damage_healed":0.0,"max_hp_gain":0.0,"max_hp_loss":0.0,"gold_gain":0.0,"event_name":"Back to Basics","player_choice":"Elegance","floor":22.0,"gold_loss":0.0,"damage_taken":0.0},{"damage_healed":0.0,"max_hp_gain":0.0,"max_hp_loss":0.0,"gold_gain":0.0,"event_name":"The Mausoleum","player_choice":"Ignored","floor":30.0,"gold_loss":0.0,"damage_taken":0.0},{"damage_healed":0.0,"max_hp_gain":0.0,"max_hp_loss":0.0,"gold_gain":75.0,"event_name":"FaceTrader","player_choice":"Touch","floor":36.0,"gold_loss":0.0,"damage_taken":7.0},{"damage_healed":0.0,"max_hp_gain":0.0,"max_hp_loss":0.0,"gold_gain":0.0,"event_name":"Accursed Blacksmith","player_choice":"Forge","floor":41.0,"gold_loss":0.0,"damage_taken":0.0,"cards_upgraded":["Grand Finale"]}],"is_beta":false,"boss_relics":[{"not_picked":["Pandora\u0027s Box","Tiny House"],"picked":"Sozu"},{"not_picked":["Eternal Feather","Runic Dome"],"picked":"WristBlade"}],"items_purged_floors":[],"is_endless":false,"potions_floor_spawned":[1,6,11,25,28,31,39,40,42,47],"killed_by":"Time Eater","ascension_level":1}