{"path_per_floor":["M","?","$","M","M","E","M","R","T","?","M","M","$","?","R","B",null,"M","M","?","?","M","$","M"],"character_chosen":"THE_SILENT","items_purchased":["Well Laid Plans","Escape Plan","Fire Potion","Oddly Smooth Stone","Footwork"],"gold_per_floor":[214,214,18,32,53,97,115,115,115,190,204,227,77,42,42,171,171,192,213,213,213,226,186,209],"floor_reached":25,"campfire_rested":0,"playtime":2423,"current_hp_per_floor":[66,49,49,45,45,57,41,41,41,30,35,35,35,52,52,37,70,70,30,30,30,34,34,16],"items_purged":[],"gold":209,"score":231,"play_id":"f01a3976-2389-4387-9b99-01f83ba7e399","is_prod":false,"is_daily":false,"is_ascension_mode":false,"campfire_upgraded":2,"path_taken":["M","?","$","M","M","E","M","R","T","?","M","M","?","?","R","BOSS","M","?","?","?","M","$","M","E"],"build_version":"2018-02-08-PROD1","purchased_purges":0,"victory":false,"master_deck":["Defend_G","Defend_G","Defend_G","Defend_G","Defend_G","Survivor","Neutralize","Well Laid Plans","Well Laid Plans","Escape Plan","Acrobatics","Outmaneuver+1","Blade Dance","Backflip+1","Distraction","Die Die Die","Tools of the Trade","Dagger Spray","Choke+1","Bite","Bite","Bite","Bite","Bite","Deflect+1","Footwork","Caltrops+1"],"max_hp_per_floor":[70,70,70,70,70,70,70,70,70,70,70,70,70,70,70,70,70,70,70,70,49,49,49,49],"relics":["Ring of the Snake","Golden Idol","Calipers","Thread and Needle","Oddly Smooth Stone","Sozu"],"card_choices":[{"not_picked":["Slice","Predator"],"picked":"Well Laid Plans"},{"not_picked":["Dagger Throw","Endless Agony"],"picked":"Acrobatics"},{"not_picked":["Backflip","Acrobatics"],"picked":"Outmaneuver"},{"not_picked":["Quick Slash","Poisoned Stab"],"picked":"Blade Dance"},{"not_picked":["Noxious Fumes","Poisoned Stab"],"picked":"Backflip"},{"not_picked":["PiercingWail","Deflect"],"picked":"Distraction"},{"not_picked":["Slice","Outmaneuver"],"picked":"Die Die Die"},{"not_picked":["Phantasmal Killer","Glass Knife"],"picked":"Tools of the Trade"},{"not_picked":["PiercingWail","Dagger Throw"],"picked":"Dagger Spray"},{"not_picked":["Dagger Throw","Backflip"],"picked":"Choke"},{"not_picked":["Quick Slash","Flying Knee"],"picked":"Deflect"},{"not_picked":["Dodge and Roll","Prepared"],"picked":"Caltrops"}],"player_experience":107338,"potions_floor_usage":[6,6,6,11,16,16],"damage_taken":[{"damage":4,"enemies":"Jaw Worm","floor":1,"turns":7},{"damage":4,"enemies":"Cultist","floor":4,"turns":4},{"damage":0,"enemies":"Small Slimes","floor":5,"turns":4},{"damage":3,"enemies":"3 Sentries","floor":6,"turns":9},{"damage":16,"enemies":"Exordium Thugs","floor":7,"turns":8},{"damage":10,"enemies":"Exordium Wildlife","floor":11,"turns":6},{"damage":0,"enemies":"2 Fungi Beasts","floor":12,"turns":4},{"damage":15,"enemies":"Slime Boss","floor":16,"turns":14},{"damage":0,"enemies":"Shell Parasite","floor":18,"turns":10},{"damage":40,"enemies":"Chosen","floor":19,"turns":8},{"damage":6,"enemies":"Snake Plant","floor":22,"turns":5},{"damage":42,"enemies":"Slaver and Parasite","floor":24,"turns":8},{"damage":16,"enemies":"Slavers","floor":25,"turns":3}],"event_choices":[{"event_name":"Golden Idol","player_choice":"Take Damage","floor":2,"damage_taken":0},{"event_name":"World of Goop","player_choice":"Gather Gold","floor":10,"damage_taken":0},{"event_name":"The Cleric","player_choice":"Healed","floor":14,"damage_taken":0},{"event_name":"Upgrade Shrine","player_choice":"Upgraded","floor":20,"damage_taken":0},{"event_name":"Vampires","player_choice":"Became a vampire","floor":21,"damage_taken":0}],"boss_relics":[{"not_picked":["Tiny House","White Beast Statue"],"picked":"Sozu"}],"potions_floor_spawned":[1,5,6,7,11,24],"seed_played":"8633309730996330236","killed_by":"Slavers","ascension_level":0,"is_trial":false}