{"gold_per_floor":[219,233,233,249,4,4,37,37,37,37,50,84,94,114,114,218,218,231,196,196,219,236,236,253,253,278,278,313,328,328,345,345,441,441,457,475,79,90,104,168,184,218,263,293,307,4,16,44,44,44,44,44,44,78,78],"floor_reached":55,"playtime":6229,"items_purged":["Strike_B","Parasite"],"score":1110,"play_id":"4c7eb505-cfc1-4905-9f5e-156989d1aa1a","local_time":"20190319164942","is_ascension_mode":true,"campfire_choices":[{"data":"Sunder","floor":6,"key":"SMITH"},{"floor":8,"key":"REST"},{"floor":10,"key":"REST"},{"data":"Loop","floor":15,"key":"SMITH"},{"floor":23,"key":"REST"},{"data":"White Noise","floor":25,"key":"SMITH"},{"data":"Defragment","floor":32,"key":"SMITH"},{"floor":49,"key":"RECALL"},{"data":"Echo Form","floor":52,"key":"SMITH"}],"neow_cost":"NONE","seed_source_timestamp":316275656858420,"circlet_count":0,"master_deck":["Strike_B","Strike_B","Strike_B","Defend_B","Defend_B","Defend_B","Defend_B","Zap+1","Dualcast","Sunder+1","Genetic Algorithm","Hologram","Defragment+1","Chill","Conserve Battery","White Noise+1","Loop+1","Echo Form+1","Capacitor+1","Biased Cognition","Self Repair","Ghostly","Ghostly","Ghostly","Ghostly","Ghostly","Biased Cognition","Scrape+1","Sunder+1","Doom and Gloom+1","Melter+1","Defragment","Glacier+1","Glacier+1","Loop+1","Capacitor","Streamline+1","Melter+1","Storm"],"relics":["Cracked Core","Shuriken","Singing Bowl","WingedGreaves","Nuclear Battery","Molten Egg 2","Ancient Tea Set","Bronze Scales","Snecko Eye","Question Card","Tiny Chest","Ginger","Blood Vial","StoneCalendar","Omamori","Lantern"],"potions_floor_usage":[14,19,28,39,55,55],"damage_taken":[{"damage":0,"enemies":"2 Louse","floor":1,"turns":2},{"damage":0,"enemies":"Cultist","floor":2,"turns":3},{"damage":1,"enemies":"Jaw Worm","floor":4,"turns":3},{"damage":59,"enemies":"3 Sentries","floor":7,"turns":9},{"damage":0,"enemies":"Exordium Thugs","floor":11,"turns":4},{"damage":5,"enemies":"Lagavulin","floor":12,"turns":6},{"damage":1,"enemies":"Blue Slaver","floor":13,"turns":3},{"damage":0,"enemies":"Lots of Slimes","floor":14,"turns":6},{"damage":35,"enemies":"Slime Boss","floor":16,"turns":7},{"damage":15,"enemies":"3 Byrds","floor":18,"turns":4},{"damage":16,"enemies":"2 Thieves","floor":19,"turns":5},{"damage":6,"enemies":"Centurion and Healer","floor":22,"turns":7},{"damage":0,"enemies":"Snake Plant","floor":24,"turns":3},{"damage":37,"enemies":"Slavers","floor":28,"turns":6},{"damage":0,"enemies":"Cultist and Chosen","floor":29,"turns":6},{"damage":0,"enemies":"Snecko","floor":31,"turns":5},{"damage":13,"enemies":"Collector","floor":33,"turns":8},{"damage":23,"enemies":"3 Darklings","floor":35,"turns":6},{"damage":1,"enemies":"3 Shapes","floor":36,"turns":5},{"damage":1,"enemies":"Jaw Worm Horde","floor":38,"turns":4},{"damage":0,"enemies":"Writhing Mass","floor":39,"turns":6},{"damage":20,"enemies":"Giant Head","floor":40,"turns":11},{"damage":0,"enemies":"Maw","floor":41,"turns":7},{"damage":16,"enemies":"Nemesis","floor":42,"turns":9},{"damage":0,"enemies":"Reptomancer","floor":44,"turns":10},{"damage":0,"enemies":"3 Darklings","floor":45,"turns":7},{"damage":21,"enemies":"Transient","floor":47,"turns":5},{"damage":0,"enemies":"Nemesis","floor":48,"turns":7},{"damage":30,"enemies":"Time Eater","floor":50,"turns":9},{"damage":5,"enemies":"Shield and Spear","floor":54,"turns":6},{"damage":53,"enemies":"The Heart","floor":55,"turns":9}],"seed_played":"8230675092031882917","potions_obtained":[{"floor":2,"key":"SkillPotion"},{"floor":7,"key":"SteroidPotion"},{"floor":14,"key":"SkillPotion"},{"floor":22,"key":"Explosive Potion"},{"floor":31,"key":"Dexterity Potion"},{"floor":33,"key":"Poison Potion"},{"floor":38,"key":"FocusPotion"},{"floor":39,"key":"PowerPotion"},{"floor":42,"key":"Block Potion"}],"is_trial":false,"path_per_floor":["?","M","?","T","M","?"],"character_chosen":"DEFECT","items_purchased":["Defragment","FairyPotion","Question Card","Doom and Gloom+1","Melter+1","Capacitor","Streamline+1","Melter+1"],"campfire_rested":3,"item_purchase_floors":[5,5,37,37,37,46,46,46],"current_hp_per_floor":[75,75,75,74,74,74,15,37,37,59,59,54,55,55,55,20,63,50,36,36,36,32,56,56,56,56,56,19,19,19,35,35,29,40,24,37,37,36,43,32,41,34,34,49,49,46,25,43,43,22,42,42,42,41,0],"gold":78,"neow_bonus":"HUNDRED_GOLD","is_prod":false,"is_daily":false,"chose_seed":false,"campfire_upgraded":5,"win_rate":0,"timestamp":1553028582,"path_taken":["M","M","?","?","$","R","E","R","T","R","M","E","M","M","R","BOSS","M","M","?","?","?","R","M","R","T","$","E","M","?","M","R","BOSS","M","M","$","M","M","E","M","E","T","E","M","$","M","E","R","BOSS","R","$","E","BOSS"],"build_version":"2019-01-23","purchased_purges":2,"victory":false,"max_hp_per_floor":[75,75,75,75,75,75,75,75,75,75,75,75,77,77,77,77,77,79,81,81,81,83,83,83,83,83,83,83,83,41,43,43,43,43,43,43,43,43,43,45,47,49,49,49,49,46,46,48,48,48,48,48,48,50,50],"card_choices":[{"not_picked":["Cold Snap","Streamline"],"picked":"Sunder","floor":1},{"not_picked":["Skim","Steam"],"picked":"Genetic Algorithm","floor":2},{"not_picked":["Steam Power","Turbo"],"picked":"Hologram","floor":4},{"not_picked":["Redo","Lockon"],"picked":"Chill","floor":7},{"not_picked":["Stack","Steam"],"picked":"Conserve Battery","floor":11},{"not_picked":["Compile Driver","Loop"],"picked":"White Noise","floor":12},{"not_picked":["Sweeping Beam","Chaos","Amplify"],"picked":"Singing Bowl","floor":13},{"not_picked":["Streamline","Storm"],"picked":"Loop","floor":14},{"not_picked":["Reboot","Multi-Cast"],"picked":"Echo Form","floor":16},{"not_picked":["Gash+1","Chaos","Fusion"],"picked":"Singing Bowl","floor":18},{"not_picked":["Streamline+1","Rebound","Hologram"],"picked":"Singing Bowl","floor":19},{"not_picked":["BootSequence","Lockon+1","Storm"],"picked":"Singing Bowl","floor":22},{"not_picked":["Barrage+1","Steam Power+1"],"picked":"Capacitor+1","floor":24},{"not_picked":["Redo","Steam"],"picked":"Biased Cognition","floor":28},{"not_picked":["Conserve Battery","Scrape+1"],"picked":"Self Repair","floor":29},{"not_picked":["Barrage+1","Conserve Battery","Redo"],"picked":"Singing Bowl","floor":31},{"not_picked":["Amplify","Seek"],"picked":"Biased Cognition","floor":33},{"not_picked":["Steam","Conserve Battery+1"],"picked":"Scrape+1","floor":35},{"not_picked":["Hologram","Rebound+1"],"picked":"Sunder+1","floor":36},{"not_picked":["Gash+1","Beam Cell+1","Storm"],"picked":"Defragment","floor":38},{"not_picked":["Go for the Eyes+1","Chill","Lockon+1"],"picked":"Glacier+1","floor":39},{"not_picked":["Conserve Battery","Skim+1","Leap+1","Hologram+1"],"picked":"Singing Bowl","floor":40},{"not_picked":["Rebound+1","Beam Cell+1","Cold Snap+1","Double Energy+1"],"picked":"Singing Bowl","floor":41},{"not_picked":["Amplify","Cold Snap+1","Chaos+1","Steam Power"],"picked":"Singing Bowl","floor":42},{"not_picked":["Loop","Leap","Hologram"],"picked":"Glacier+1","floor":44},{"not_picked":["Compile Driver+1","Steam","Auto Shields+1"],"picked":"Loop+1","floor":45},{"not_picked":["Blizzard+1","Stack+1","Tempest"],"picked":"Storm","floor":47},{"not_picked":["Beam Cell+1","Hyperbeam+1","Glacier","Barrage+1"],"picked":"Singing Bowl","floor":48},{"not_picked":["Hello World+1","Cold Snap+1","Coolheaded+1","Self Repair"],"picked":"Singing Bowl","floor":54}],"player_experience":794056,"relics_obtained":[{"floor":7,"key":"Shuriken"},{"floor":9,"key":"Singing Bowl"},{"floor":12,"key":"WingedGreaves"},{"floor":21,"key":"Ancient Tea Set"},{"floor":28,"key":"Bronze Scales"},{"floor":40,"key":"Tiny Chest"},{"floor":42,"key":"Ginger"},{"floor":43,"key":"Blood Vial"},{"floor":44,"key":"StoneCalendar"},{"floor":48,"key":"Omamori"},{"floor":54,"key":"Lantern"}],"event_choices":[{"damage_healed":0,"gold_gain":0,"player_choice":"Upgraded","damage_taken":0,"max_hp_gain":0,"max_hp_loss":0,"event_name":"Upgrade Shrine","floor":3,"gold_loss":0,"cards_upgraded":["Zap"]},{"damage_healed":0,"gold_gain":0,"player_choice":"Opened","damage_taken":0,"relics_obtained":["Molten Egg 2"],"max_hp_gain":0,"max_hp_loss":0,"event_name":"The Mausoleum","floor":20,"gold_loss":0},{"damage_healed":0,"gold_gain":0,"player_choice":"Became a Ghost","damage_taken":0,"max_hp_gain":0,"max_hp_loss":42,"event_name":"Ghosts","floor":30,"gold_loss":0,"cards_obtained":["Ghostly","Ghostly","Ghostly","Ghostly","Ghostly"]}],"is_beta":false,"boss_relics":[{"not_picked":["Tiny House","Calling Bell"],"picked":"Nuclear Battery"},{"not_picked":["Pandora\u0027s Box","Orrery"],"picked":"Snecko Eye"}],"items_purged_floors":[5,46],"is_endless":false,"potions_floor_spawned":[2,7,12,14,22,31,33,38,39,40,42,45,47],"killed_by":"The Heart","ascension_level":5}