{"gold_per_floor":[109,125,125,125,140,140,195,195,195,195,195,221,240,240,240,311,311,311,311,311,311,311,311,311],"floor_reached":24,"playtime":541,"items_purged":[],"score":317,"play_id":"2b498ae8-2ecf-4c53-875e-585dd15b5c96","local_time":"20190128203332","is_ascension_mode":true,"campfire_choices":[{"data":"Flame Barrier","floor":6,"key":"SMITH"},{"floor":8,"key":"REST"},{"data":"Perfected Strike","floor":10,"key":"SMITH"},{"floor":15,"key":"REST"},{"data":"Rupture","floor":23,"key":"SMITH"}],"neow_cost":"NONE","seed_source_timestamp":629587012239717,"circlet_count":0,"master_deck":["AscendersBane","Strike_R+1","Strike_R+1","Strike_R+1","Strike_R","Strike_R","Defend_R","Defend_R","Defend_R","Defend_R","Bash+1","Flame Barrier+1","Shockwave","Perfected Strike+1","Wild Strike","Rupture+1","Twin Strike","Regret","Reaper","Feel No Pain","J.A.X.","Wild Strike","Wild Strike+1"],"relics":["Burning Blood","Bag of Marbles","Whetstone","Blue Candle","Happy Flower","Dodecahedron","Ectoplasm","Nilry\u0027s Codex"],"potions_floor_usage":[13,22,22],"damage_taken":[{"damage":6,"enemies":"2 Louse","floor":1,"turns":4},{"damage":9,"enemies":"Jaw Worm","floor":2,"turns":4},{"damage":0,"enemies":"Small Slimes","floor":5,"turns":2},{"damage":26,"enemies":"Gremlin Nob","floor":7,"turns":5},{"damage":20,"enemies":"Lagavulin","floor":12,"turns":5},{"damage":0,"enemies":"3 Louse","floor":13,"turns":2},{"damage":46,"enemies":"Slime Boss","floor":16,"turns":11},{"damage":3,"enemies":"Spheric Guardian","floor":18,"turns":3},{"damage":7,"enemies":"3 Byrds","floor":22,"turns":3},{"damage":72,"enemies":"Book of Stabbing","floor":24,"turns":5}],"seed_played":"-4422236917281755448","potions_obtained":[{"floor":1,"key":"LiquidBronze"},{"floor":5,"key":"Fire Potion"},{"floor":18,"key":"Explosive Potion"}],"is_trial":false,"path_per_floor":["M","M","?","?","M","R","?","R","T","R","$","E","M","?","R","B",null,"M","?","?","?","M","R","E"],"character_chosen":"IRONCLAD","items_purchased":[],"campfire_rested":2,"item_purchase_floors":[],"current_hp_per_floor":[80,77,70,52,58,58,38,64,64,64,64,50,56,56,82,42,77,80,80,80,64,63,63,0],"gold":311,"neow_bonus":"TEN_PERCENT_HP_BONUS","is_prod":false,"is_daily":false,"chose_seed":false,"campfire_upgraded":3,"win_rate":0,"timestamp":1548732812,"path_taken":["M","M","?","?","M","R","?","R","T","R","$","E","M","?","R","BOSS","M","?","?","?","M","R","E"],"build_version":"2019-01-23","purchased_purges":0,"victory":false,"max_hp_per_floor":[88,88,88,88,88,88,88,88,88,88,88,88,88,88,88,88,88,88,88,88,88,88,88,88],"card_choices":[{"not_picked":["Second Wind","Iron Wave"],"picked":"Flame Barrier","floor":1},{"not_picked":["Clothesline","Warcry"],"picked":"Shockwave","floor":2},{"not_picked":["Clothesline","True Grit"],"picked":"Perfected Strike","floor":5},{"not_picked":["Thunderclap","Armaments"],"picked":"Wild Strike","floor":7},{"not_picked":["Clothesline","Seeing Red"],"picked":"Rupture","floor":12},{"not_picked":["Offering","Second Wind"],"picked":"Twin Strike","floor":13},{"not_picked":["Limit Break","Brutality"],"picked":"Reaper","floor":16},{"not_picked":["Armaments","Carnage"],"picked":"Feel No Pain","floor":18},{"not_picked":["Hemokinesis+1","Cleave+1"],"picked":"Wild Strike+1","floor":22}],"player_experience":1322729,"relics_obtained":[{"floor":7,"key":"Whetstone"},{"floor":9,"key":"Blue Candle"},{"floor":12,"key":"Happy Flower"},{"floor":21,"key":"Nilry\u0027s Codex"}],"event_choices":[{"damage_healed":0,"gold_gain":0,"player_choice":"Success","damage_taken":7,"relics_obtained":["Bag of Marbles"],"max_hp_gain":0,"max_hp_loss":0,"event_name":"Scrap Ooze","floor":3,"gold_loss":0},{"damage_healed":0,"gold_gain":0,"player_choice":"Entered Light","damage_taken":18,"max_hp_gain":0,"max_hp_loss":0,"event_name":"Shining Light","floor":4,"gold_loss":0,"cards_upgraded":["Bash","Strike_R"]},{"damage_healed":0,"gold_gain":0,"player_choice":"Searched \u00271\u0027 times","damage_taken":0,"max_hp_gain":0,"max_hp_loss":0,"event_name":"Dead Adventurer","floor":7,"gold_loss":0},{"damage_healed":0,"gold_gain":0,"player_choice":"Box","damage_taken":0,"relics_obtained":["Dodecahedron"],"max_hp_gain":0,"max_hp_loss":0,"event_name":"Big Fish","floor":14,"gold_loss":0,"cards_obtained":["Regret"]},{"damage_healed":0,"gold_gain":0,"player_choice":"Obtain J.A.X.","damage_taken":0,"max_hp_gain":0,"max_hp_loss":0,"event_name":"Drug Dealer","floor":19,"gold_loss":0,"cards_obtained":["J.A.X."]},{"damage_healed":0,"gold_gain":0,"player_choice":"Read","damage_taken":0,"max_hp_gain":0,"max_hp_loss":0,"event_name":"The Library","floor":20,"gold_loss":0,"cards_obtained":["Wild Strike"]},{"damage_healed":0,"gold_gain":0,"player_choice":"Obtained Book","damage_taken":16,"max_hp_gain":0,"max_hp_loss":0,"event_name":"Cursed Tome","floor":21,"gold_loss":0}],"is_beta":false,"boss_relics":[{"not_picked":["Coffee Dripper","Runic Dome"],"picked":"Ectoplasm"}],"items_purged_floors":[],"is_endless":false,"potions_floor_spawned":[1,5,12,18],"killed_by":"Book of Stabbing","ascension_level":13}