{"gold_per_floor":[110,110,120,120,188,222,222,242,315,60,80,80,99,24,24,121,121,133,151,66,66,66,66,96,107,131,131,151,76,93,105,105,207,207,217,117,117,0,12,76,96,96,150,168,168,183,283,303,303,303],"floor_reached":51,"playtime":3052,"items_purged":["Defend_B","Defend_B"],"score":774,"play_id":"6cc7ae75-9218-4de9-af8d-fc6f042038c1","local_time":"20190220230527","is_ascension_mode":false,"campfire_choices":[{"data":"Zap","floor":7.0,"key":"SMITH"},{"data":"Conserve Battery","floor":12.0,"key":"SMITH"},{"data":"Strike_B","floor":15.0,"key":"SMITH"},{"data":"Defragment","floor":23,"key":"SMITH"},{"floor":32,"key":"REST"},{"data":"1","floor":49,"key":"LIFT"}],"neow_cost":"TEN_PERCENT_HP_LOSS","seed_source_timestamp":0,"circlet_count":0,"master_deck":["Strike_B+1","Strike_B+1","Zap+1","Conserve Battery+1","Defragment+1","Conserve Battery+1","Conserve Battery+1","FTL+1","Gash+1","Conserve Battery+1"],"special_seed":0,"relics":["Cracked Core","Toxic Egg 2","Molten Egg 2","Kunai","Question Card","Runic Pyramid","Symbiotic Virus","Girya","Whetstone","FaceOfCleric","White Beast Statue","Red Mask","Tiny Chest","Omamori","Torii"],"potions_floor_usage":[28,33,40,44,46,47,47,48],"damage_taken":[{"damage":5.0,"enemies":"Small Slimes","floor":1.0,"turns":4.0},{"damage":0.0,"enemies":"Cultist","floor":3.0,"turns":3.0},{"damage":22.0,"enemies":"Lagavulin","floor":6.0,"turns":6.0},{"damage":0.0,"enemies":"Jaw Worm","floor":8.0,"turns":3.0},{"damage":2.0,"enemies":"Blue Slaver","floor":11.0,"turns":4.0},{"damage":2.0,"enemies":"Gremlin Gang","floor":13.0,"turns":4.0},{"damage":25.0,"enemies":"Slime Boss","floor":16.0,"turns":9.0},{"damage":0,"enemies":"Shell Parasite","floor":18,"turns":5},{"damage":11,"enemies":"2 Thieves","floor":19,"turns":5},{"damage":36,"enemies":"Slavers","floor":24,"turns":5},{"damage":8,"enemies":"Snake Plant","floor":25,"turns":4},{"damage":7,"enemies":"Snecko","floor":28,"turns":5},{"damage":0,"enemies":"Sentry and Sphere","floor":30,"turns":5},{"damage":6,"enemies":"Snake Plant","floor":31,"turns":4},{"damage":1,"enemies":"Champ","floor":33,"turns":11},{"damage":15,"enemies":"3 Darklings","floor":35,"turns":6},{"damage":0,"enemies":"3 Shapes","floor":39,"turns":5},{"damage":3,"enemies":"Nemesis","floor":40,"turns":7},{"damage":0,"enemies":"Transient","floor":41,"turns":5},{"damage":1,"enemies":"Jaw Worm Horde","floor":44,"turns":4},{"damage":3,"enemies":"3 Darklings","floor":46,"turns":7},{"damage":0,"enemies":"Mind Bloom Boss Battle","floor":47,"turns":6},{"damage":9,"enemies":"Writhing Mass","floor":48,"turns":7},{"damage":24,"enemies":"Awakened One","floor":50,"turns":16}],"seed_played":"6492118728120615198","potions_obtained":[{"floor":1.0,"key":"Poison Potion"},{"floor":3.0,"key":"LiquidBronze"},{"floor":8.0,"key":"AttackPotion"},{"floor":13.0,"key":"Regen Potion"},{"floor":25,"key":"SkillPotion"},{"floor":35,"key":"Strength Potion"},{"floor":39,"key":"Weak Potion"},{"floor":40,"key":"SkillPotion"},{"floor":41,"key":"AttackPotion"},{"floor":44,"key":"Block Potion"},{"floor":46,"key":"EssenceOfSteel"},{"floor":47,"key":"Fire Potion"},{"floor":48,"key":"FearPotion"}],"is_trial":false,"path_per_floor":["?","M","?","T","M","$","?","?","?","M","?","M","?","?","$","?","M","?"],"character_chosen":"DEFECT","items_purchased":["Question Card","FTL+1"],"campfire_rested":1,"item_purchase_floors":[10,29],"current_hp_per_floor":[63,63,63,56,56,34,34,34,34,34,32,32,30,30,30,19,68,68,57,57,57,57,57,21,13,13,13,7,7,8,3,24,24,72,58,58,58,58,59,57,58,58,58,58,58,56,57,49,49,26],"gold":303,"neow_bonus":"REMOVE_TWO","is_prod":false,"is_daily":false,"chose_seed":false,"campfire_upgraded":4,"win_rate":0,"timestamp":1550721927,"path_taken":["M","?","?","?","?","E","R","?","T","?","M","R","M","$","R","BOSS","M","M","?","?","?","R","E","?","T","?","M","$","?","M","R","BOSS","M","$","?","?","M","E","M","?","T","M","?","?","?","M","R","BOSS"],"build_version":"2019-01-23","purchased_purges":2,"victory":true,"max_hp_per_floor":[68,68,68,68,68,68,68,68,68,68,68,68,68,68,68,68,68,68,68,68,68,68,68,68,68,68,68,69,69,70,71,71,72,72,73,73,69,69,70,71,72,72,72,73,73,74,75,76,76,77],"card_choices":[{"not_picked":["Reprogram","Scrape"],"picked":"Conserve Battery","floor":1.0},{"not_picked":["Barrage","Compile Driver","Heatsinks"],"picked":"SKIP","floor":3.0},{"not_picked":["Hologram+1","Skim+1","Undo+1"],"picked":"SKIP","floor":6.0},{"not_picked":["Storm","Streamline+1","Melter+1"],"picked":"SKIP","floor":8.0},{"not_picked":["Coolheaded+1","Leap+1","Scrape+1","Cold Snap+1"],"picked":"SKIP","floor":11.0},{"not_picked":["Barrage+1","Cold Snap+1","Sweeping Beam+1","Defragment"],"picked":"SKIP","floor":13.0},{"not_picked":["Loop","Hologram+1","Gash+1"],"picked":"Defragment","floor":18},{"not_picked":["Sweeping Beam+1","Auto Shields+1","Steam+1","Hologram+1"],"picked":"SKIP","floor":19},{"not_picked":["Streamline+1","Darkness+1","Multi-Cast+1"],"picked":"Conserve Battery+1","floor":24},{"not_picked":["Sweeping Beam+1","Aggregate+1","BootSequence+1","White Noise+1"],"picked":"SKIP","floor":25},{"not_picked":["Compile Driver+1","Aggregate+1","Chaos+1"],"picked":"Conserve Battery+1","floor":28},{"not_picked":["Cold Snap+1","Hologram+1","Redo+1"],"picked":"Gash+1","floor":30},{"not_picked":["Cold Snap+1","Hologram+1","Reprogram+1"],"picked":"Conserve Battery+1","floor":31},{"not_picked":["Sweeping Beam+1","Ball Lightning+1","Reprogram+1","Stack+1"],"picked":"SKIP","floor":35},{"not_picked":["Redo+1","Barrage+1","Rebound+1","Steam+1"],"picked":"SKIP","floor":39},{"not_picked":["Steam Power+1","Leap+1","Rip and Tear+1","Echo Form"],"picked":"SKIP","floor":40},{"not_picked":["Capacitor+1","Redo+1","Double Energy+1","Go for the Eyes+1"],"picked":"SKIP","floor":41},{"not_picked":["Coolheaded+1","Ball Lightning+1","Sweeping Beam+1","Hologram+1"],"picked":"SKIP","floor":44},{"not_picked":["Hologram+1","Rebound+1","Aggregate+1","Rip and Tear+1"],"picked":"SKIP","floor":46},{"not_picked":["Blizzard+1","Ball Lightning+1","Steam+1","Chill+1"],"picked":"SKIP","floor":48}],"player_experience":549319,"relics_obtained":[{"floor":5.0,"key":"Toxic Egg 2"},{"floor":6.0,"key":"Molten Egg 2"},{"floor":9.0,"key":"Kunai"},{"floor":24,"key":"Girya"},{"floor":26,"key":"Whetstone"},{"floor":40,"key":"Tiny Chest"},{"floor":43,"key":"Omamori"},{"floor":47,"key":"Torii"}],"event_choices":[{"cards_removed":["Defend_B"],"damage_healed":0.0,"max_hp_gain":0.0,"max_hp_loss":0.0,"gold_gain":0.0,"event_name":"Purifier","player_choice":"Purged","floor":2.0,"gold_loss":0.0,"damage_taken":0.0},{"cards_removed":["Defend_B"],"damage_healed":0.0,"max_hp_gain":0.0,"max_hp_loss":0.0,"gold_gain":0.0,"event_name":"Golden Wing","player_choice":"Card Removal","floor":4.0,"gold_loss":0.0,"damage_taken":7.0},{"damage_healed":0,"gold_gain":0,"player_choice":"Obtained Relic","damage_taken":0,"relics_obtained":["Symbiotic Virus"],"max_hp_gain":0,"max_hp_loss":0,"event_name":"Addict","floor":20,"gold_loss":85},{"damage_healed":0,"gold_gain":0,"player_choice":"Ignored","damage_taken":0,"max_hp_gain":0,"max_hp_loss":0,"event_name":"Vampires","floor":21,"gold_loss":0},{"damage_healed":0,"gold_gain":0,"player_choice":"Ignored","damage_taken":0,"max_hp_gain":0,"max_hp_loss":0,"event_name":"The Mausoleum","floor":22,"gold_loss":0},{"damage_healed":0,"gold_gain":0,"player_choice":"Trade","damage_taken":0,"relics_obtained":["FaceOfCleric"],"max_hp_gain":0,"max_hp_loss":0,"event_name":"FaceTrader","floor":27,"gold_loss":0},{"damage_healed":0,"gold_gain":0,"player_choice":"Max HP","damage_taken":0,"max_hp_gain":0,"max_hp_loss":4,"event_name":"Winding Halls","floor":37,"gold_loss":0},{"damage_healed":0,"gold_gain":0,"player_choice":"Paid","damage_taken":0,"relics_obtained":["Red Mask"],"max_hp_gain":0,"max_hp_loss":0,"event_name":"Tomb of Lord Red Mask","floor":38,"gold_loss":117},{"cards_removed":["Strike_B"],"damage_healed":0,"gold_gain":0,"player_choice":"Offered Basic","damage_taken":0,"max_hp_gain":0,"max_hp_loss":0,"event_name":"Bonfire Elementals","floor":45,"gold_loss":0},{"damage_healed":0,"gold_gain":0,"player_choice":"Fight","damage_taken":0,"max_hp_gain":0,"max_hp_loss":0,"event_name":"MindBloom","floor":47,"gold_loss":0}],"is_beta":false,"boss_relics":[{"not_picked":["Sozu","Busted Crown"],"picked":"Runic Pyramid"},{"not_picked":["Runic Dome","Astrolabe"],"picked":"White Beast Statue"}],"items_purged_floors":[14,36],"is_endless":false,"potions_floor_spawned":[1,3,8,13,25,35,39,40,41,44,46,47,48],"ascension_level":0}