{"gold_per_floor":[111,111,126,144,159,159,188,202,225,236,236,236,250,250,250,347,347,359,359,359,329,43,68,68,96,119,131,154,166,178,190,202,214],"floor_reached":33,"playtime":979,"items_purged":[],"score":425,"play_id":"919aab7d-4126-4bf8-8167-4ef24b51604b","local_time":"20181107131847","is_ascension_mode":true,"campfire_choices":[{"data":"Demon Form","floor":6.0,"key":"SMITH"},{"floor":12.0,"key":"REST"},{"data":"Sword Boomerang","floor":15.0,"key":"SMITH"},{"floor":24.0,"key":"REST"},{"data":"Armaments","floor":27,"key":"SMITH"},{"floor":32,"key":"REST"}],"neow_cost":"NONE","seed_source_timestamp":2406656285487995,"circlet_count":0,"master_deck":["AscendersBane","Strike_R+1","Strike_R+1","Strike_R+1","Strike_R+1","Strike_R+1","Defend_R+1","Defend_R+1","Defend_R+1","Defend_R+1","Bash","True Grit+1","Flex+1","Havoc","Demon Form+1","Sword Boomerang","Sword Boomerang+1","Shockwave","Sword Boomerang","Reaper","Armaments+1","Madness","Exhume","Ghostly Armor+1","Necronomicurse"],"special_seed":0,"relics":["Burning Blood","NeowsBlessing","War Paint","Boot","Velvet Choker","Anchor","Strange Spoon","Juzu Bracelet","Bottled Lightning","MawBank","MutagenicStrength","Necronomicon"],"potions_floor_usage":[33,33,33],"damage_taken":[{"damage":0.0,"enemies":"2 Louse","floor":1.0,"turns":1.0},{"damage":0.0,"enemies":"Cultist","floor":3.0,"turns":1.0},{"damage":0.0,"enemies":"Jaw Worm","floor":4.0,"turns":1.0},{"damage":8.0,"enemies":"Looter","floor":5.0,"turns":4.0},{"damage":48.0,"enemies":"Gremlin Nob","floor":7.0,"turns":6.0},{"damage":21.0,"enemies":"3 Louse","floor":8.0,"turns":4.0},{"damage":13.0,"enemies":"Large Slime","floor":10.0,"turns":8.0},{"damage":11.0,"enemies":"Gremlin Gang","floor":13.0,"turns":4.0},{"damage":23.0,"enemies":"Slime Boss","floor":16.0,"turns":4.0},{"damage":16.0,"enemies":"Shell Parasite","floor":18.0,"turns":4.0},{"damage":23.0,"enemies":"Gremlin Leader","floor":23.0,"turns":5.0},{"damage":15.0,"enemies":"Book of Stabbing","floor":25.0,"turns":5.0},{"damage":43,"enemies":"Spheric Guardian","floor":28,"turns":6},{"damage":76,"enemies":"Champ","floor":33,"turns":7}],"seed_played":"-1572039860037801335","potions_obtained":[{"floor":3.0,"key":"Energy Potion"},{"floor":5.0,"key":"Block Potion"},{"floor":8.0,"key":"Ancient Potion"},{"floor":10.0,"key":"Energy Potion"},{"floor":21.0,"key":"Energy Potion"},{"floor":21.0,"key":"GamblersBrew"},{"floor":23.0,"key":"GamblersBrew"},{"floor":30,"key":"Energy Potion"},{"floor":30,"key":"Strength Potion"}],"is_trial":false,"path_per_floor":["M","?","M","M","M","R","E","M","T","M","?","R","M","?","R","B",null,"M","?","?","?","$","E","R","E","E","T","R","M","?","?","?","R","B"],"character_chosen":"IRONCLAD","items_purchased":["Madness","Strange Spoon"],"campfire_rested":3,"item_purchase_floors":[22,22],"current_hp_per_floor":[78,78,80,80,78,78,36,21,21,14,14,38,33,59,59,42,71,61,61,61,61,61,44,68,59,59,59,26,26,26,10,34,0],"gold":214,"neow_bonus":"THREE_ENEMY_KILL","is_prod":false,"is_daily":false,"chose_seed":false,"campfire_upgraded":3,"win_rate":0,"timestamp":1541621927,"path_taken":["M","?","?","M","?","R","E","M","T","M","?","R","M","?","R","BOSS","M","?","?","?","$","E","R","E","T","R","M","?","?","?","R","BOSS"],"build_version":"2018-11-01","purchased_purges":0,"victory":false,"max_hp_per_floor":[80,80,80,80,80,80,80,80,80,80,80,80,80,80,80,80,80,80,80,80,80,80,80,80,80,80,80,80,80,80,80,80,80],"card_choices":[{"not_picked":["Clash","Cleave"],"picked":"True Grit","floor":1.0},{"not_picked":["Clothesline","Corruption"],"picked":"Flex","floor":3.0},{"not_picked":["Flex","Cleave"],"picked":"Havoc","floor":4.0},{"not_picked":["Corruption","Cleave"],"picked":"Demon Form","floor":5.0},{"not_picked":["True Grit","Perfected Strike"],"picked":"Sword Boomerang","floor":7.0},{"not_picked":["Havoc","Armaments"],"picked":"Sword Boomerang","floor":8.0},{"not_picked":["Flex","Anger"],"picked":"Shockwave","floor":10.0},{"not_picked":["Twin Strike","Flame Barrier"],"picked":"Sword Boomerang","floor":13.0},{"not_picked":["Dark Embrace","Exhume"],"picked":"Reaper","floor":16.0},{"not_picked":["Fire Breathing","True Grit"],"picked":"Armaments","floor":18.0},{"not_picked":["Headbutt+1","Double Tap"],"picked":"Exhume","floor":23.0},{"not_picked":["Dual Wield","Shrug It Off"],"picked":"Ghostly Armor+1","floor":25},{"not_picked":["Pommel Strike","Dual Wield","Reckless Charge"],"picked":"SKIP","floor":28}],"player_experience":1023430,"relics_obtained":[{"floor":7.0,"key":"War Paint"},{"floor":9.0,"key":"Boot"},{"floor":23.0,"key":"Juzu Bracelet"},{"floor":25,"key":"Bottled Lightning"},{"floor":26,"key":"MawBank"},{"floor":31,"key":"Necronomicon"}],"event_choices":[{"damage_healed":0.0,"max_hp_gain":0.0,"max_hp_loss":0.0,"gold_gain":0.0,"event_name":"Upgrade Shrine","player_choice":"Upgraded","floor":2.0,"gold_loss":0.0,"damage_taken":0.0,"cards_upgraded":["True Grit"]},{"damage_healed":0.0,"max_hp_gain":0.0,"max_hp_loss":0.0,"gold_gain":0.0,"event_name":"Golden Wing","player_choice":"Ignored","floor":11.0,"gold_loss":0.0,"damage_taken":0.0},{"damage_healed":26.0,"max_hp_gain":0.0,"max_hp_loss":0.0,"gold_gain":0.0,"event_name":"Big Fish","player_choice":"Banana","floor":14.0,"gold_loss":0.0,"damage_taken":0.0},{"damage_healed":0.0,"max_hp_gain":0.0,"max_hp_loss":0.0,"gold_gain":0.0,"event_name":"Back to Basics","player_choice":"Simplicity","floor":19.0,"gold_loss":0.0,"damage_taken":0.0,"cards_upgraded":["Strike_R","Strike_R","Strike_R","Strike_R","Strike_R","Defend_R","Defend_R","Defend_R"]},{"damage_healed":0.0,"max_hp_gain":0.0,"max_hp_loss":0.0,"gold_gain":0.0,"event_name":"The Mausoleum","player_choice":"Opened","floor":20.0,"gold_loss":0.0,"damage_taken":0.0,"relics_obtained":["Anchor"]},{"damage_healed":0.0,"max_hp_gain":0.0,"max_hp_loss":0.0,"gold_gain":0.0,"event_name":"The Woman in Blue","player_choice":"Bought 2 Potions","floor":21.0,"gold_loss":0.0,"damage_taken":0.0},{"damage_healed":0,"gold_gain":0,"player_choice":"Inject Mutagens","damage_taken":0,"relics_obtained":["MutagenicStrength"],"max_hp_gain":0,"max_hp_loss":0,"event_name":"Drug Dealer","floor":29,"gold_loss":0},{"damage_healed":0,"gold_gain":0,"player_choice":"Got Potions","damage_taken":0,"max_hp_gain":0,"max_hp_loss":0,"event_name":"Lab","floor":30,"gold_loss":0},{"damage_healed":0,"gold_gain":0,"player_choice":"Obtained Book","damage_taken":16,"max_hp_gain":0,"max_hp_loss":0,"event_name":"Cursed Tome","floor":31,"gold_loss":0}],"is_beta":false,"boss_relics":[{"not_picked":["Mark of Pain","Philosopher\u0027s Stone"],"picked":"Velvet Choker"}],"items_purged_floors":[],"is_endless":false,"potions_floor_spawned":[3,5,8,10,23],"killed_by":"Champ","ascension_level":10}