{"gold_per_floor":[116,66,82,99,114,114,142,142,169,183,197,216,227,244,244,343,343,360,375,395,395,395,395,422,308,308,308,327,347,347,358,358,457,457,477,497,6,25,25,59,71,71,71,71,91,91,91,91],"floor_reached":48,"playtime":3304,"items_purged":["Strike_R","Combust"],"score":644,"play_id":"6fe3ae3d-a3c2-46c5-bc46-b8664a4947bd","local_time":"20190320005236","is_ascension_mode":true,"campfire_choices":[{"data":"Body Slam","floor":6,"key":"SMITH"},{"floor":8,"key":"REST"},{"data":"Iron Wave","floor":15,"key":"SMITH"},{"data":"Barricade","floor":23,"key":"SMITH"},{"data":"Entrench","floor":27,"key":"SMITH"},{"floor":30,"key":"REST"},{"data":"True Grit","floor":32,"key":"SMITH"},{"data":"Mayhem","floor":42,"key":"SMITH"},{"data":"Metallicize","floor":44,"key":"SMITH"}],"neow_cost":"PERCENT_DAMAGE","seed_source_timestamp":348163635101489,"circlet_count":0,"master_deck":["Strike_R","Defend_R","Defend_R","Defend_R","Defend_R","Bash","Inflame","Body Slam+1","Armaments","Metallicize+1","Battle Trance","Uppercut","Iron Wave+1","Juggernaut","Shrug It Off","Barricade+1","Entrench+1","Flame Barrier","True Grit+1","Metallicize","Iron Wave+1","Demon Form","Mayhem+1","Disarm"],"relics":["Burning Blood","StoneCalendar","Bronze Scales","Anchor","Empty Cage","Enchiridion","Bag of Preparation","Gambling Chip","Coffee Dripper","Medical Kit","Turnip","Strawberry"],"potions_floor_usage":[24,24,24,24,40],"damage_taken":[{"damage":0,"enemies":"2 Louse","floor":1,"turns":3},{"damage":2,"enemies":"Small Slimes","floor":3,"turns":7},{"damage":7,"enemies":"Jaw Worm","floor":4,"turns":3},{"damage":25,"enemies":"Red Slaver","floor":5,"turns":5},{"damage":40,"enemies":"3 Sentries","floor":7,"turns":7},{"damage":1,"enemies":"Looter","floor":10,"turns":3},{"damage":0,"enemies":"Blue Slaver","floor":11,"turns":3},{"damage":0,"enemies":"2 Fungi Beasts","floor":12,"turns":4},{"damage":0,"enemies":"Looter","floor":13,"turns":2},{"damage":0,"enemies":"3 Louse","floor":14,"turns":4},{"damage":35,"enemies":"Hexaghost","floor":16,"turns":8},{"damage":0,"enemies":"3 Byrds","floor":18,"turns":2},{"damage":2,"enemies":"Chosen","floor":19,"turns":5},{"damage":3,"enemies":"Snake Plant","floor":20,"turns":4},{"damage":36,"enemies":"Gremlin Leader","floor":24,"turns":7},{"damage":23,"enemies":"Shelled Parasite and Fungi","floor":28,"turns":6},{"damage":0,"enemies":"Cultist and Chosen","floor":29,"turns":6},{"damage":0,"enemies":"Snecko","floor":31,"turns":6},{"damage":23,"enemies":"Automaton","floor":33,"turns":12},{"damage":24,"enemies":"3 Darklings","floor":35,"turns":7},{"damage":13,"enemies":"3 Shapes","floor":36,"turns":4},{"damage":10,"enemies":"Spire Growth","floor":38,"turns":5},{"damage":39,"enemies":"Nemesis","floor":40,"turns":7},{"damage":2,"enemies":"4 Shapes","floor":41,"turns":7},{"damage":8,"enemies":"Writhing Mass","floor":45,"turns":5},{"damage":77,"enemies":"Transient","floor":48,"turns":5}],"seed_played":"5386132436133356572","potions_obtained":[{"floor":1,"key":"Swift Potion"},{"floor":4,"key":"Weak Potion"},{"floor":7,"key":"Swift Potion"},{"floor":13,"key":"EntropicBrew"},{"floor":20,"key":"PowerPotion"},{"floor":24,"key":"PowerPotion"},{"floor":33,"key":"Regen Potion"},{"floor":40,"key":"SteroidPotion"},{"floor":41,"key":"EssenceOfSteel"}],"is_trial":false,"path_per_floor":["?","?","?","?","M","?","?"],"character_chosen":"IRONCLAD","items_purchased":["Flame Barrier","Mayhem","Medical Kit"],"campfire_rested":2,"item_purchase_floors":[25,37,37],"current_hp_per_floor":[62,62,66,65,46,46,12,36,36,41,47,53,59,65,65,36,69,75,79,80,64,64,64,34,34,34,34,17,23,47,53,53,36,69,51,44,44,40,40,29,33,33,33,33,31,31,76,0],"gold":91,"neow_bonus":"ONE_RARE_RELIC","is_prod":false,"is_daily":false,"chose_seed":false,"campfire_upgraded":7,"win_rate":0,"timestamp":1553057556,"path_taken":["M","?","M","M","M","R","E","R","T","M","M","M","M","M","R","BOSS","M","M","M","?","?","R","E","$","T","R","M","M","R","M","R","BOSS","M","M","$","M","?","E","?","R","T","R","M","?","?","M"],"build_version":"2019-01-23","purchased_purges":2,"victory":false,"max_hp_per_floor":[80,80,80,80,80,80,80,80,80,80,80,80,80,80,80,80,80,80,80,80,80,80,80,80,80,80,80,80,80,80,80,80,80,80,80,80,80,80,80,87,87,87,87,87,87,87,76,76],"card_choices":[{"not_picked":["Burning Pact","Heavy Blade","Intimidate"],"picked":"SKIP","floor":1},{"not_picked":["Sever Soul","Pommel Strike"],"picked":"Inflame","floor":3},{"not_picked":["Sword Boomerang","Pommel Strike"],"picked":"Body Slam","floor":4},{"not_picked":["Pommel Strike","Wild Strike"],"picked":"Armaments","floor":5},{"not_picked":["Evolve","Carnage","Dual Wield"],"picked":"SKIP","floor":7},{"not_picked":["Cleave","Clothesline"],"picked":"Metallicize","floor":10},{"not_picked":["Dark Embrace","Body Slam"],"picked":"Battle Trance","floor":11},{"not_picked":["Wild Strike","Pummel"],"picked":"Uppercut","floor":12},{"not_picked":["Armaments","Blood for Blood"],"picked":"Iron Wave","floor":13},{"not_picked":["Rage","Cleave","Carnage"],"picked":"SKIP","floor":14},{"not_picked":["Berserk","Barricade"],"picked":"Juggernaut","floor":16},{"not_picked":["Intimidate+1","Sentinel"],"picked":"Shrug It Off","floor":18},{"not_picked":["Clash","Twin Strike+1","Body Slam"],"picked":"SKIP","floor":19},{"not_picked":["Evolve+1","Pommel Strike"],"picked":"Combust","floor":20},{"not_picked":["Demon Form","Dropkick"],"picked":"Entrench","floor":24},{"not_picked":["Warcry+1","Blood for Blood"],"picked":"True Grit","floor":28},{"not_picked":["Flex","Pommel Strike"],"picked":"Metallicize","floor":29},{"not_picked":["Warcry+1","Sentinel"],"picked":"Iron Wave+1","floor":31},{"not_picked":["Berserk","Bludgeon"],"picked":"Demon Form","floor":33},{"not_picked":["Anger+1","Infernal Blade+1","Body Slam"],"picked":"SKIP","floor":35},{"not_picked":["Warcry","Sword Boomerang+1","Evolve+1"],"picked":"SKIP","floor":36},{"not_picked":["Thunderclap","Warcry","Heavy Blade"],"picked":"SKIP","floor":38},{"not_picked":["Wild Strike","Reckless Charge+1","Fiend Fire"],"picked":"SKIP","floor":40},{"not_picked":["Clothesline+1","Rupture+1"],"picked":"Disarm","floor":41},{"not_picked":["Clothesline+1","Headbutt","Fire Breathing+1"],"picked":"SKIP","floor":45}],"player_experience":820408,"relics_obtained":[{"floor":7,"key":"Bronze Scales"},{"floor":9,"key":"Anchor"},{"floor":21,"key":"Enchiridion"},{"floor":24,"key":"Bag of Preparation"},{"floor":26,"key":"Gambling Chip"},{"floor":40,"key":"Strawberry"}],"event_choices":[{"cards_removed":["Strike_R"],"damage_healed":0,"gold_gain":0,"player_choice":"Card Removal","damage_taken":0,"max_hp_gain":0,"max_hp_loss":0,"event_name":"The Cleric","floor":2,"gold_loss":50},{"damage_healed":0,"gold_gain":0,"player_choice":"Obtained Book","damage_taken":16,"max_hp_gain":0,"max_hp_loss":0,"event_name":"Cursed Tome","floor":21,"gold_loss":0},{"damage_healed":0,"gold_gain":0,"player_choice":"Read","damage_taken":0,"max_hp_gain":0,"max_hp_loss":0,"event_name":"The Library","floor":22,"gold_loss":0,"cards_obtained":["Barricade"]},{"damage_healed":0,"gold_gain":0,"player_choice":"Gave Potion","damage_taken":0,"relics_obtained":["Turnip"],"max_hp_gain":0,"max_hp_loss":0,"event_name":"WeMeetAgain","floor":39,"gold_loss":0},{"damage_healed":0,"gold_gain":0,"player_choice":"Memory 1","damage_taken":0,"max_hp_gain":0,"max_hp_loss":0,"event_name":"SensoryStone","floor":46,"gold_loss":0},{"damage_healed":76,"gold_gain":0,"player_choice":"Heal","damage_taken":0,"max_hp_gain":0,"max_hp_loss":11,"event_name":"The Moai Head","floor":47,"gold_loss":0}],"is_beta":false,"boss_relics":[{"not_picked":["Fusion Hammer","Lizard Tail"],"picked":"Empty Cage"},{"not_picked":["Pandora\u0027s Box","Cursed Key"],"picked":"Coffee Dripper"}],"items_purged_floors":[25,37],"is_endless":false,"potions_floor_spawned":[1,4,7,10,13,20,24,28,33,36,40,41],"killed_by":"Transient","ascension_level":5}