{"gold_per_floor":[110,110,123,137,153,178,178,178,178,178],"floor_reached":10,"playtime":1441,"items_purged":[],"score":116,"play_id":"63f1ad51-f7a5-4781-9cf8-d3861c8ab819","local_time":"20190401132409","is_ascension_mode":true,"campfire_choices":[{"data":"Uppercut","floor":7,"key":"SMITH"}],"neow_cost":"NONE","seed_source_timestamp":1431919921489677,"circlet_count":0,"master_deck":["AscendersBane","Strike_R","Strike_R","Strike_R","Strike_R+1","Defend_R","Defend_R","Defend_R+1","Defend_R","Bash","Thunderclap","Reckless Charge","Uppercut+1","Metallicize"],"relics":["Burning Blood","Darkstone Periapt","Letter Opener"],"potions_floor_usage":[10],"damage_taken":[{"damage":3,"enemies":"2 Louse","floor":1,"turns":3},{"damage":7,"enemies":"Small Slimes","floor":3,"turns":5},{"damage":4,"enemies":"Jaw Worm","floor":4,"turns":4},{"damage":6,"enemies":"Red Slaver","floor":5,"turns":3},{"damage":52,"enemies":"Lagavulin","floor":6,"turns":8},{"damage":10,"enemies":"Gremlin Nob","floor":10,"turns":3}],"seed_played":"-6491996492082821987","potions_obtained":[{"floor":3,"key":"Weak Potion"}],"is_trial":false,"path_per_floor":["?","?"],"character_chosen":"IRONCLAD","items_purchased":[],"campfire_rested":0,"item_purchase_floors":[],"current_hp_per_floor":[78,71,70,72,72,26,26,10,10,0],"gold":178,"neow_bonus":"TEN_PERCENT_HP_BONUS","is_prod":false,"is_daily":false,"chose_seed":false,"campfire_upgraded":1,"win_rate":0,"timestamp":1554139449,"path_taken":["M","?","M","M","M","E","R","?","T","E"],"build_version":"2019-01-23","purchased_purges":0,"victory":false,"max_hp_per_floor":[82,82,82,82,82,82,82,82,82,82],"card_choices":[{"not_picked":["Body Slam","Clash"],"picked":"Thunderclap","floor":1},{"not_picked":["Battle Trance","Armaments"],"picked":"Reckless Charge","floor":3},{"not_picked":["Metallicize","Flex"],"picked":"Uppercut","floor":4},{"not_picked":["Fire Breathing","Flex","Sentinel"],"picked":"SKIP","floor":5},{"not_picked":["Dual Wield","Warcry"],"picked":"Metallicize","floor":6}],"player_experience":1371581,"relics_obtained":[{"floor":6,"key":"Darkstone Periapt"},{"floor":9,"key":"Letter Opener"}],"event_choices":[{"cards_removed":["Strike_R"],"damage_healed":0,"gold_gain":0,"player_choice":"Card Removal","damage_taken":7,"max_hp_gain":0,"max_hp_loss":0,"event_name":"Golden Wing","floor":2,"gold_loss":0},{"damage_healed":0,"gold_gain":0,"player_choice":"Entered Light","damage_taken":16,"max_hp_gain":0,"max_hp_loss":0,"event_name":"Shining Light","floor":8,"gold_loss":0,"cards_upgraded":["Defend_R","Strike_R"]}],"is_beta":false,"boss_relics":[],"items_purged_floors":[],"is_endless":false,"potions_floor_spawned":[3],"killed_by":"Gremlin Nob","ascension_level":14}