{"gold_per_floor":[109,128,138,151,163,163,11,11,34,34,44,44],"floor_reached":12,"playtime":1962,"items_purged":[],"score":72,"play_id":"46e0889d-a422-44da-acc8-23e66d48dff8","local_time":"20190131100728","is_ascension_mode":false,"campfire_choices":[{"floor":6,"key":"REST"}],"neow_cost":"NONE","seed_source_timestamp":51917157901442,"circlet_count":0,"master_deck":["Strike_B","Strike_B","Strike_B","Strike_B","Defend_B","Defend_B","Defend_B","Defend_B","Zap","Dualcast","Deep Breath","Hello World","Glacier","Auto Shields","Self Repair","Fusion+1","Sweeping Beam"],"relics":["Cracked Core","Blood Vial","Oddly Smooth Stone"],"potions_floor_usage":[5,5],"damage_taken":[{"damage":0,"enemies":"Cultist","floor":1,"turns":4},{"damage":5,"enemies":"2 Louse","floor":2,"turns":3},{"damage":1,"enemies":"Jaw Worm","floor":3,"turns":4},{"damage":14,"enemies":"Large Slime","floor":4,"turns":8},{"damage":31,"enemies":"Gremlin Gang","floor":5,"turns":5},{"damage":7,"enemies":"Red Slaver","floor":11,"turns":3},{"damage":80,"enemies":"Gremlin Nob","floor":12,"turns":5}],"seed_played":"414979096773403352","potions_obtained":[{"floor":1,"key":"SkillPotion"},{"floor":2,"key":"LiquidBronze"},{"floor":3,"key":"SteroidPotion"}],"is_trial":false,"path_per_floor":["M","M","M","M","M","R","$","?","T","?","M","E"],"character_chosen":"DEFECT","items_purchased":["Blood Vial"],"campfire_rested":1,"item_purchase_floors":[7],"current_hp_per_floor":[75,70,69,55,31,53,53,75,75,75,75,0],"gold":44,"neow_bonus":"RANDOM_COLORLESS","is_prod":false,"is_daily":false,"chose_seed":false,"campfire_upgraded":0,"win_rate":0.0,"timestamp":1548929248,"path_taken":["M","M","M","M","M","R","$","?","T","?","M","E"],"build_version":"2019-01-23","purchased_purges":0,"victory":false,"max_hp_per_floor":[75,75,75,75,75,75,75,75,75,75,75,75],"card_choices":[{"not_picked":["White Noise","Compile Driver"],"picked":"Hello World","floor":1},{"not_picked":["Double Energy","Turbo"],"picked":"Glacier","floor":2},{"not_picked":["Go for the Eyes","Aggregate"],"picked":"Auto Shields","floor":3},{"not_picked":["Compile Driver","Rebound"],"picked":"Self Repair","floor":4},{"not_picked":["Redo","Gash"],"picked":"Fusion","floor":5},{"not_picked":["Leap","Hello World"],"picked":"Sweeping Beam","floor":11}],"player_experience":98641,"relics_obtained":[{"floor":9,"key":"Oddly Smooth Stone"}],"event_choices":[{"damage_healed":25,"gold_gain":0,"player_choice":"Banana","damage_taken":0,"max_hp_gain":0,"max_hp_loss":0,"event_name":"Big Fish","floor":8,"gold_loss":0},{"damage_healed":0,"gold_gain":0,"player_choice":"Upgraded","damage_taken":0,"max_hp_gain":0,"max_hp_loss":0,"event_name":"Upgrade Shrine","floor":10,"gold_loss":0,"cards_upgraded":["Fusion"]}],"is_beta":false,"boss_relics":[],"items_purged_floors":[],"is_endless":false,"potions_floor_spawned":[1,2,3],"killed_by":"Gremlin Nob","ascension_level":0}