{"gold_per_floor":[118,118,118,141,141,181,200,240,240,240,240,254,254,274,274,368,368,387,387,408,70,70,114,127,127],"floor_reached":25,"playtime":810,"items_purged":[],"score":439,"play_id":"0110135f-cbb6-4f8d-aa37-872b89fe0caf","local_time":"20190324164644","is_ascension_mode":true,"campfire_choices":[{"floor":10.0,"key":"REST"},{"floor":15.0,"key":"REST"}],"neow_cost":"NONE","seed_source_timestamp":930386649646500,"circlet_count":0,"master_deck":["AscendersBane","Strike_B","Strike_B","Strike_B","Defend_B+1","Defend_B","Defend_B","Defend_B","Zap","Dualcast+1","Compile Driver+1","Hologram","Cold Snap","Sweeping Beam","Defragment","Ball Lightning","Electrodynamics","Leap","Echo Form","Force Field+1","Sunder+1","Self Repair","Writhe","Recycle"],"special_seed":0,"relics":["Cracked Core","NeowsBlessing","Golden Idol","Boot","Girya","Bottled Tornado","Dream Catcher","Cursed Key","Darkstone Periapt","War Paint","Art of War"],"potions_floor_usage":[25],"damage_taken":[{"damage":0.0,"enemies":"Cultist","floor":1.0,"turns":1.0},{"damage":0.0,"enemies":"Jaw Worm","floor":4.0,"turns":1.0},{"damage":0.0,"enemies":"Gremlin Nob","floor":6.0,"turns":1.0},{"damage":0.0,"enemies":"Small Slimes","floor":7.0,"turns":2.0},{"damage":21.0,"enemies":"Lagavulin","floor":8.0,"turns":6.0},{"damage":0.0,"enemies":"Gremlin Gang","floor":12.0,"turns":2.0},{"damage":7.0,"enemies":"2 Fungi Beasts","floor":14.0,"turns":3.0},{"damage":21.0,"enemies":"Slime Boss","floor":16.0,"turns":7.0},{"damage":2.0,"enemies":"Chosen","floor":18.0,"turns":3.0},{"damage":0.0,"enemies":"2 Thieves","floor":19.0,"turns":1.0},{"damage":5.0,"enemies":"Centurion and Healer","floor":20.0,"turns":5.0},{"damage":38.0,"enemies":"Book of Stabbing","floor":23.0,"turns":7.0},{"damage":9.0,"enemies":"3 Cultists","floor":24.0,"turns":3.0},{"damage":16,"enemies":"Snake Plant","floor":25,"turns":2}],"seed_played":"-4451259604013474464","potions_obtained":[{"floor":4.0,"key":"Fire Potion"},{"floor":5.0,"key":"EntropicBrew"},{"floor":14.0,"key":"SteroidPotion"},{"floor":20.0,"key":"Poison Potion"},{"floor":23.0,"key":"Strength Potion"},{"floor":24.0,"key":"AttackPotion"}],"is_trial":false,"path_per_floor":["M","?","?","M","?","E","M","E","T","R","?","M","?","M","R","B",null,"M","M","M","$","?","E","M","M"],"character_chosen":"DEFECT","items_purchased":["Self Repair","Darkstone Periapt"],"campfire_rested":2,"item_purchase_floors":[21,21],"current_hp_per_floor":[64,50,33,33,33,33,33,12,12,33,15,15,8,1,22,1,54,52,52,47,47,53,22,13,0],"gold":127,"neow_bonus":"THREE_ENEMY_KILL","is_prod":false,"is_daily":false,"chose_seed":false,"campfire_upgraded":0,"win_rate":0,"timestamp":1553471204,"path_taken":["M","?","?","M","?","E","?","E","T","R","?","M","?","M","R","BOSS","M","M","M","$","?","E","M","M"],"build_version":"2019-01-23","purchased_purges":0,"victory":false,"max_hp_per_floor":[71,71,71,71,71,71,71,71,71,71,71,71,71,71,71,71,71,71,71,71,71,77,77,77,77],"card_choices":[{"not_picked":["Stack","Rebound"],"picked":"Compile Driver","floor":1.0},{"not_picked":["Blizzard","Consume"],"picked":"Hologram","floor":4.0},{"not_picked":["Turbo","Storm"],"picked":"Cold Snap","floor":6.0},{"not_picked":["Reinforced Body","Turbo"],"picked":"Sweeping Beam","floor":7.0},{"not_picked":["Conserve Battery","Rip and Tear"],"picked":"Defragment","floor":8.0},{"not_picked":["Loop","Steam Power"],"picked":"Ball Lightning","floor":12.0},{"not_picked":["Fusion","Storm"],"picked":"Electrodynamics","floor":14.0},{"not_picked":["FTL","Conserve Battery"],"picked":"Leap","floor":15.0},{"not_picked":["Amplify","Electrodynamics"],"picked":"Echo Form","floor":16.0},{"not_picked":["Tempest","Stack"],"picked":"Force Field","floor":18.0},{"not_picked":["Cold Snap","Leap"],"picked":"Sunder+1","floor":20.0},{"not_picked":["Beam Cell","FTL"],"picked":"Recycle","floor":23.0},{"not_picked":["Sweeping Beam","Gash+1","Aggregate"],"picked":"SKIP","floor":24.0}],"player_experience":433949,"relics_obtained":[{"floor":6.0,"key":"Boot"},{"floor":8.0,"key":"Girya"},{"floor":9.0,"key":"Bottled Tornado"},{"floor":23.0,"key":"Art of War"}],"event_choices":[{"damage_healed":0.0,"max_hp_gain":0.0,"max_hp_loss":0.0,"gold_gain":0.0,"event_name":"Shining Light","player_choice":"Entered Light","floor":2.0,"gold_loss":0.0,"damage_taken":14.0,"cards_upgraded":["Compile Driver","Dualcast"]},{"damage_healed":0.0,"max_hp_gain":0.0,"max_hp_loss":0.0,"gold_gain":0.0,"event_name":"Golden Idol","player_choice":"Take Damage","floor":3.0,"gold_loss":0.0,"damage_taken":17.0,"relics_obtained":["Golden Idol"]},{"damage_healed":0.0,"max_hp_gain":0.0,"max_hp_loss":0.0,"gold_gain":0.0,"event_name":"Lab","player_choice":"Got Potions","floor":5.0,"gold_loss":0.0,"damage_taken":0.0},{"damage_healed":0.0,"max_hp_gain":0.0,"max_hp_loss":0.0,"gold_gain":0.0,"event_name":"Scrap Ooze","player_choice":"Success","floor":11.0,"gold_loss":0.0,"damage_taken":18.0,"relics_obtained":["Dream Catcher"]},{"cards_removed":["Strike_B"],"damage_healed":0.0,"max_hp_gain":0.0,"max_hp_loss":0.0,"gold_gain":0.0,"event_name":"Golden Wing","player_choice":"Card Removal","floor":13.0,"gold_loss":0.0,"damage_taken":7.0},{"damage_healed":0.0,"max_hp_gain":0.0,"max_hp_loss":0.0,"gold_gain":0.0,"event_name":"The Mausoleum","player_choice":"Opened","floor":22.0,"gold_loss":0.0,"damage_taken":0.0,"relics_obtained":["War Paint"],"cards_obtained":["Writhe"]}],"is_beta":false,"boss_relics":[{"not_picked":["Black Star","Runic Dome"],"picked":"Cursed Key"}],"items_purged_floors":[],"is_endless":false,"potions_floor_spawned":[4,6,14,19,20,23,24],"killed_by":"Snake Plant","ascension_level":14}