{"gold_per_floor":[110,125,125,145,145,185,185,206,206,229,244,282,11,0,0,119,119,139,139,152,152,176,512,512,536,536,536,552,566,566,605,605,605],"floor_reached":33,"playtime":3612,"items_purged":["Bash"],"score":279,"play_id":"5a7df99c-2bca-4e4b-9a7d-e11cb70ce1b2","local_time":"20190104235852","is_ascension_mode":false,"campfire_choices":[{"floor":7.0,"key":"REST"},{"floor":15.0,"key":"REST"},{"floor":24.0,"key":"REST"},{"floor":27,"key":"REST"},{"floor":30,"key":"REST"},{"floor":32,"key":"REST"}],"neow_cost":"NONE","seed_source_timestamp":0,"circlet_count":0,"master_deck":["Strike_R","Strike_R","Strike_R","Strike_R","Strike_R","Defend_R","Defend_R","Defend_R","Defend_R","Perfected Strike","Armaments","Warcry","Perfected Strike","Twin Strike","Bloodletting","Twin Strike","Feed","Warcry+1","Pommel Strike","Flex","Flex","Wild Strike+1","Wild Strike","Rage","Twin Strike","Double Tap"],"special_seed":0,"relics":["Burning Blood","Regal Pillow","Golden Idol","Meat on the Bone","Prayer Wheel","Dodecahedron","Darkstone Periapt","DollysMirror","Black Star","Old Coin","Sundial","Mercury Hourglass","Red Mask"],"potions_floor_usage":[33],"damage_taken":[{"damage":6.0,"enemies":"Cultist","floor":1.0,"turns":3.0},{"damage":0.0,"enemies":"2 Louse","floor":2.0,"turns":2.0},{"damage":7.0,"enemies":"Jaw Worm","floor":4.0,"turns":4.0},{"damage":38.0,"enemies":"3 Sentries","floor":6.0,"turns":8.0},{"damage":9.0,"enemies":"Exordium Wildlife","floor":8.0,"turns":5.0},{"damage":15.0,"enemies":"Looter","floor":10.0,"turns":3.0},{"damage":19.0,"enemies":"Blue Slaver","floor":11.0,"turns":4.0},{"damage":17.0,"enemies":"Gremlin Nob","floor":12.0,"turns":3.0},{"damage":71.0,"enemies":"The Guardian","floor":16.0,"turns":12.0},{"damage":45.0,"enemies":"Shell Parasite","floor":18.0,"turns":6.0},{"damage":25.0,"enemies":"Spheric Guardian","floor":20.0,"turns":4.0},{"damage":30.0,"enemies":"Snake Plant","floor":22.0,"turns":4.0},{"damage":39.0,"enemies":"Gremlin Leader","floor":23.0,"turns":5.0},{"damage":55,"enemies":"Centurion and Healer","floor":25,"turns":8},{"damage":23,"enemies":"Snecko","floor":28,"turns":5},{"damage":15,"enemies":"Snake Plant","floor":29,"turns":3},{"damage":30,"enemies":"Masked Bandits","floor":31,"turns":4},{"damage":101,"enemies":"Champ","floor":33,"turns":9}],"seed_played":"2639350827590054811","potions_obtained":[{"floor":2.0,"key":"PowerPotion"},{"floor":10.0,"key":"Poison Potion"},{"floor":12.0,"key":"Dexterity Potion"},{"floor":16.0,"key":"Strength Potion"},{"floor":18.0,"key":"BloodPotion"},{"floor":22.0,"key":"Strength Potion"},{"floor":25,"key":"Ancient Potion"}],"is_trial":false,"path_per_floor":["M","M","?","M","T","E","R","M","T","M","M","E","$","?","R","B",null,"M","?","M","?","M","E","R","M","T","R","M","M","R","?","R","B"],"character_chosen":"IRONCLAD","items_purchased":["DollysMirror"],"campfire_rested":6,"item_purchase_floors":[13],"current_hp_per_floor":[80,80,60,59,59,39,78,75,75,66,53,54,54,54,80,27,80,53,79,60,60,51,38,77,43,43,83,66,57,86,62,86,0],"gold":605,"neow_bonus":"RANDOM_COMMON_RELIC","is_prod":false,"is_daily":false,"chose_seed":false,"campfire_upgraded":0,"win_rate":0.0,"timestamp":1546667932,"path_taken":["M","?","?","M","?","E","R","M","T","M","M","E","?","?","R","BOSS","M","?","M","?","M","E","R","M","T","R","M","M","R","?","R","BOSS"],"build_version":"2019-01-03v4","purchased_purges":1,"victory":false,"max_hp_per_floor":[80,80,80,80,80,80,80,80,80,80,80,80,80,80,80,80,80,80,80,80,80,83,83,83,86,86,86,86,86,86,86,86,86],"card_choices":[{"not_picked":["Sword Boomerang","Thunderclap"],"picked":"Perfected Strike","floor":1.0},{"not_picked":["Burning Pact","Dropkick"],"picked":"Armaments","floor":2.0},{"not_picked":["Heavy Blade","Headbutt"],"picked":"Warcry","floor":4.0},{"not_picked":["Armaments","Barricade","Heavy Blade"],"picked":"SKIP","floor":6.0},{"not_picked":["Heavy Blade","Shrug It Off"],"picked":"Perfected Strike","floor":8.0},{"not_picked":["Dropkick","Sword Boomerang","Blood for Blood"],"picked":"SKIP","floor":8.0},{"not_picked":["Metallicize","Power Through"],"picked":"Twin Strike","floor":10.0},{"not_picked":["Juggernaut","Shrug It Off"],"picked":"Bloodletting","floor":10.0},{"not_picked":["Clothesline","Armaments","Uppercut"],"picked":"SKIP","floor":11.0},{"not_picked":["Thunderclap","Body Slam","Heavy Blade"],"picked":"SKIP","floor":11.0},{"not_picked":["Cleave","Inflame","Immolate"],"picked":"SKIP","floor":12.0},{"not_picked":["Bludgeon","Offering"],"picked":"Feed","floor":16.0},{"not_picked":["Blood for Blood","Cleave+1"],"picked":"Warcry+1","floor":18.0},{"not_picked":["Cleave+1","Thunderclap","Hemokinesis+1"],"picked":"SKIP","floor":18.0},{"not_picked":["Thunderclap","Wild Strike"],"picked":"Pommel Strike","floor":20.0},{"not_picked":["Iron Wave","Body Slam","Impervious"],"picked":"SKIP","floor":20.0},{"not_picked":["Battle Trance","Anger"],"picked":"Flex","floor":22.0},{"not_picked":["Cleave+1","Warcry"],"picked":"Flex","floor":22.0},{"not_picked":["Dual Wield","Flame Barrier","Cleave+1"],"picked":"SKIP","floor":23.0},{"not_picked":["Heavy Blade+1","Feel No Pain"],"picked":"Wild Strike+1","floor":25},{"not_picked":["Ghostly Armor","Iron Wave+1","Spot Weakness"],"picked":"SKIP","floor":25},{"not_picked":["Iron Wave+1","Clothesline"],"picked":"Wild Strike","floor":28},{"not_picked":["Shrug It Off","Infernal Blade"],"picked":"Rage","floor":28},{"not_picked":["Body Slam","Ghostly Armor"],"picked":"Twin Strike","floor":29},{"not_picked":["Perfected Strike","Headbutt+1"],"picked":"Double Tap","floor":29}],"player_experience":47773,"relics_obtained":[{"floor":5.0,"key":"Meat on the Bone"},{"floor":6.0,"key":"Prayer Wheel"},{"floor":9.0,"key":"Dodecahedron"},{"floor":12.0,"key":"Darkstone Periapt"},{"floor":23.0,"key":"Old Coin"},{"floor":23.0,"key":"Sundial"},{"floor":26,"key":"Mercury Hourglass"},{"floor":31,"key":"Red Mask"}],"event_choices":[{"damage_healed":0.0,"max_hp_gain":0.0,"max_hp_loss":0.0,"gold_gain":0.0,"event_name":"Golden Idol","player_choice":"Take Damage","floor":3.0,"gold_loss":0.0,"damage_taken":20.0,"relics_obtained":["Golden Idol"]},{"damage_healed":0.0,"max_hp_gain":0.0,"max_hp_loss":0.0,"gold_gain":0.0,"event_name":"World of Goop","player_choice":"Left Gold","floor":14.0,"gold_loss":11.0,"damage_taken":0.0},{"damage_healed":26.0,"max_hp_gain":0.0,"max_hp_loss":0.0,"gold_gain":0.0,"event_name":"The Library","player_choice":"Heal","floor":19.0,"gold_loss":0.0,"damage_taken":0.0},{"damage_healed":0.0,"max_hp_gain":0.0,"max_hp_loss":0.0,"gold_gain":0.0,"event_name":"Vampires","player_choice":"Ignored","floor":21.0,"gold_loss":0.0,"damage_taken":0.0},{"damage_healed":0,"gold_gain":0,"player_choice":"Fought Bandits","damage_taken":0,"max_hp_gain":0,"max_hp_loss":0,"event_name":"Masked Bandits","floor":31,"gold_loss":0}],"is_beta":false,"boss_relics":[{"not_picked":["White Beast Statue","Astrolabe"],"picked":"Black Star"}],"items_purged_floors":[13],"is_endless":false,"potions_floor_spawned":[2,10,12,16,18,22,25],"killed_by":"Champ","ascension_level":0}