{"gold_per_floor":[118,131,131,147,49,82,82,92,174,174,208,228,228,241,241,336,336,355,374,387,387,399,399,413,413,413,60,60,60,7,39,39,144,144,160,79,89,109,109,109,139,139,189,219,239,259,278,308,308,308],"floor_reached":51,"playtime":3709,"items_purged":["Strike_R","Clash"],"score":794,"play_id":"1ea2d425-03c1-46b3-a62f-b48f28dc015e","local_time":"20190411144526","is_ascension_mode":false,"campfire_choices":[{"data":"Armaments","floor":7.0,"key":"SMITH"},{"data":"Iron Wave","floor":15.0,"key":"SMITH"},{"data":"Limit Break","floor":23.0,"key":"SMITH"},{"data":"Flex","floor":25.0,"key":"SMITH"},{"data":"Shrug It Off","floor":28.0,"key":"SMITH"},{"data":"Iron Wave","floor":32.0,"key":"SMITH"},{"data":"Whirlwind","floor":40,"key":"SMITH"},{"data":"Offering","floor":42,"key":"SMITH"},{"data":"Corruption","floor":49,"key":"SMITH"}],"neow_cost":"NONE","seed_source_timestamp":74990317165600,"circlet_count":0,"master_deck":["Defend_R+1","Defend_R","Defend_R+1","Defend_R","Bash+1","Clothesline+1","Cleave","Armaments+1","Feel No Pain","Iron Wave+1","Headbutt","Pummel","Seeing Red","Limit Break+1","Feel No Pain","Headbutt+1","Flex+1","Bite","Bite","Bite","Bite","Bite","Shrug It Off+1","Iron Wave+1","Shrug It Off","Rage+1","Offering+1","Disarm","Spot Weakness+1","Ghostly Armor","True Grit","Whirlwind+1","Spot Weakness","Disarm+1","Immolate","Trip","Corruption+1","Shrug It Off+1"],"special_seed":0,"relics":["Burning Blood","War Paint","Ginger","Question Card","PreservedInsect","Sozu","Blue Candle","ClockworkSouvenir","Magic Flower","Orrery","Potion Belt","Happy Flower","Singing Bowl","Lantern"],"potions_floor_usage":[33,50],"damage_taken":[{"damage":0.0,"enemies":"2 Louse","floor":1.0,"turns":3.0},{"damage":0.0,"enemies":"Cultist","floor":2.0,"turns":2.0},{"damage":5.0,"enemies":"Jaw Worm","floor":4.0,"turns":4.0},{"damage":0.0,"enemies":"Gremlin Nob","floor":6.0,"turns":2.0},{"damage":0.0,"enemies":"2 Fungi Beasts","floor":8.0,"turns":2.0},{"damage":8.0,"enemies":"Lagavulin","floor":11.0,"turns":8.0},{"damage":0.0,"enemies":"Blue Slaver","floor":12.0,"turns":3.0},{"damage":0.0,"enemies":"Exordium Wildlife","floor":14.0,"turns":2.0},{"damage":30.0,"enemies":"The Guardian","floor":16.0,"turns":11.0},{"damage":3.0,"enemies":"Chosen","floor":18.0,"turns":4.0},{"damage":8.0,"enemies":"Shell Parasite","floor":19.0,"turns":4.0},{"damage":33.0,"enemies":"Sentry and Sphere","floor":20.0,"turns":6.0},{"damage":21.0,"enemies":"Snecko","floor":22.0,"turns":5.0},{"damage":3.0,"enemies":"Centurion and Healer","floor":24.0,"turns":7.0},{"damage":35.0,"enemies":"Slavers","floor":31.0,"turns":6.0},{"damage":27,"enemies":"Champ","floor":33,"turns":11},{"damage":13,"enemies":"3 Shapes","floor":35,"turns":7},{"damage":1,"enemies":"3 Darklings","floor":37,"turns":4},{"damage":6,"enemies":"Maw","floor":38,"turns":8},{"damage":13,"enemies":"Giant Head","floor":41,"turns":5},{"damage":23,"enemies":"Reptomancer","floor":44,"turns":6},{"damage":15,"enemies":"Writhing Mass","floor":45,"turns":8},{"damage":30,"enemies":"3 Darklings","floor":46,"turns":4},{"damage":42,"enemies":"Jaw Worm Horde","floor":47,"turns":8},{"damage":15,"enemies":"Giant Head","floor":48,"turns":7},{"damage":10,"enemies":"Donu and Deca","floor":50,"turns":6}],"seed_played":"1759060212651706592","potions_obtained":[{"floor":1.0,"key":"Strength Potion"},{"floor":2.0,"key":"AttackPotion"},{"floor":11.0,"key":"Dexterity Potion"},{"floor":16.0,"key":"Block Potion"}],"is_trial":false,"path_per_floor":["M","M","?","M","$","E","R","M","T","?","E","M","?","M","R","B",null,"M","M","M","?","M","R","M","R","T","$","R","?","$","E","R","B",null,"M","$","M","M","?","R","E","R","T","E","M","M","M","E","R","B",null],"character_chosen":"IRONCLAD","items_purchased":["Armaments","ClockworkSouvenir","Iron Wave","Shrug It Off","Spot Weakness"],"campfire_rested":0,"item_purchase_floors":[5,27,27,30,36],"current_hp_per_floor":[80,80,80,80,80,80,80,80,80,85,83,85,85,85,85,61,85,85,83,56,56,54,54,59,59,59,59,59,59,59,42,42,55,59,59,59,59,59,59,59,59,59,59,56,63,57,50,65,65,65],"gold":308,"neow_bonus":"RANDOM_COMMON_RELIC","is_prod":false,"is_daily":false,"chose_seed":false,"campfire_upgraded":9,"win_rate":1,"timestamp":1555019126,"path_taken":["M","M","?","M","$","E","R","?","T","?","E","M","?","M","R","BOSS","M","M","M","?","M","R","M","R","T","$","R","?","$","E","R","BOSS","M","$","M","M","?","R","E","R","T","E","M","M","M","E","R","BOSS"],"build_version":"2019-01-23","purchased_purges":2,"victory":true,"max_hp_per_floor":[80,80,80,80,80,80,80,80,80,85,85,85,85,85,85,85,85,85,85,85,59,59,59,59,59,59,59,59,59,59,59,59,59,59,59,59,59,59,59,59,59,59,59,61,63,63,63,65,65,65],"card_choices":[{"not_picked":["Dual Wield","Wild Strike"],"picked":"Clash","floor":1.0},{"not_picked":["Thunderclap","Warcry"],"picked":"Clothesline","floor":2.0},{"not_picked":["Wild Strike","Thunderclap"],"picked":"Cleave","floor":4.0},{"not_picked":["Clothesline","Pommel Strike"],"picked":"Feel No Pain","floor":6.0},{"not_picked":["Infernal Blade","Warcry"],"picked":"Iron Wave","floor":8.0},{"not_picked":["Uppercut","Warcry","Perfected Strike"],"picked":"Headbutt","floor":11.0},{"not_picked":["Havoc","Rage","Cleave"],"picked":"Pummel","floor":12.0},{"not_picked":["Cleave","Fire Breathing","Clash"],"picked":"Seeing Red","floor":14.0},{"not_picked":["Demon Form","Brutality","Berserk"],"picked":"Limit Break","floor":16.0},{"not_picked":["Seeing Red+1","Hemokinesis","Dropkick+1"],"picked":"Feel No Pain","floor":18.0},{"not_picked":["Feel No Pain","Pommel Strike","Perfected Strike"],"picked":"Headbutt+1","floor":19.0},{"not_picked":["Power Through","Infernal Blade+1","Flame Barrier"],"picked":"Flex","floor":20.0},{"not_picked":["Bloodletting","Perfected Strike","Dual Wield+1","Power Through+1"],"picked":"SKIP","floor":22.0},{"not_picked":["Armaments","Headbutt","Second Wind"],"picked":"Shrug It Off","floor":24.0},{"not_picked":["Clothesline","Brutality","Dropkick+1"],"picked":"Rage+1","floor":31.0},{"not_picked":["Brutality","Berserk","Fiend Fire"],"picked":"Offering","floor":33},{"not_picked":["Entrench","Flex","Whirlwind"],"picked":"Disarm","floor":34},{"not_picked":["Pummel+1","Intimidate","Evolve+1"],"picked":"Spot Weakness+1","floor":34},{"not_picked":["Twin Strike+1","Evolve","Sword Boomerang"],"picked":"Ghostly Armor","floor":34},{"not_picked":["Thunderclap","Perfected Strike","Clash"],"picked":"True Grit","floor":34},{"not_picked":["Rampage+1","Shrug It Off","Wild Strike"],"picked":"Whirlwind","floor":34},{"not_picked":["Sword Boomerang","Body Slam","Wild Strike+1","Clash"],"picked":"SKIP","floor":35},{"not_picked":["Sword Boomerang","Body Slam","Wild Strike+1","Clash"],"picked":"SKIP","floor":35},{"not_picked":["Body Slam+1","Sword Boomerang+1","Pommel Strike"],"picked":"Disarm+1","floor":37},{"not_picked":["Iron Wave+1","Twin Strike","Dropkick+1"],"picked":"Immolate","floor":38},{"not_picked":["Jack Of All Trades","Enlightenment","Madness"],"picked":"Trip","floor":39},{"not_picked":["Sever Soul","Rampage","Body Slam","Twin Strike"],"picked":"SKIP","floor":41},{"not_picked":["Searing Blow","Sentinel","Intimidate","Shrug It Off"],"picked":"Singing Bowl","floor":44},{"not_picked":["Burning Pact","Bloodletting+1","Pommel Strike","Ghostly Armor"],"picked":"Singing Bowl","floor":45},{"not_picked":["Flex+1","Thunderclap","Pommel Strike+1"],"picked":"Corruption","floor":46},{"not_picked":["Clash+1","Heavy Blade","Battle Trance"],"picked":"Shrug It Off+1","floor":47},{"not_picked":["Fiend Fire","Pommel Strike","Warcry","Perfected Strike+1"],"picked":"Singing Bowl","floor":48}],"player_experience":298456,"relics_obtained":[{"floor":6.0,"key":"Ginger"},{"floor":9.0,"key":"Question Card"},{"floor":11.0,"key":"PreservedInsect"},{"floor":26.0,"key":"Blue Candle"},{"floor":31.0,"key":"Magic Flower"},{"floor":41,"key":"Potion Belt"},{"floor":43,"key":"Happy Flower"},{"floor":44,"key":"Singing Bowl"},{"floor":48,"key":"Lantern"}],"event_choices":[{"damage_healed":0.0,"max_hp_gain":0.0,"max_hp_loss":0.0,"gold_gain":0.0,"event_name":"Accursed Blacksmith","player_choice":"Forge","floor":3.0,"gold_loss":0.0,"damage_taken":0.0,"cards_upgraded":["Bash"]},{"damage_healed":0.0,"max_hp_gain":5.0,"max_hp_loss":0.0,"gold_gain":0.0,"event_name":"Big Fish","player_choice":"Donut","floor":10.0,"gold_loss":0.0,"damage_taken":0.0},{"damage_healed":0.0,"max_hp_gain":0.0,"max_hp_loss":0.0,"gold_gain":0.0,"event_name":"Living Wall","player_choice":"Grow","floor":13.0,"gold_loss":0.0,"damage_taken":0.0,"cards_upgraded":["Clothesline"]},{"damage_healed":0.0,"max_hp_gain":0.0,"max_hp_loss":26.0,"gold_gain":0.0,"event_name":"Vampires","player_choice":"Became a vampire","floor":21.0,"gold_loss":0.0,"damage_taken":0.0,"cards_obtained":["Bite","Bite","Bite","Bite","Bite"]},{"damage_healed":0.0,"max_hp_gain":0.0,"max_hp_loss":0.0,"gold_gain":0.0,"event_name":"NoteForYourself","player_choice":"Ignored","floor":29.0,"gold_loss":0.0,"damage_taken":0.0},{"damage_healed":0,"gold_gain":0,"player_choice":"Memory 1","damage_taken":0,"max_hp_gain":0,"max_hp_loss":0,"event_name":"SensoryStone","floor":39,"gold_loss":0}],"is_beta":false,"boss_relics":[{"not_picked":["Runic Cube","Busted Crown"],"picked":"Sozu"},{"not_picked":["Lizard Tail","Empty Cage"],"picked":"Orrery"}],"items_purged_floors":[5,27],"is_endless":false,"potions_floor_spawned":[1,2,11,16,18,33,38,41,48],"ascension_level":0}