{"gold_per_floor":[116,11,11,11,25,25,37,70,118,118,146,159,85,113,113,217,267,278,78,108,118,43,78,91,105,130,142,177,188,200,103,103,204,204,221,221,131,131,166,196,196,231,231,246,279,305,319,330,330,330],"floor_reached":51,"playtime":1374,"items_purged":[],"score":1430,"play_id":"2b1b8b62-9150-488f-bcd2-2966c7cc3dd2","local_time":"20181114093257","daily_mods":["Draft","Hoarder","DeadlyEvents"],"is_ascension_mode":false,"campfire_choices":[{"data":"Body Slam","floor":6,"key":"SMITH"},{"data":"Body Slam","floor":10,"key":"SMITH"},{"data":"Havoc","floor":15,"key":"SMITH"},{"floor":32,"key":"REST"},{"data":"Madness","floor":41,"key":"SMITH"},{"data":"1","floor":49,"key":"LIFT"}],"neow_cost":"","seed_source_timestamp":0,"circlet_count":0,"master_deck":["Flame Barrier","Flame Barrier","Flame Barrier","Shrug It Off","Shrug It Off","Shrug It Off","Perfected Strike","Perfected Strike","Perfected Strike","Flex","Flex","Flex","Shockwave","Shockwave","Shockwave","Flex","Flex","Flex","Metallicize","Metallicize","Metallicize","Iron Wave","Iron Wave","Iron Wave","Body Slam","Body Slam","Body Slam+1","Anger+1","Anger","Anger+1","Wild Strike","Wild Strike","Wild Strike","Body Slam","Body Slam+1","Body Slam","Flame Barrier","Flame Barrier","Flame Barrier","Inflame","Inflame","Inflame","Wild Strike","Wild Strike","Wild Strike","Sword Boomerang","Sword Boomerang","Sword Boomerang","Wild Strike","Wild Strike","Wild Strike+1","Flex","Flex","Flex","Demon Form","Demon Form","Demon Form","Perfected Strike","Perfected Strike","Perfected Strike","Pummel","Pummel","Pummel","Ghostly Armor","Ghostly Armor","Ghostly Armor","Heavy Blade+1","Heavy Blade+1","Heavy Blade+1","Havoc+1","Havoc","Havoc+1","Reckless Charge+1","Reckless Charge+1","Reckless Charge+1","Body Slam+1","Body Slam+1","Body Slam+1","Barricade","Barricade","Barricade","Sever Soul+1","Sever Soul+1","Sever Soul+1","Twin Strike+1","Twin Strike+1","Twin Strike+1","Shame","Pommel Strike+1","Pommel Strike+1","Pommel Strike+1","Perfected Strike+1","Perfected Strike+1","Perfected Strike+1","Double Tap","Double Tap","Double Tap","Seeing Red+1","Seeing Red+1","Seeing Red+1","Anger+1","Anger+1","Anger+1","Mind Blast+1","Mind Blast+1","Mind Blast+1","Reaper+1","Reaper+1","Reaper+1","Heavy Blade+1","Heavy Blade+1","Heavy Blade+1","Madness+1","Madness","Madness","Madness","Madness","Madness","Body Slam+1","Body Slam+1","Body Slam+1","Reaper+1","Reaper+1","Reaper+1","Anger+1","Anger+1","Anger+1","Perfected Strike+1","Perfected Strike+1","Perfected Strike+1","Twin Strike+1","Twin Strike+1","Twin Strike+1","Seeing Red+1","Seeing Red+1","Seeing Red+1","Pommel Strike+1","Pommel Strike+1","Pommel Strike+1","Pommel Strike+1","Pommel Strike+1","Pommel Strike+1"],"relics":["Burning Blood","Lantern","Whetstone","Molten Egg 2","Meat on the Bone","Tiny House","Vajra","Tiny Chest","Ornamental Fan","Ancient Tea Set","Question Card","Eternal Feather","Bird Faced Urn","Oddly Smooth Stone","Anchor","Bottled Flame","Girya","Blood Vial"],"potions_floor_usage":[16,16,23,28,29,30,47,50,50,50],"damage_taken":[{"damage":3,"enemies":"Jaw Worm","floor":1,"turns":2},{"damage":3,"enemies":"Small Slimes","floor":5,"turns":3},{"damage":0,"enemies":"2 Louse","floor":7,"turns":2},{"damage":6,"enemies":"Gremlin Nob","floor":8,"turns":3},{"damage":7,"enemies":"Lagavulin","floor":11,"turns":4},{"damage":0,"enemies":"Lots of Slimes","floor":12,"turns":3},{"damage":1,"enemies":"3 Sentries","floor":14,"turns":4},{"damage":12,"enemies":"Hexaghost","floor":16,"turns":6},{"damage":0,"enemies":"3 Byrds","floor":18,"turns":3},{"damage":10,"enemies":"2 Thieves","floor":21,"turns":4},{"damage":35,"enemies":"Gremlin Leader","floor":23,"turns":5},{"damage":4,"enemies":"Snecko","floor":24,"turns":3},{"damage":0,"enemies":"Cultist and Chosen","floor":25,"turns":3},{"damage":9,"enemies":"Snake Plant","floor":27,"turns":3},{"damage":15,"enemies":"Book of Stabbing","floor":28,"turns":3},{"damage":11,"enemies":"Shelled Parasite and Fungi","floor":29,"turns":5},{"damage":16,"enemies":"Centurion and Healer","floor":30,"turns":3},{"damage":0,"enemies":"Collector","floor":33,"turns":1},{"damage":0,"enemies":"3 Shapes","floor":35,"turns":1},{"damage":0,"enemies":"Nemesis","floor":39,"turns":1},{"damage":0,"enemies":"Reptomancer","floor":40,"turns":1},{"damage":0,"enemies":"Giant Head","floor":42,"turns":3},{"damage":0,"enemies":"3 Darklings","floor":44,"turns":1},{"damage":0,"enemies":"Reptomancer","floor":45,"turns":1},{"damage":0,"enemies":"Nemesis","floor":46,"turns":1},{"damage":12,"enemies":"Transient","floor":47,"turns":5},{"damage":0,"enemies":"Sphere and 2 Shapes","floor":48,"turns":1},{"damage":45,"enemies":"Awakened One","floor":50,"turns":5}],"seed_played":"-3734913922360955282","potions_obtained":[{"floor":7,"key":"BloodPotion"},{"floor":11,"key":"Swift Potion"},{"floor":12,"key":"FearPotion"},{"floor":17,"key":"SpeedPotion"},{"floor":23,"key":"Explosive Potion"},{"floor":24,"key":"Strength Potion"},{"floor":25,"key":"EssenceOfSteel"},{"floor":33,"key":"Block Potion"},{"floor":44,"key":"Poison Potion"},{"floor":45,"key":"LiquidBronze"},{"floor":48,"key":"Poison Potion"}],"is_trial":true,"path_per_floor":["M","$","?","?","M","R","M","E","T","R","E","M","$","E","R","B",null,"M","$","?","M","?","E","M","M","T","M","E","M","M","$","R","B",null,"M","$","?","?","E","E","R","E","T","M","E","E","M","M","R","B",null],"character_chosen":"IRONCLAD","items_purchased":["Wild Strike","Flex","Reckless Charge+1","Twin Strike+1","Vajra","Mind Blast+1"],"campfire_rested":1,"item_purchase_floors":[2,2,13,19,19,31],"current_hp_per_floor":[80,80,80,80,80,80,80,80,80,80,79,80,80,80,80,74,85,85,85,85,81,81,60,62,68,68,65,56,51,53,53,78,84,85,85,85,85,74,80,85,85,85,85,85,85,85,79,85,85,58],"gold":330,"neow_bonus":"","is_prod":false,"is_daily":false,"chose_seed":false,"campfire_upgraded":4,"win_rate":0,"timestamp":1542213177,"path_taken":["M","$","?","?","M","R","?","E","T","R","E","M","?","?","R","BOSS","M","$","?","?","?","E","M","M","T","?","?","M","M","$","R","BOSS","M","$","?","?","?","?","R","E","T","M","?","E","M","?","R","BOSS"],"build_version":"2018-11-08","purchased_purges":0,"victory":true,"max_hp_per_floor":[80,80,80,80,80,80,80,80,80,80,80,80,80,80,80,80,85,85,85,85,85,85,85,85,85,85,85,85,85,85,85,85,85,85,85,85,85,85,85,85,85,85,85,85,85,85,85,85,85,85],"card_choices":[{"not_picked":["Anger","Armaments"],"picked":"Flame Barrier","floor":0},{"not_picked":["Warcry","Second Wind"],"picked":"Shrug It Off","floor":0},{"not_picked":["Havoc","Sever Soul"],"picked":"Perfected Strike","floor":0},{"not_picked":["Sword Boomerang","Havoc"],"picked":"Flex","floor":0},{"not_picked":["Metallicize","Clothesline"],"picked":"Shockwave","floor":0},{"not_picked":["Evolve","Shockwave"],"picked":"Flex","floor":0},{"not_picked":["Rampage","Flex"],"picked":"Metallicize","floor":0},{"not_picked":["Clash","Flame Barrier"],"picked":"Iron Wave","floor":0},{"not_picked":["Clash","Sword Boomerang"],"picked":"Body Slam","floor":0},{"not_picked":["Iron Wave","Rupture"],"picked":"Anger","floor":0},{"not_picked":["Flex","Clash"],"picked":"Wild Strike","floor":0},{"not_picked":["Sever Soul","Thunderclap"],"picked":"Body Slam","floor":0},{"not_picked":["Thunderclap","Inflame"],"picked":"Flame Barrier","floor":0},{"not_picked":["Fire Breathing","Infernal Blade"],"picked":"Inflame","floor":0},{"not_picked":["Headbutt","Shrug It Off"],"picked":"Wild Strike","floor":0},{"not_picked":["Thunderclap","Disarm"],"picked":"Sword Boomerang","floor":1},{"not_picked":["Impervious","Wild Strike"],"picked":"Perfected Strike","floor":5},{"not_picked":["Second Wind","Cleave"],"picked":"Pummel","floor":7},{"not_picked":["Searing Blow","Body Slam"],"picked":"Ghostly Armor","floor":8},{"not_picked":["Demon Form","Sword Boomerang"],"picked":"Heavy Blade","floor":11},{"not_picked":["Clash+1","Entrench"],"picked":"Havoc","floor":12},{"not_picked":["Dual Wield","Rage"],"picked":"Body Slam+1","floor":14},{"not_picked":["Juggernaut","Offering"],"picked":"Barricade","floor":16},{"not_picked":["Havoc","Carnage+1"],"picked":"Sever Soul+1","floor":17},{"not_picked":["Shockwave","Bloodletting","Headbutt+1"],"picked":"SKIP","floor":18},{"not_picked":["Burning Pact","Clash+1"],"picked":"Pommel Strike+1","floor":21},{"not_picked":["Sword Boomerang+1","Bloodletting"],"picked":"Perfected Strike+1","floor":23},{"not_picked":["Fire Breathing","Rampage+1","Entrench"],"picked":"SKIP","floor":24},{"not_picked":["Ghostly Armor","Metallicize"],"picked":"Double Tap","floor":25},{"not_picked":["Cleave+1","Havoc","Feel No Pain"],"picked":"SKIP","floor":27},{"not_picked":["Rampage+1","Headbutt+1","Warcry"],"picked":"SKIP","floor":28},{"not_picked":["Clash+1","Ghostly Armor","Feel No Pain"],"picked":"Seeing Red+1","floor":29},{"not_picked":["Searing Blow+1","Rampage+1","Reckless Charge+1"],"picked":"Anger+1","floor":30},{"not_picked":["Immolate+1","Juggernaut","Dark Embrace"],"picked":"Reaper+1","floor":33},{"not_picked":["Clash+1","True Grit","Shockwave+1"],"picked":"Heavy Blade+1","floor":35},{"not_picked":["Immolate+1","Rampage+1","Headbutt+1"],"picked":"Body Slam+1","floor":39},{"not_picked":["Cleave+1","Anger+1","Iron Wave+1"],"picked":"Reaper+1","floor":40},{"not_picked":["Demon Form","Feel No Pain+1","Reckless Charge+1"],"picked":"Anger+1","floor":42},{"not_picked":["Heavy Blade+1","Whirlwind+1","Pummel+1"],"picked":"Perfected Strike+1","floor":44},{"not_picked":["Intimidate","Anger+1","Heavy Blade+1"],"picked":"Twin Strike+1","floor":45},{"not_picked":["Headbutt+1","Clash+1","Spot Weakness"],"picked":"Seeing Red+1","floor":46},{"not_picked":["Armaments+1","Intimidate","Disarm"],"picked":"Pommel Strike+1","floor":47},{"not_picked":["Ghostly Armor","Clothesline+1","Sentinel+1"],"picked":"Pommel Strike+1","floor":48}],"player_experience":1062998,"relics_obtained":[{"floor":8,"key":"Lantern"},{"floor":9,"key":"Whetstone"},{"floor":11,"key":"Molten Egg 2"},{"floor":14,"key":"Meat on the Bone"},{"floor":23,"key":"Ornamental Fan"},{"floor":26,"key":"Ancient Tea Set"},{"floor":28,"key":"Question Card"},{"floor":39,"key":"Bird Faced Urn"},{"floor":40,"key":"Oddly Smooth Stone"},{"floor":42,"key":"Anchor"},{"floor":43,"key":"Bottled Flame"},{"floor":45,"key":"Girya"},{"floor":46,"key":"Blood Vial"}],"event_choices":[{"damage_healed":0,"gold_gain":0,"player_choice":"1 cards matched","damage_taken":0,"max_hp_gain":0,"max_hp_loss":0,"event_name":"Match and Keep!","floor":3,"gold_loss":0,"cards_obtained":["Demon Form"]},{"damage_healed":0,"gold_gain":0,"player_choice":"Leave","damage_taken":0,"max_hp_gain":0,"max_hp_loss":0,"event_name":"The Cleric","floor":4,"gold_loss":0},{"damage_healed":0,"gold_gain":0,"player_choice":"Stole Relic","damage_taken":0,"relics_obtained":["Tiny Chest"],"max_hp_gain":0,"max_hp_loss":0,"event_name":"Addict","floor":20,"gold_loss":0,"cards_obtained":["Shame"]},{"cards_removed":["Shame"],"damage_healed":0,"gold_gain":0,"player_choice":"Gave Gold","damage_taken":0,"max_hp_gain":0,"max_hp_loss":0,"event_name":"Beggar","floor":22,"gold_loss":75},{"cards_removed":["Shame"],"damage_healed":0,"gold_gain":0,"player_choice":"Upgrade and Remove","damage_taken":0,"max_hp_gain":0,"max_hp_loss":0,"event_name":"Designer","floor":37,"gold_loss":90,"cards_upgraded":["Havoc"]},{"damage_healed":0,"gold_gain":0,"player_choice":"Embrace Madness","damage_taken":11,"max_hp_gain":0,"max_hp_loss":0,"event_name":"Winding Halls","floor":38,"gold_loss":0,"cards_obtained":["Madness","Madness"]}],"is_beta":false,"boss_relics":[{"not_picked":["Runic Dome","Coffee Dripper"],"picked":"Tiny House"},{"not_picked":["Black Blood","Philosopher\u0027s Stone"],"picked":"Eternal Feather"}],"items_purged_floors":[],"is_endless":false,"potions_floor_spawned":[7,11,12,23,24,25,33,44,45,46,48],"ascension_level":0}