{"gold_per_floor":[19,36,53,53,73,98,109,143,143,108,118,118,118,137,137,236,236,250,250,264,264,280,280,297,297,297,323,357,376,376,389,389,389],"floor_reached":33,"playtime":1423,"items_purged":[],"score":306,"play_id":"ed29a7a8-0557-48cf-824e-200fa60fedec","local_time":"20180727064446","is_ascension_mode":false,"campfire_choices":[{"data":"Feed","floor":13,"key":"SMITH"},{"data":"Inflame","floor":15,"key":"SMITH"},{"data":"Bludgeon","floor":23,"key":"SMITH"},{"data":"Havoc","floor":30,"key":"SMITH"},{"data":"Warcry","floor":32,"key":"SMITH"}],"neow_cost":"NO_GOLD","seed_source_timestamp":47426037411840,"circlet_count":0,"master_deck":["Defend_R","Defend_R","Defend_R","Bash","Intimidate","Pommel Strike","Havoc+1","Clash","Feed+1","Havoc","Sever Soul","Twin Strike","Inflame+1","Double Tap","Clash","Bludgeon+1","Havoc+1","Bite","Bite","Bite","Bite","Bite","Rage","Armaments+1","Warcry+1"],"relics":["Burning Blood","Oddly Smooth Stone","Question Card","Mummified Hand","Red Skull","White Beast Statue","Enchiridion","Incense Burner","Magic Flower","Red Mask"],"potions_floor_usage":[5,16,20,20,27,27,29,31,33],"damage_taken":[{"damage":4,"enemies":"2 Louse","floor":1,"turns":3},{"damage":0,"enemies":"Cultist","floor":2,"turns":3},{"damage":3,"enemies":"Small Slimes","floor":3,"turns":3},{"damage":22,"enemies":"Exordium Wildlife","floor":5,"turns":4},{"damage":25,"enemies":"3 Sentries","floor":6,"turns":9},{"damage":6,"enemies":"Large Slime","floor":7,"turns":5},{"damage":13,"enemies":"Lagavulin","floor":8,"turns":7},{"damage":0,"enemies":"Looter","floor":11,"turns":2},{"damage":10,"enemies":"Blue Slaver","floor":14,"turns":4},{"damage":40,"enemies":"Hexaghost","floor":16,"turns":6},{"damage":16,"enemies":"Shell Parasite","floor":18,"turns":3},{"damage":0,"enemies":"Chosen","floor":20,"turns":1},{"damage":15,"enemies":"Snake Plant","floor":22,"turns":3},{"damage":4,"enemies":"Centurion and Healer","floor":24,"turns":4},{"damage":14,"enemies":"Slavers","floor":27,"turns":5},{"damage":20,"floor":28,"turns":4},{"damage":4,"enemies":"Sentry and Sphere","floor":29,"turns":3},{"damage":15,"enemies":"3 Cultists","floor":31,"turns":5},{"damage":121,"enemies":"Automaton","floor":33,"turns":10}],"seed_played":"-2626139611657754211","potions_obtained":[{"floor":1,"key":"Poison Potion"},{"floor":6,"key":"Strength Potion"},{"floor":14,"key":"Ancient Potion"},{"floor":16,"key":"AttackPotion"},{"floor":18,"key":"GamblersBrew"},{"floor":20,"key":"FearPotion"},{"floor":22,"key":"SpeedPotion"},{"floor":24,"key":"Swift Potion"},{"floor":27,"key":"Explosive Potion"},{"floor":28,"key":"Ancient Potion"},{"floor":29,"key":"Fruit Juice"},{"floor":31,"key":"Dexterity Potion"}],"is_trial":false,"path_per_floor":["M","M","M","?","M","E","M","E","T","?","M","T","R","M","R","B",null,"M","?","M","?","M","R","M","?","T","E","?","M","R","M","R"],"character_chosen":"IRONCLAD","items_purchased":[],"campfire_rested":0,"item_purchase_floors":[],"current_hp_per_floor":[80,80,80,80,64,45,48,41,41,61,70,70,70,66,66,36,90,84,68,74,55,50,50,56,56,56,58,62,74,74,83,83,0],"gold":389,"neow_bonus":"REMOVE_TWO","is_prod":false,"is_daily":false,"chose_seed":false,"campfire_upgraded":5,"win_rate":0,"timestamp":1532688286,"path_taken":["M","M","M","?","M","E","M","E","T","?","M","?","R","?","R","BOSS","M","?","M","?","M","R","M","?","T","E","?","?","R","M","R","BOSS"],"build_version":"2018-07-26","purchased_purges":0,"victory":false,"max_hp_per_floor":[80,80,80,80,80,80,83,83,83,83,86,86,86,86,86,90,90,94,94,94,99,103,103,107,74,74,74,74,74,74,83,83,83],"card_choices":[{"not_picked":["Pommel Strike","Warcry"],"picked":"Intimidate","floor":1},{"not_picked":["Twin Strike","Sword Boomerang"],"picked":"Pommel Strike","floor":2},{"not_picked":["Clothesline","Iron Wave"],"picked":"Havoc","floor":3},{"not_picked":["Ghostly Armor","Armaments"],"picked":"Clash","floor":5},{"not_picked":["Feel No Pain","Sword Boomerang"],"picked":"Feed","floor":6},{"not_picked":["Spot Weakness","Uppercut"],"picked":"Havoc","floor":7},{"not_picked":["Wild Strike","Warcry"],"picked":"Sever Soul","floor":8},{"not_picked":["Clothesline","Wild Strike","Cleave"],"picked":"Twin Strike","floor":11},{"not_picked":["Carnage","Armaments","Sword Boomerang"],"picked":"Inflame","floor":14},{"not_picked":["Berserk","Dark Embrace","Exhume"],"picked":"Double Tap","floor":16},{"not_picked":["Clothesline","Bloodletting","Body Slam"],"picked":"Clash","floor":18},{"not_picked":["Pommel Strike","Reckless Charge","Cleave"],"picked":"Bludgeon","floor":20},{"not_picked":["Second Wind","Sword Boomerang","Searing Blow","Blood for Blood+1"],"picked":"SKIP","floor":22},{"not_picked":["Heavy Blade","Thunderclap+1","Sword Boomerang+1"],"picked":"Havoc","floor":24},{"not_picked":["Shrug It Off","Headbutt","Uppercut"],"picked":"Rage","floor":27},{"not_picked":["Disarm","Second Wind+1","Reckless Charge"],"picked":"Armaments+1","floor":28},{"not_picked":["Combust","Sword Boomerang+1","Sentinel","Anger+1"],"picked":"SKIP","floor":29},{"not_picked":["Intimidate","Dropkick+1","Body Slam"],"picked":"Warcry","floor":31}],"player_experience":137321,"relics_obtained":[{"floor":6,"key":"Oddly Smooth Stone"},{"floor":8,"key":"Question Card"},{"floor":9,"key":"Mummified Hand"},{"floor":12,"key":"Red Skull"},{"floor":19,"key":"Enchiridion"},{"floor":26,"key":"Incense Burner"},{"floor":27,"key":"Magic Flower"},{"floor":28,"key":"Red Mask"}],"event_choices":[{"event_name":"Upgrade Shrine","player_choice":"Upgraded","floor":4,"damage_taken":0},{"event_name":"The Cleric","player_choice":"Healed","floor":10,"damage_taken":0},{"event_name":"Cursed Tome","player_choice":"Obtained Book","floor":19,"damage_taken":0},{"event_name":"Forgotten Altar","player_choice":"Shed Blood","floor":21,"damage_taken":0},{"event_name":"Vampires","player_choice":"Became a vampire","floor":25,"damage_taken":0},{"event_name":"Masked Bandits","player_choice":"Fought over 323 gold","floor":28,"damage_taken":0}],"is_beta":true,"boss_relics":[{"not_picked":["Eternal Feather","Velvet Choker"],"picked":"White Beast Statue"}],"items_purged_floors":[],"is_endless":false,"potions_floor_spawned":[1,6,14,16,18,20,22,24,27,28,29,31],"killed_by":"Automaton","ascension_level":0}