{"gold_per_floor":[109,123,134,152,163,163,197,197,197,209,159,493,512,523,523,621,621,633,652,671,671,684,709,709,725,725,725],"floor_reached":27,"playtime":3565,"items_purged":[],"score":314,"play_id":"8846ed49-eaaf-417e-b247-ab4d5b737d5d","local_time":"20190319211058","is_ascension_mode":true,"campfire_choices":[{"data":"Sucker Punch","floor":6,"key":"SMITH"},{"floor":8,"key":"REST"},{"floor":15,"key":"REST"},{"floor":24,"key":"REST"}],"neow_cost":"NONE","seed_source_timestamp":334608533513361,"circlet_count":0,"master_deck":["Defend_G","Defend_G","Defend_G","Defend_G","Defend_G","Strike_G","Strike_G","Strike_G","Survivor","Neutralize+1","Poisoned Stab","Sucker Punch+1","PiercingWail","Caltrops","Footwork","Dash","Sucker Punch","Cloak And Dagger","Dash","Poisoned Stab","Envenom","Sucker Punch+1","Catalyst+1","Dagger Spray","Blur","Wraith Form v2"],"relics":["Ring of the Snake","Vajra","Pantograph","Old Coin","Sozu","The Courier","Ninja Scroll"],"potions_floor_usage":[23,25],"damage_taken":[{"damage":0,"enemies":"2 Louse","floor":1,"turns":2},{"damage":3,"enemies":"Jaw Worm","floor":2,"turns":5},{"damage":0,"enemies":"Cultist","floor":3,"turns":3},{"damage":1,"enemies":"Red Slaver","floor":4,"turns":5},{"damage":13,"enemies":"Large Slime","floor":5,"turns":12},{"damage":24,"enemies":"Gremlin Nob","floor":7,"turns":6},{"damage":4,"enemies":"3 Louse","floor":10,"turns":6},{"damage":16,"enemies":"3 Sentries","floor":12,"turns":9},{"damage":0,"enemies":"2 Fungi Beasts","floor":13,"turns":3},{"damage":9,"enemies":"Exordium Wildlife","floor":14,"turns":7},{"damage":45,"enemies":"The Guardian","floor":16,"turns":14},{"damage":2,"enemies":"Shell Parasite","floor":18,"turns":6},{"damage":20,"enemies":"2 Thieves","floor":19,"turns":4},{"damage":0,"enemies":"Centurion and Healer","floor":20,"turns":7},{"damage":15,"enemies":"Snake Plant","floor":22,"turns":5},{"damage":8,"enemies":"Book of Stabbing","floor":23,"turns":7},{"damage":18,"enemies":"3 Cultists","floor":25,"turns":6},{"damage":24,"enemies":"Shelled Parasite and Fungi","floor":27,"turns":2}],"seed_played":"4583685164372201618","potions_obtained":[{"floor":2,"key":"SkillPotion"},{"floor":3,"key":"Explosive Potion"},{"floor":10,"key":"Strength Potion"},{"floor":12,"key":"AttackPotion"}],"is_trial":false,"path_per_floor":["?","?"],"character_chosen":"THE_SILENT","items_purchased":[],"campfire_rested":3,"item_purchase_floors":[],"current_hp_per_floor":[70,67,67,66,53,53,29,50,50,46,46,30,30,21,42,22,58,56,36,36,36,21,13,34,16,16,0],"gold":725,"neow_bonus":"UPGRADE_CARD","is_prod":false,"is_daily":false,"chose_seed":false,"campfire_upgraded":1,"win_rate":0,"timestamp":1553044258,"path_taken":["M","M","M","M","M","R","E","R","T","M","?","E","M","M","R","BOSS","M","M","M","?","M","E","R","M","T","M"],"build_version":"2019-01-23","purchased_purges":0,"victory":false,"max_hp_per_floor":[70,70,70,70,70,70,70,70,70,70,70,70,70,70,70,70,70,70,70,70,70,70,70,70,70,70,70],"card_choices":[{"not_picked":["Backflip","Reflex"],"picked":"Poisoned Stab","floor":1},{"not_picked":["Quick Slash","Backflip"],"picked":"Sucker Punch","floor":2},{"not_picked":["Dagger Spray","Poisoned Stab"],"picked":"PiercingWail","floor":3},{"not_picked":["Outmaneuver","PiercingWail"],"picked":"Caltrops","floor":4},{"not_picked":["Deadly Poison","Bullet Time"],"picked":"Footwork","floor":5},{"not_picked":["Bouncing Flask","Quick Slash"],"picked":"Dash","floor":7},{"not_picked":["Blade Dance","Acrobatics"],"picked":"Sucker Punch","floor":10},{"not_picked":["Expertise","Flying Knee"],"picked":"Cloak And Dagger","floor":12},{"not_picked":["Escape Plan","Riddle With Holes"],"picked":"Dash","floor":13},{"not_picked":["Slice","Sucker Punch"],"picked":"Poisoned Stab","floor":14},{"not_picked":["Unload","Phantasmal Killer"],"picked":"Envenom","floor":16},{"not_picked":["Flechettes","Slice"],"picked":"Sucker Punch+1","floor":18},{"not_picked":["Flying Knee+1","Endless Agony","Dagger Throw"],"picked":"SKIP","floor":19},{"not_picked":["Underhanded Strike","Wraith Form v2"],"picked":"Catalyst+1","floor":20},{"not_picked":["Dash","Deflect+1"],"picked":"Blur","floor":22},{"not_picked":["Unload","Grand Finale"],"picked":"Wraith Form v2","floor":23},{"not_picked":["Outmaneuver","Prepared+1","Sucker Punch+1"],"picked":"SKIP","floor":25}],"player_experience":812100,"relics_obtained":[{"floor":7,"key":"Vajra"},{"floor":9,"key":"Pantograph"},{"floor":12,"key":"Old Coin"},{"floor":23,"key":"The Courier"},{"floor":26,"key":"Ninja Scroll"}],"event_choices":[{"cards_removed":["Strike_G"],"damage_healed":0,"gold_gain":0,"player_choice":"Card Removal","damage_taken":0,"max_hp_gain":0,"max_hp_loss":0,"event_name":"The Cleric","floor":11,"gold_loss":50},{"damage_healed":0,"gold_gain":0,"cards_transformed":["Strike_G"],"player_choice":"Transformed","damage_taken":0,"max_hp_gain":0,"max_hp_loss":0,"event_name":"Transmorgrifier","floor":21,"gold_loss":0,"cards_obtained":["Dagger Spray"]}],"is_beta":false,"boss_relics":[{"not_picked":["Philosopher\u0027s Stone","Pandora\u0027s Box"],"picked":"Sozu"}],"items_purged_floors":[],"is_endless":false,"potions_floor_spawned":[2,3,10,12,22,25],"killed_by":"Shelled Parasite and Fungi","ascension_level":5}