{"gold_per_floor":[367,367,367,383,558,892,892,903,958,526,556,566,566,601,601,703,703,714,518,518,518,618,645,658,691,691,616,616,616,629,657,657,753,753,765,782,176,223,323,323],"floor_reached":40,"playtime":2610,"items_purged":["Regret","Doubt","Bite"],"score":533,"play_id":"14a8b5bd-e5f7-483b-8ac2-90ebed9dd3bc","local_time":"20190217172850","is_ascension_mode":false,"campfire_choices":[{"floor":7,"key":"REST"},{"floor":15,"key":"REST"},{"floor":28,"key":"REST"},{"floor":32,"key":"REST"}],"neow_cost":"PERCENT_DAMAGE","seed_source_timestamp":319101268364481,"circlet_count":0,"master_deck":["Defend_B","Defend_B","Defend_B","Zap+1","Dualcast","FTL","Beam Cell","Melter","Conserve Battery","Defragment","Electrodynamics","Bite","Bite","Bite","Bite","Ball Lightning","Storm+1","Storm","FTL+1"],"relics":["Cracked Core","Bag of Marbles","Old Coin","Mango","Kunai","Gremlin Horn","Turnip","Busted Crown","PreservedInsect","Potion Belt","Sundial","Happy Flower","Inserter","Gambling Chip","Vajra","StoneCalendar","Ice Cream"],"potions_floor_usage":[6,11,11,23,25,30,31,38,39,40,40],"damage_taken":[{"damage":1,"enemies":"2 Louse","floor":1,"turns":4},{"damage":2,"enemies":"Cultist","floor":4,"turns":3},{"damage":37,"enemies":"Lagavulin","floor":6,"turns":8},{"damage":0,"enemies":"Small Slimes","floor":8,"turns":2},{"damage":2,"enemies":"3 Sentries","floor":11,"turns":7},{"damage":0,"enemies":"Looter","floor":12,"turns":2},{"damage":24,"enemies":"Lagavulin","floor":14,"turns":7},{"damage":8,"enemies":"Slime Boss","floor":16,"turns":12},{"damage":0,"enemies":"3 Byrds","floor":18,"turns":1},{"damage":68,"enemies":"Book of Stabbing","floor":23,"turns":6},{"damage":0,"enemies":"Spheric Guardian","floor":24,"turns":2},{"damage":0,"enemies":"Gremlin Leader","floor":25,"turns":2},{"damage":36,"enemies":"Snake Plant","floor":30,"turns":5},{"damage":7,"enemies":"Slavers","floor":31,"turns":2},{"damage":33,"enemies":"Automaton","floor":33,"turns":8},{"damage":23,"enemies":"3 Darklings","floor":35,"turns":3},{"damage":0,"enemies":"3 Shapes","floor":36,"turns":6},{"damage":54,"enemies":"2 Orb Walkers","floor":38,"turns":3},{"damage":0,"enemies":"Mind Bloom Boss Battle","floor":39,"turns":4},{"damage":33,"enemies":"Nemesis","floor":40,"turns":2}],"seed_played":"-7531791404679784628","potions_obtained":[{"floor":1,"key":"Explosive Potion"},{"floor":6,"key":"EssenceOfSteel"},{"floor":8,"key":"SkillPotion"},{"floor":14,"key":"Ancient Potion"},{"floor":23,"key":"Swift Potion"},{"floor":24,"key":"Explosive Potion"},{"floor":30,"key":"SkillPotion"},{"floor":33,"key":"Dexterity Potion"},{"floor":35,"key":"FocusPotion"},{"floor":38,"key":"Fire Potion"},{"floor":39,"key":"Dexterity Potion"}],"is_trial":false,"path_per_floor":["?","?","M","?","?","?","?","?","M","?","?","M","?","?"],"character_chosen":"DEFECT","items_purchased":["Conserve Battery","Mango","Fruit Juice","Storm","Gambling Chip","Vajra"],"campfire_rested":4,"item_purchase_floors":[10,10,19,37,37,37],"current_hp_per_floor":[53,53,53,51,51,14,36,36,36,50,48,48,30,6,32,24,89,89,89,73,62,62,9,17,23,23,23,43,43,25,22,42,33,67,51,57,57,11,19,0],"gold":323,"neow_bonus":"TWO_FIFTY_GOLD","is_prod":false,"is_daily":false,"chose_seed":false,"campfire_upgraded":0,"win_rate":0,"timestamp":1550442530,"path_taken":["M","?","?","?","?","E","R","M","T","$","E","M","?","E","R","BOSS","M","$","?","?","?","E","?","E","T","?","R","?","M","E","R","BOSS","M","?","$","?","?","E"],"build_version":"2019-01-23","purchased_purges":3,"victory":false,"max_hp_per_floor":[75,75,75,75,75,75,75,75,75,89,89,89,89,89,89,89,89,89,89,89,62,62,67,67,67,67,67,67,67,67,67,67,67,67,67,67,67,67,67,67],"card_choices":[{"not_picked":["Defragment","Turbo"],"picked":"FTL","floor":1},{"not_picked":["Rebound","Ball Lightning"],"picked":"Beam Cell","floor":4},{"not_picked":["Blizzard","Chaos"],"picked":"Melter","floor":6},{"not_picked":["Blizzard","Ball Lightning","Darkness"],"picked":"SKIP","floor":8},{"not_picked":["Biased Cognition","Ball Lightning","Fission"],"picked":"SKIP","floor":11},{"not_picked":["Redo","Barrage"],"picked":"Defragment","floor":12},{"not_picked":["Turbo","Cold Snap","Barrage"],"picked":"SKIP","floor":14},{"not_picked":["Amplify","Echo Form"],"picked":"Electrodynamics","floor":16},{"not_picked":["Stack"],"picked":"SKIP","floor":18},{"not_picked":["Hologram"],"picked":"SKIP","floor":23},{"not_picked":[],"picked":"Ball Lightning","floor":24},{"not_picked":["Compile Driver+1"],"picked":"SKIP","floor":25},{"not_picked":["Glacier+1"],"picked":"SKIP","floor":30},{"not_picked":[],"picked":"Storm+1","floor":31},{"not_picked":["Coolheaded+1"],"picked":"SKIP","floor":35},{"not_picked":["Turbo+1"],"picked":"SKIP","floor":36},{"not_picked":[],"picked":"FTL+1","floor":38}],"player_experience":480510,"relics_obtained":[{"floor":6,"key":"Old Coin"},{"floor":11,"key":"Kunai"},{"floor":14,"key":"Turnip"},{"floor":23,"key":"PreservedInsect"},{"floor":25,"key":"Potion Belt"},{"floor":26,"key":"Sundial"},{"floor":31,"key":"Happy Flower"},{"floor":38,"key":"StoneCalendar"},{"floor":39,"key":"Ice Cream"}],"event_choices":[{"damage_healed":0,"gold_gain":0,"player_choice":"Box","damage_taken":0,"relics_obtained":["Bag of Marbles"],"max_hp_gain":0,"max_hp_loss":0,"event_name":"Big Fish","floor":2,"gold_loss":0,"cards_obtained":["Regret"]},{"damage_healed":0,"gold_gain":0,"player_choice":"Upgraded","damage_taken":0,"max_hp_gain":0,"max_hp_loss":0,"event_name":"Upgrade Shrine","floor":3,"gold_loss":0,"cards_upgraded":["Zap"]},{"damage_healed":0,"gold_gain":175,"player_choice":"AGREE","damage_taken":0,"max_hp_gain":0,"max_hp_loss":0,"event_name":"Liars Game","floor":5,"gold_loss":0,"cards_obtained":["Doubt"]},{"damage_healed":0,"gold_gain":0,"player_choice":"Success","damage_taken":18,"relics_obtained":["Gremlin Horn"],"max_hp_gain":0,"max_hp_loss":0,"event_name":"Scrap Ooze","floor":13,"gold_loss":0},{"damage_healed":0,"gold_gain":0,"player_choice":"Obtained Book","damage_taken":16,"max_hp_gain":0,"max_hp_loss":0,"event_name":"Cursed Tome","floor":20,"gold_loss":0},{"damage_healed":0,"gold_gain":0,"player_choice":"Became a vampire","damage_taken":0,"max_hp_gain":0,"max_hp_loss":27,"event_name":"Vampires","floor":21,"gold_loss":0,"cards_obtained":["Bite","Bite","Bite","Bite","Bite"]},{"damage_healed":0,"gold_gain":100,"player_choice":"Pray","damage_taken":0,"max_hp_gain":0,"max_hp_loss":0,"event_name":"Golden Shrine","floor":22,"gold_loss":0},{"cards_removed":["Defend_B"],"damage_healed":0,"gold_gain":0,"player_choice":"Gave Gold","damage_taken":0,"max_hp_gain":0,"max_hp_loss":0,"event_name":"Beggar","floor":27,"gold_loss":75},{"damage_healed":0,"gold_gain":0,"player_choice":"Ignored","damage_taken":0,"max_hp_gain":0,"max_hp_loss":0,"event_name":"NoteForYourself","floor":29,"gold_loss":0},{"damage_healed":0,"gold_gain":0,"player_choice":"Fight","damage_taken":0,"max_hp_gain":0,"max_hp_loss":0,"event_name":"Mysterious Sphere","floor":38,"gold_loss":0},{"damage_healed":0,"gold_gain":0,"player_choice":"Fight","damage_taken":0,"max_hp_gain":0,"max_hp_loss":0,"event_name":"MindBloom","floor":39,"gold_loss":0}],"is_beta":false,"boss_relics":[{"not_picked":["Sozu","Philosopher\u0027s Stone"],"picked":"Busted Crown"},{"not_picked":["Empty Cage","Snecko Eye"],"picked":"Inserter"}],"items_purged_floors":[10,19,37],"is_endless":false,"potions_floor_spawned":[1,6,8,14,23,24,30,33,35,38,39],"killed_by":"Nemesis","ascension_level":0}