{"gold_per_floor":[111,36,311,311,19,50,50,83,83,83,102,13,13,29,29,158,221,241,153,153,153,177,177,193,234,234,257,273,312,360,3,3,3],"floor_reached":33,"playtime":1113,"items_purged":["Writhe","Regret","Writhe"],"score":306,"play_id":"88743dc3-c26e-4302-95de-10610b71d316","local_time":"20180925002101","is_ascension_mode":true,"campfire_choices":[{"floor":7,"key":"REST"},{"floor":10,"key":"REST"},{"data":"Glass Knife","floor":15,"key":"SMITH"},{"data":"RitualDagger","floor":23,"key":"SMITH"},{"floor":32,"key":"REST"}],"neow_cost":"CURSE","seed_source_timestamp":41443523776704,"circlet_count":0,"master_deck":["Defend_G","Defend_G","Defend_G","Defend_G","Defend_G","Strike_G","Strike_G","Strike_G","Strike_G","Strike_G","Survivor","Neutralize","Glass Knife+1","Quick Slash+1","Glass Knife+1","All Out Attack","Cloak And Dagger","Backflip","Footwork","Cloak And Dagger","Distraction","Unload","Flying Knee","Reflex","RitualDagger+1","Dagger Throw","Backflip+1","Choke","Underhanded Strike+1","Calculated Gamble","Tactician","Dramatic Entrance+1","Footwork"],"relics":["Ring of the Snake","Golden Idol","DollysMirror","Kunai","Snake Skull","Incense Burner","Tiny House","Meat on the Bone","Bag of Marbles","Molten Egg 2","Happy Flower","Bronze Scales"],"potions_floor_usage":[16,16,22,24,25,33],"damage_taken":[{"damage":6,"enemies":"Jaw Worm","floor":1,"turns":4},{"damage":45,"enemies":"Lagavulin","floor":6,"turns":7},{"damage":17,"enemies":"Gremlin Nob","floor":8,"turns":4},{"damage":0,"enemies":"Cultist","floor":11,"turns":3},{"damage":0,"enemies":"2 Louse","floor":14,"turns":1},{"damage":34,"enemies":"Slime Boss","floor":16,"turns":9},{"damage":10,"enemies":"Shell Parasite","floor":18,"turns":5},{"damage":23,"enemies":"3 Byrds","floor":22,"turns":5},{"damage":1,"enemies":"Centurion and Healer","floor":24,"turns":4},{"damage":23,"enemies":"Slavers","floor":25,"turns":7},{"damage":0,"enemies":"3 Cultists","floor":27,"turns":5},{"damage":10,"enemies":"Snake Plant","floor":28,"turns":5},{"damage":4,"enemies":"Gremlin Leader","floor":29,"turns":5},{"damage":72,"enemies":"Champ","floor":33,"turns":10}],"seed_played":"3273939683055040637","potions_obtained":[{"floor":6,"key":"Energy Potion"},{"floor":8,"key":"Energy Potion"},{"floor":17,"key":"Regen Potion"},{"floor":18,"key":"EssenceOfSteel"},{"floor":22,"key":"SteroidPotion"},{"floor":29,"key":"SteroidPotion"}],"is_trial":false,"path_per_floor":["M","$","?","?","$","E","R","E","T","R","M","$","?","M","R","B",null,"M","$","?","?","M","R","M","E","T","M","M","E","T","$","R"],"character_chosen":"THE_SILENT","items_purchased":["DollysMirror","Footwork","Cloak And Dagger","Reflex","Dexterity Potion","Tactician","Dramatic Entrance+1","Footwork"],"campfire_rested":3,"item_purchase_floors":[5,12,12,19,19,31,31,31],"current_hp_per_floor":[64,64,64,64,64,19,38,21,21,40,40,40,40,40,40,6,70,60,60,60,54,45,45,44,33,33,45,47,43,43,43,64,0],"gold":3,"neow_bonus":"THREE_RARE_CARDS","is_prod":false,"is_daily":false,"chose_seed":false,"campfire_upgraded":2,"win_rate":0,"timestamp":1537849261,"path_taken":["M","$","?","?","$","E","R","E","T","R","M","$","?","M","R","BOSS","M","$","?","?","?","R","M","E","T","M","?","E","?","$","R","BOSS"],"build_version":"2018-09-20","purchased_purges":3,"victory":false,"max_hp_per_floor":[70,70,70,65,65,65,65,65,65,65,65,65,65,65,65,65,70,70,70,70,70,70,70,70,70,70,70,70,70,70,70,70,70],"card_choices":[{"not_picked":["Storm of Steel","Malaise"],"picked":"Glass Knife","floor":0},{"not_picked":["Deflect","Dagger Spray"],"picked":"Quick Slash","floor":1},{"not_picked":["Eviscerate","Night Terror"],"picked":"All Out Attack","floor":6},{"not_picked":["Dodge and Roll","Dagger Spray"],"picked":"Cloak And Dagger","floor":8},{"not_picked":["Flying Knee","Sucker Punch"],"picked":"Backflip","floor":11},{"not_picked":["Expertise","Finisher"],"picked":"Distraction","floor":14},{"not_picked":["Burst","Corpse Explosion"],"picked":"Unload","floor":16},{"not_picked":["Dodge and Roll","Outmaneuver"],"picked":"Flying Knee","floor":17},{"not_picked":["Slice+1","Crippling Poison","Finisher"],"picked":"SKIP","floor":18},{"not_picked":["Heel Hook","Poisoned Stab"],"picked":"Dagger Throw","floor":22},{"not_picked":["Quick Slash","Flying Knee+1"],"picked":"Backflip+1","floor":24},{"not_picked":["Setup","Accuracy+1"],"picked":"Choke","floor":25},{"not_picked":["PiercingWail","Bane+1"],"picked":"Underhanded Strike+1","floor":27},{"not_picked":["Flechettes+1","PiercingWail"],"picked":"Calculated Gamble","floor":28},{"not_picked":["Skewer+1","Storm of Steel","Slice+1"],"picked":"SKIP","floor":29}],"player_experience":279698,"relics_obtained":[{"floor":6,"key":"Kunai"},{"floor":8,"key":"Snake Skull"},{"floor":9,"key":"Incense Burner"},{"floor":25,"key":"Bag of Marbles"},{"floor":26,"key":"Molten Egg 2"},{"floor":29,"key":"Happy Flower"},{"floor":30,"key":"Bronze Scales"}],"event_choices":[{"event_name":"Golden Shrine","player_choice":"Desecrate","floor":3,"damage_taken":0},{"event_name":"Golden Idol","player_choice":"Lose Max HP","floor":4,"damage_taken":0},{"event_name":"Upgrade Shrine","player_choice":"Upgraded","floor":13,"damage_taken":0},{"event_name":"The Mausoleum","player_choice":"Yes","floor":20,"damage_taken":0},{"event_name":"Nest","player_choice":"Joined the Cult","floor":21,"damage_taken":0}],"is_beta":true,"boss_relics":[{"not_picked":["Busted Crown","Ring of the Serpent"],"picked":"Tiny House"}],"items_purged_floors":[2,5,31],"is_endless":false,"potions_floor_spawned":[6,8,18,22,29],"killed_by":"Champ","ascension_level":1}