{"gold_per_floor":[114,129,229,229,244,259,259,259,284,314,314,329,67,82,82,182,182,197,212,212,212,227,242,242,257,257,287,287,302,347,23,23,123,123,138,138,138,153,168,168,498,498,498,2,2,17,32,47,47,47],"floor_reached":51,"playtime":2993,"items_purged":[],"score":1028,"play_id":"a9cd4059-f0f1-4dda-8c09-e4692fad2744","local_time":"20180907185759","daily_mods":["Shiny","Uncertain Future","Vintage"],"is_ascension_mode":false,"campfire_choices":[{"data":"Fission","floor":7,"key":"SMITH"},{"data":"Rainbow","floor":11,"key":"SMITH"},{"data":"Enlightenment","floor":15,"key":"SMITH"},{"data":"Ghostly","floor":24,"key":"SMITH"},{"data":"Ghostly","floor":28,"key":"SMITH"},{"data":"Self Repair","floor":32,"key":"SMITH"},{"data":"Madness","floor":40,"key":"SMITH"},{"data":"Rainbow","floor":42,"key":"SMITH"},{"data":"Pain","floor":49,"key":"PURGE"}],"neow_cost":"","seed_source_timestamp":0,"circlet_count":0,"master_deck":["Multi-Cast+1","Thunder Strike","Biased Cognition","Machine Learning","Electrodynamics","Buffer","Rainbow+1","Seek","Meteor Strike","Echo Form+1","All For One","Reboot","Amplify","Creative AI","Fission+1","Core Surge","Auto Shields","Beam Cell","Glacier","Steam","Lockon","Enlightenment+1","Rainbow+1","Ghostly+1","Ghostly+1","Ghostly","Ghostly","Ghostly","Chill+1","Self Repair+1","Steam","Rainbow+1","Steam","Madness+1","Madness","BootSequence","Echo Form","Blizzard","Redo","Forethought","Bandage Up","Master of Strategy"],"special_seed":17782,"relics":["Cracked Core","Anchor","Strawberry","Regal Pillow","Bronze Scales","Blood Vial","Orichalcum","Incense Burner","Lantern","Omamori","Cursed Key","Calipers","War Paint","Necronomicon","Boot","Du-Vu Doll","Bottled Tornado","Ornamental Fan","Oddly Smooth Stone","Art of War","Tiny Chest","Lee\u0027s Waffle","Happy Flower","Busted Crown","Juzu Bracelet","Unceasing Top","Sundial","Pen Nib","Old Coin","Darkstone Periapt","FossilizedHelix","Shuriken","Peace Pipe","Girya"],"potions_floor_usage":[6,16,23,29,33,33,41,50],"damage_taken":[{"damage":0,"enemies":"Small Slimes","floor":1,"turns":1},{"damage":6,"enemies":"Cultist","floor":2,"turns":5},{"damage":0,"enemies":"2 Louse","floor":5,"turns":2},{"damage":0,"enemies":"Exordium Thugs","floor":6,"turns":2},{"damage":7,"enemies":"Lagavulin","floor":10,"turns":8},{"damage":4,"enemies":"3 Louse","floor":12,"turns":2},{"damage":0,"enemies":"2 Fungi Beasts","floor":14,"turns":2},{"damage":0,"enemies":"Slime Boss","floor":16,"turns":5},{"damage":9,"enemies":"2 Thieves","floor":18,"turns":3},{"damage":0,"enemies":"Spheric Guardian","floor":19,"turns":3},{"damage":0,"enemies":"Snake Plant","floor":22,"turns":5},{"damage":0,"enemies":"Snecko","floor":23,"turns":4},{"damage":0,"enemies":"Shelled Parasite and Fungi","floor":25,"turns":5},{"damage":2,"enemies":"Book of Stabbing","floor":27,"turns":4},{"damage":0,"enemies":"Snake Plant","floor":29,"turns":3},{"damage":0,"enemies":"Chosen and Byrds","floor":30,"turns":5},{"damage":0,"enemies":"Automaton","floor":33,"turns":7},{"damage":0,"enemies":"Orb Walker","floor":35,"turns":3},{"damage":0,"enemies":"Mind Bloom Boss Battle","floor":36,"turns":7},{"damage":0,"enemies":"3 Darklings","floor":38,"turns":3},{"damage":0,"enemies":"Sphere and 2 Shapes","floor":39,"turns":4},{"damage":0,"enemies":"Giant Head","floor":41,"turns":7},{"damage":3,"enemies":"4 Shapes","floor":46,"turns":2},{"damage":0,"enemies":"3 Darklings","floor":47,"turns":5},{"damage":0,"enemies":"Transient","floor":48,"turns":5},{"damage":0,"enemies":"Time Eater","floor":50,"turns":9}],"seed_played":"6885944374877382416","potions_obtained":[{"floor":1,"key":"AttackPotion"},{"floor":2,"key":"AttackPotion"},{"floor":10,"key":"FearPotion"},{"floor":12,"key":"SmokeBomb"},{"floor":19,"key":"Energy Potion"},{"floor":25,"key":"Strength Potion"},{"floor":29,"key":"Poison Potion"},{"floor":36,"key":"Block Potion"},{"floor":39,"key":"Swift Potion"},{"floor":46,"key":"EssenceOfSteel"},{"floor":47,"key":"Energy Potion"}],"is_trial":false,"path_per_floor":["M","M","?","?","M","M","R","?","T","E","R","M","$","M","R","B",null,"M","M","?","?","M","M","R","M","T","E","R","M","M","$","R","B",null,"M","?","?","M","M","R","E","R","T","$","?","M","M","M","R","B"],"character_chosen":"DEFECT","items_purchased":["Glacier","Steam","Lockon","Enlightenment","Lee\u0027s Waffle","Self Repair","Steam","FossilizedHelix","Echo Form","Blizzard","Redo"],"campfire_rested":0,"item_purchase_floors":[13,13,13,13,31,31,31,44,44,44,44],"current_hp_per_floor":[75,76,76,76,76,76,76,76,76,71,71,69,69,71,71,73,82,73,75,59,41,41,41,41,41,41,39,39,41,41,48,48,48,48,48,48,42,48,48,48,48,48,48,48,38,41,48,48,48,48],"gold":47,"neow_bonus":"","is_prod":false,"is_daily":true,"chose_seed":false,"campfire_upgraded":8,"win_rate":0,"timestamp":1536368279,"path_taken":["M","M","?","?","M","M","R","?","T","E","R","M","$","M","R","BOSS","M","M","?","?","M","M","R","M","T","E","R","M","?","$","R","BOSS","M","?","?","M","M","R","E","R","T","$","?","M","M","M","R","BOSS"],"build_version":"2018-09-06","purchased_purges":0,"victory":true,"max_hp_per_floor":[75,82,82,82,82,82,82,82,82,82,82,82,82,82,82,82,82,82,82,82,41,41,41,41,41,41,41,41,41,41,48,48,48,48,48,48,48,48,48,48,48,48,48,48,48,48,48,48,48,48],"card_choices":[{"not_picked":["Loop","Barrage"],"picked":"Beam Cell","floor":10},{"not_picked":["Machine Learning","Buffer"],"picked":"Rainbow","floor":16},{"not_picked":["Beam Cell+1","Melter"],"picked":"Chill+1","floor":27},{"not_picked":["Reboot","Meteor Strike"],"picked":"Rainbow","floor":33},{"not_picked":[],"picked":"Steam","floor":36},{"not_picked":[],"picked":"BootSequence","floor":41},{"not_picked":[],"picked":"Forethought","floor":45},{"not_picked":[],"picked":"Bandage Up","floor":45},{"not_picked":[],"picked":"Master of Strategy","floor":45}],"player_experience":480750,"relics_obtained":[{"floor":1,"key":"Anchor"},{"floor":2,"key":"Strawberry"},{"floor":5,"key":"Regal Pillow"},{"floor":6,"key":"Bronze Scales"},{"floor":9,"key":"Blood Vial"},{"floor":10,"key":"Orichalcum"},{"floor":12,"key":"Incense Burner"},{"floor":14,"key":"Lantern"},{"floor":16,"key":"Omamori"},{"floor":18,"key":"Calipers"},{"floor":19,"key":"War Paint"},{"floor":20,"key":"Necronomicon"},{"floor":22,"key":"Boot"},{"floor":23,"key":"Du-Vu Doll"},{"floor":25,"key":"Bottled Tornado"},{"floor":26,"key":"Ornamental Fan"},{"floor":27,"key":"Oddly Smooth Stone"},{"floor":29,"key":"Art of War"},{"floor":30,"key":"Tiny Chest"},{"floor":33,"key":"Happy Flower"},{"floor":35,"key":"Juzu Bracelet"},{"floor":36,"key":"Unceasing Top"},{"floor":38,"key":"Sundial"},{"floor":39,"key":"Pen Nib"},{"floor":41,"key":"Old Coin"},{"floor":43,"key":"Darkstone Periapt"},{"floor":46,"key":"Shuriken"},{"floor":47,"key":"Peace Pipe"},{"floor":48,"key":"Girya"}],"event_choices":[{"event_name":"Golden Shrine","player_choice":"Pray","floor":3,"damage_taken":0},{"event_name":"Transmorgrifier","player_choice":"Transform","floor":4,"damage_taken":0},{"event_name":"Living Wall","player_choice":"Grow","floor":8,"damage_taken":0},{"event_name":"Cursed Tome","player_choice":"Obtained Book","floor":20,"damage_taken":0},{"event_name":"Ghosts","player_choice":"Became a Ghost","floor":21,"damage_taken":0},{"event_name":"MindBloom","player_choice":"Fight","floor":36,"damage_taken":0},{"event_name":"Winding Halls","player_choice":"Embrace Madness","floor":37,"damage_taken":0},{"event_name":"SensoryStone","player_choice":"Memory 3","floor":45,"damage_taken":0}],"is_beta":false,"boss_relics":[{"not_picked":["Calling Bell","Tiny House"],"picked":"Cursed Key"},{"not_picked":["White Beast Statue","Sozu"],"picked":"Busted Crown"}],"items_purged_floors":[],"is_endless":false,"potions_floor_spawned":[1,2,10,12,19,25,27,29,36,39,46,47,48],"ascension_level":0}