{"gold_per_floor":[119,119,119,119,119,150,166,205,205,205,380,8,41,56,56,184,184,209,224,224,247,247,247,280,85,85,125,125,146,146,159,159,282,282,306,306,327,327,342,342,376,20,68,89,89,108,122,163,163,163],"floor_reached":51,"playtime":3197,"items_purged":["Doubt","Defend_G"],"score":826,"play_id":"67564a67-2100-4f1d-88b6-ee75e94b0429","local_time":"20180923175625","is_ascension_mode":true,"campfire_choices":[{"floor":10,"key":"REST"},{"data":"Cloak And Dagger","floor":15,"key":"SMITH"},{"floor":23,"key":"REST"},{"data":"After Image","floor":28,"key":"SMITH"},{"data":"After Image","floor":32,"key":"SMITH"},{"data":"Envenom","floor":40,"key":"SMITH"},{"data":"Envenom","floor":45,"key":"SMITH"},{"data":"Calculated Gamble","floor":49,"key":"SMITH"}],"neow_cost":"NONE","seed_source_timestamp":7235120152143,"circlet_count":0,"master_deck":["Defend_G+1","Defend_G+1","Defend_G","Defend_G+1","Strike_G","Strike_G","Strike_G","Survivor","Neutralize","After Image+1","Cloak And Dagger+1","Acrobatics","After Image+1","Calculated Gamble+1","Blade Dance","Envenom+1","Blade Dance","Malaise","Necronomicurse","Outmaneuver+1","Prepared","Envenom+1","Blur","Blade Dance+1","Footwork","Chrysalis","Backstab+1"],"relics":["Ring of the Serpent","NeowsBlessing","Golden Idol","Tingsha","Pocketwatch","Dead Branch","War Paint","Oddly Smooth Stone","Necronomicon","Blood Vial","Lee\u0027s Waffle","Letter Opener","Dream Catcher","Busted Crown","Bird Faced Urn","StoneCalendar","Pen Nib","Happy Flower"],"potions_floor_usage":[8,8,13,13,13,13,21,24,24,24,41,48,50],"damage_taken":[{"damage":0,"enemies":"Small Slimes","floor":1,"turns":1},{"damage":0,"enemies":"Gremlin Nob","floor":6,"turns":1},{"damage":0,"enemies":"Jaw Worm","floor":7,"turns":1},{"damage":6,"enemies":"3 Sentries","floor":8,"turns":10},{"damage":2,"enemies":"Gremlin Nob","floor":13,"turns":3},{"damage":0,"enemies":"2 Louse","floor":14,"turns":3},{"damage":9,"enemies":"Hexaghost","floor":16,"turns":6},{"damage":2,"enemies":"Shell Parasite","floor":18,"turns":7},{"damage":7,"enemies":"Chosen","floor":19,"turns":5},{"damage":10,"enemies":"Sentry and Sphere","floor":21,"turns":6},{"damage":34,"enemies":"Gremlin Leader","floor":24,"turns":8},{"damage":5,"enemies":"Book of Stabbing","floor":27,"turns":6},{"damage":13,"enemies":"3 Cultists","floor":29,"turns":5},{"damage":1,"enemies":"Snake Plant","floor":31,"turns":6},{"damage":15,"enemies":"Automaton","floor":33,"turns":7},{"damage":13,"enemies":"Orb Walker","floor":35,"turns":4},{"damage":6,"enemies":"3 Shapes","floor":37,"turns":4},{"damage":0,"enemies":"Mind Bloom Boss Battle","floor":38,"turns":8},{"damage":1,"enemies":"Sphere and 2 Shapes","floor":39,"turns":6},{"damage":2,"enemies":"Nemesis","floor":41,"turns":7},{"damage":4,"enemies":"4 Shapes","floor":44,"turns":5},{"damage":0,"enemies":"3 Darklings","floor":46,"turns":4},{"damage":0,"enemies":"Reptomancer","floor":47,"turns":4},{"damage":5,"enemies":"2 Orb Walkers","floor":48,"turns":5},{"damage":30,"enemies":"Time Eater","floor":50,"turns":11}],"seed_played":"-8254435846253914322","potions_obtained":[{"floor":5,"key":"SkillPotion"},{"floor":5,"key":"Poison Potion"},{"floor":5,"key":"Strength Potion"},{"floor":13,"key":"Regen Potion"},{"floor":19,"key":"AttackPotion"},{"floor":24,"key":"Ancient Potion"},{"floor":27,"key":"Poison Potion"},{"floor":31,"key":"Regen Potion"},{"floor":37,"key":"SkillPotion"}],"is_trial":false,"path_per_floor":["M","?","?","?","?","E","M","E","T","R","?","$","E","M","R","B",null,"M","M","?","M","?","R","E","$","T","E","R","M","?","M","R","B",null,"M","?","M","?","M","R","E","$","T","M","R","M","M","E","R","B"],"character_chosen":"THE_SILENT","items_purchased":["EntropicBrew","War Paint","AttackPotion","Lee\u0027s Waffle","Footwork","Chrysalis"],"campfire_rested":2,"item_purchase_floors":[12,12,12,25,42,42],"current_hp_per_floor":[70,56,56,39,39,39,39,33,33,54,54,54,52,52,52,43,70,68,61,61,51,35,56,37,77,77,72,72,61,61,62,62,49,77,64,64,60,62,73,73,77,77,77,77,77,77,77,74,74,59],"gold":163,"neow_bonus":"THREE_ENEMY_KILL","is_prod":false,"is_daily":false,"chose_seed":false,"campfire_upgraded":6,"win_rate":0,"timestamp":1537739785,"path_taken":["M","?","?","?","?","E","?","E","T","R","?","?","E","M","R","BOSS","M","M","?","?","?","R","E","$","T","E","R","M","?","M","R","BOSS","M","?","M","?","M","R","E","$","T","M","R","M","M","E","R","BOSS"],"build_version":"2018-09-20","purchased_purges":2,"victory":true,"max_hp_per_floor":[70,70,70,70,70,70,70,70,70,70,70,70,70,70,70,70,70,70,70,70,70,70,70,70,77,77,77,77,77,77,77,77,77,77,77,77,77,77,77,77,77,77,77,77,77,77,77,77,77,77],"card_choices":[{"not_picked":["Dagger Spray","Poisoned Stab"],"picked":"Flying Knee","floor":1},{"not_picked":["Poisoned Stab","Blade Dance"],"picked":"Cloak And Dagger","floor":6},{"not_picked":["Flying Knee","Underhanded Strike"],"picked":"Acrobatics","floor":7},{"not_picked":["Prepared","Terror"],"picked":"After Image","floor":8},{"not_picked":["All Out Attack","Skewer"],"picked":"Calculated Gamble","floor":13},{"not_picked":["Catalyst","All Out Attack"],"picked":"Blade Dance","floor":14},{"not_picked":["Venomology","Unload"],"picked":"Envenom","floor":16},{"not_picked":["Bouncing Flask+1","PiercingWail+1","Setup"],"picked":"SKIP","floor":18},{"not_picked":["Dodge and Roll","Escape Plan"],"picked":"Blade Dance","floor":19},{"not_picked":["PiercingWail","Calculated Gamble"],"picked":"Malaise","floor":21},{"not_picked":["Crippling Poison","Corpse Explosion"],"picked":"Outmaneuver+1","floor":24},{"not_picked":["Dagger Spray","Infinite Blades+1","Dodge and Roll"],"picked":"SKIP","floor":27},{"not_picked":["Bane","Slice"],"picked":"Prepared","floor":29},{"not_picked":["Noxious Fumes","Prepared","Predator+1"],"picked":"SKIP","floor":31},{"not_picked":["Grand Finale","Wraith Form v2"],"picked":"Envenom","floor":33},{"not_picked":["Finisher"],"picked":"SKIP","floor":35},{"not_picked":["Poisoned Stab"],"picked":"SKIP","floor":37},{"not_picked":[],"picked":"Blur","floor":39},{"not_picked":[],"picked":"Blade Dance+1","floor":41},{"not_picked":[],"picked":"Backstab+1","floor":44},{"not_picked":["Heel Hook+1"],"picked":"SKIP","floor":46},{"not_picked":["Expertise+1"],"picked":"SKIP","floor":47},{"not_picked":["Finisher"],"picked":"SKIP","floor":48}],"player_experience":275092,"relics_obtained":[{"floor":6,"key":"Tingsha"},{"floor":8,"key":"Pocketwatch"},{"floor":9,"key":"Dead Branch"},{"floor":13,"key":"Oddly Smooth Stone"},{"floor":22,"key":"Necronomicon"},{"floor":24,"key":"Blood Vial"},{"floor":26,"key":"Letter Opener"},{"floor":27,"key":"Dream Catcher"},{"floor":38,"key":"Bird Faced Urn"},{"floor":41,"key":"StoneCalendar"},{"floor":43,"key":"Pen Nib"},{"floor":48,"key":"Happy Flower"}],"event_choices":[{"event_name":"Shining Light","player_choice":"Entered Light","floor":2,"damage_taken":0},{"event_name":"Living Wall","player_choice":"Change","floor":3,"damage_taken":0},{"event_name":"Golden Idol","player_choice":"Take Damage","floor":4,"damage_taken":0},{"event_name":"The Lab","player_choice":"Got Potions","floor":5,"damage_taken":0},{"event_name":"Liars Game","player_choice":"agreed","floor":11,"damage_taken":0},{"event_name":"Ghosts","player_choice":"Ignored","floor":20,"damage_taken":0},{"event_name":"Cursed Tome","player_choice":"Obtained Book","floor":22,"damage_taken":0},{"event_name":"Back to Basics","player_choice":"Elegance","floor":30,"damage_taken":0},{"event_name":"Falling","player_choice":"Removed Attack","floor":36,"damage_taken":0},{"event_name":"MindBloom","player_choice":"Fight","floor":38,"damage_taken":0}],"is_beta":true,"boss_relics":[{"not_picked":["WristBlade","Ectoplasm"],"picked":"Ring of the Serpent"},{"not_picked":["Eternal Feather","Runic Pyramid"],"picked":"Busted Crown"}],"items_purged_floors":[12,42],"is_endless":false,"potions_floor_spawned":[13,16,19,24,27,31,33,37,39,46],"ascension_level":1}