{"gold_per_floor":[109,124,124,19,32,63,81,81,150,150,166,191,203,218,218,314,314,333,333,349,349,365,365,379,379,379,379],"floor_reached":27,"playtime":1019,"items_purged":[],"score":250,"play_id":"d48d4564-67a8-449e-909d-3bbe8a6fd75d","local_time":"20180826190914","is_ascension_mode":true,"campfire_choices":[{"floor":10,"key":"REST"},{"floor":15,"key":"REST"},{"floor":23,"key":"REST"}],"neow_cost":"TEN_PERCENT_HP_LOSS","seed_source_timestamp":841331682397387,"circlet_count":0,"master_deck":["Defend_G","Defend_G","Defend_G","Defend_G","Defend_G","Strike_G","Strike_G","Strike_G","Strike_G","Survivor","Neutralize","Die Die Die","Dagger Throw","All Out Attack","Neutralize","Noxious Fumes","Backflip","Bouncing Flask","Cloak And Dagger","Sucker Punch","Dagger Throw","Infinite Blades","Backstab","Catalyst","Noxious Fumes","Die Die Die","Tools of the Trade","Blade Dance","Blade Dance","Reflex","Underhanded Strike+1"],"relics":["Ring of the Snake","Incense Burner","Bronze Scales","Matryoshka","Pantograph","Busted Crown","Molten Egg 2","Happy Flower","Ornamental Fan"],"potions_floor_usage":[12,12,16,24,25],"damage_taken":[{"damage":0,"enemies":"2 Louse","floor":1,"turns":2},{"damage":0,"enemies":"Cultist","floor":2,"turns":3},{"damage":1,"enemies":"Small Slimes","floor":5,"turns":2},{"damage":17,"enemies":"Gremlin Nob","floor":6,"turns":4},{"damage":3,"enemies":"Red Slaver","floor":7,"turns":3},{"damage":14,"enemies":"Gremlin Gang","floor":11,"turns":3},{"damage":16,"enemies":"Lagavulin","floor":12,"turns":6},{"damage":7,"enemies":"2 Fungi Beasts","floor":13,"turns":3},{"damage":0,"enemies":"Lots of Slimes","floor":14,"turns":1},{"damage":13,"enemies":"Hexaghost","floor":16,"turns":6},{"damage":16,"enemies":"2 Thieves","floor":18,"turns":3},{"damage":2,"enemies":"Chosen","floor":20,"turns":4},{"damage":7,"enemies":"Snake Plant","floor":22,"turns":4},{"damage":46,"enemies":"Cultist and Chosen","floor":24,"turns":6},{"damage":3,"enemies":"Colosseum Slavers","floor":25,"turns":4},{"damage":12,"enemies":"Centurion and Healer","floor":27,"turns":2}],"seed_played":"-1790102323290429237","potions_obtained":[{"floor":1,"key":"Strength Potion"},{"floor":6,"key":"Dexterity Potion"},{"floor":11,"key":"SkillPotion"},{"floor":16,"key":"FearPotion"},{"floor":24,"key":"Fire Potion"}],"is_trial":false,"path_per_floor":["M","M","?","$","M","E","M","?","T","R","M","E","M","M","R","B",null,"M","?","M","?","M","R","M","?","T"],"character_chosen":"THE_SILENT","items_purchased":["Bouncing Flask","Cloak And Dagger"],"campfire_rested":3,"item_purchase_floors":[4,4],"current_hp_per_floor":[63,63,63,63,62,45,42,35,35,53,39,23,16,16,34,46,63,47,47,45,45,38,56,10,7,7,0],"gold":379,"neow_bonus":"THREE_RARE_CARDS","is_prod":false,"is_daily":false,"chose_seed":false,"campfire_upgraded":0,"win_rate":0,"timestamp":1535332154,"path_taken":["M","M","?","$","?","E","?","?","T","R","?","E","M","M","R","BOSS","M","?","M","?","M","R","M","?","T","M"],"build_version":"2018-08-23v2","purchased_purges":0,"victory":false,"max_hp_per_floor":[63,63,63,63,63,63,63,63,63,63,63,63,63,63,63,63,63,63,63,63,63,63,63,63,63,63,63],"card_choices":[{"not_picked":["Doppelganger","Bullet Time"],"picked":"Die Die Die","floor":0},{"not_picked":["Terror","PiercingWail"],"picked":"Dagger Throw","floor":1},{"not_picked":["Prepared","Cloak And Dagger"],"picked":"All Out Attack","floor":2},{"not_picked":["Riddle With Holes","Flechettes"],"picked":"Sucker Punch","floor":5},{"not_picked":["Slice","Concentrate"],"picked":"Dagger Throw","floor":6},{"not_picked":["Deadly Poison","Expertise"],"picked":"Infinite Blades","floor":7},{"not_picked":["Bouncing Flask","Quick Slash"],"picked":"Backstab","floor":11},{"not_picked":["Choke","Setup"],"picked":"Catalyst","floor":12},{"not_picked":["Setup","Calculated Gamble"],"picked":"Noxious Fumes","floor":13},{"not_picked":["Concentrate","Escape Plan"],"picked":"Die Die Die","floor":14},{"not_picked":["Doppelganger","Malaise"],"picked":"Tools of the Trade","floor":16},{"not_picked":[],"picked":"Blade Dance","floor":18},{"not_picked":[],"picked":"Blade Dance","floor":20},{"not_picked":[],"picked":"Reflex","floor":22},{"not_picked":[],"picked":"Underhanded Strike+1","floor":24}],"player_experience":347329,"relics_obtained":[{"floor":6,"key":"Incense Burner"},{"floor":9,"key":"Matryoshka"},{"floor":12,"key":"Pantograph"},{"floor":26,"key":"Happy Flower"},{"floor":26,"key":"Ornamental Fan"}],"event_choices":[{"event_name":"Match and Keep!","player_choice":"3 cards matched","floor":3,"damage_taken":0},{"event_name":"Scrap Ooze","player_choice":"success","floor":8,"damage_taken":7},{"event_name":"Purifier","player_choice":"One Purge","floor":19,"damage_taken":0},{"event_name":"The Mausoleum","player_choice":"Yes","floor":21,"damage_taken":0},{"event_name":"Colosseum","player_choice":"Fight","floor":25,"damage_taken":0},{"event_name":"Colosseum","player_choice":"Fled From Nobs","floor":25,"damage_taken":0}],"is_beta":false,"boss_relics":[{"not_picked":["Empty Cage","Coffee Dripper"],"picked":"Busted Crown"}],"items_purged_floors":[],"is_endless":false,"potions_floor_spawned":[1,6,11,16,24],"killed_by":"Centurion and Healer","ascension_level":2}