{"gold_per_floor":[110,120,120,135,87,120,120,139,165,165,199,217,232,232,232,355,355,379,379,379,379,146,146,160,200,200,200,233,233,246,290,290,290],"floor_reached":33,"playtime":3168,"items_purged":[],"score":329,"play_id":"db5a2980-3394-41ec-9efd-8b044550c08e","local_time":"20181026161417","is_ascension_mode":true,"campfire_choices":[{"data":"Bouncing Flask","floor":7,"key":"SMITH"},{"data":"Terror","floor":15,"key":"SMITH"},{"data":"Noxious Fumes","floor":23,"key":"SMITH"},{"data":"Adrenaline","floor":27,"key":"SMITH"},{"floor":32,"key":"REST"}],"neow_cost":"NONE","seed_source_timestamp":1374580582718796,"circlet_count":0,"master_deck":["Defend_G","Defend_G","Defend_G","Defend_G","Defend_G","Strike_G","Strike_G","Strike_G","Strike_G","Strike_G","Survivor+1","Neutralize","Crippling Poison+1","Prepared","Bouncing Flask+1","PiercingWail","Deadly Poison","Tactician+1","Neutralize","Finesse","Leg Sweep","Bane","Deadly Poison","Terror+1","Injury","Adrenaline+1","RitualDagger","Noxious Fumes+1","Dodge and Roll+1","PiercingWail","Escape Plan","Writhe","Dash+1","Terror+1"],"relics":["Ring of the Serpent","Bag of Preparation","Juzu Bracelet","War Paint","Oddly Smooth Stone","Golden Idol","Enchiridion","Centennial Puzzle","Ornamental Fan","Kunai","Bag of Marbles","Anchor","Bottled Tornado"],"potions_floor_usage":[6,6,11,24,33,33],"damage_taken":[{"damage":0,"enemies":"Jaw Worm","floor":1,"turns":6},{"damage":0,"enemies":"Small Slimes","floor":2,"turns":4},{"damage":0,"enemies":"Cultist","floor":4,"turns":4},{"damage":9,"enemies":"3 Sentries","floor":6,"turns":5},{"damage":2,"enemies":"Blue Slaver","floor":8,"turns":3},{"damage":6,"enemies":"Gremlin Nob","floor":11,"turns":4},{"damage":1,"enemies":"Large Slime","floor":12,"turns":6},{"damage":0,"enemies":"3 Louse","floor":13,"turns":2},{"damage":12,"enemies":"The Guardian","floor":16,"turns":9},{"damage":2,"enemies":"Shell Parasite","floor":18,"turns":5},{"damage":0,"enemies":"Chosen","floor":24,"turns":4},{"damage":8,"enemies":"Book of Stabbing","floor":25,"turns":5},{"damage":27,"enemies":"Gremlin Leader","floor":28,"turns":4},{"damage":6,"enemies":"3 Cultists","floor":30,"turns":4},{"damage":9,"enemies":"Book of Stabbing","floor":31,"turns":8},{"damage":42,"enemies":"Champ","floor":33,"turns":9}],"seed_played":"-5090346189817174821","potions_obtained":[{"floor":1,"key":"Explosive Potion"},{"floor":2,"key":"PowerPotion"},{"floor":8,"key":"Fruit Juice"},{"floor":18,"key":"Regen Potion"},{"floor":25,"key":"Weak Potion"},{"floor":31,"key":"Energy Potion"}],"is_trial":false,"path_per_floor":["M","M","?","M","$","E","R","M","T","?","E","M","M","?","R","B",null,"M","?","?","?","$","R","M","E","T","R","E","?","M","E","R"],"character_chosen":"THE_SILENT","items_purchased":["PiercingWail","Noxious Fumes","Centennial Puzzle"],"campfire_rested":1,"item_purchase_floors":[5,22,22],"current_hp_per_floor":[70,70,70,70,70,61,61,59,59,59,58,57,57,57,57,45,75,73,57,57,51,51,51,65,57,57,57,30,30,24,15,37,0],"gold":290,"neow_bonus":"RANDOM_COMMON_RELIC","is_prod":false,"is_daily":false,"chose_seed":false,"campfire_upgraded":4,"win_rate":0,"timestamp":1540592057,"path_taken":["M","M","?","M","$","E","R","M","T","?","E","M","M","?","R","BOSS","M","?","?","?","$","R","M","E","T","R","E","?","M","E","R","BOSS"],"build_version":"2018-10-25v2","purchased_purges":0,"victory":false,"max_hp_per_floor":[70,70,70,70,70,70,70,70,70,70,75,75,75,75,75,75,75,75,75,75,75,75,75,75,75,75,75,75,75,75,75,75,75],"card_choices":[{"not_picked":["Quick Slash","Cloak And Dagger"],"picked":"Crippling Poison","floor":1},{"not_picked":["Slice","Sucker Punch"],"picked":"Prepared","floor":2},{"not_picked":["PiercingWail","Concentrate"],"picked":"Bouncing Flask","floor":4},{"not_picked":["Acrobatics","Die Die Die"],"picked":"Deadly Poison","floor":6},{"not_picked":["Predator","Cloak And Dagger"],"picked":"Tactician","floor":8},{"not_picked":["Deflect","Unload"],"picked":"Bane","floor":11},{"not_picked":["Accuracy","Dodge and Roll"],"picked":"Deadly Poison","floor":12},{"not_picked":["Quick Slash","Concentrate"],"picked":"Terror","floor":13},{"not_picked":["Tools of the Trade","Venomology"],"picked":"Adrenaline","floor":16},{"not_picked":["Bane","Eviscerate","Slice"],"picked":"SKIP","floor":18},{"not_picked":["Acrobatics","Choke+1"],"picked":"Dodge and Roll+1","floor":24},{"not_picked":["Riddle With Holes+1","Reflex+1"],"picked":"PiercingWail","floor":25},{"not_picked":["Predator","Cloak And Dagger"],"picked":"Escape Plan","floor":28},{"not_picked":["Skewer","Dagger Throw+1"],"picked":"Dash+1","floor":30},{"not_picked":["Calculated Gamble","Riddle With Holes"],"picked":"Terror+1","floor":31}],"player_experience":866584,"relics_obtained":[{"floor":6,"key":"Juzu Bracelet"},{"floor":9,"key":"War Paint"},{"floor":11,"key":"Oddly Smooth Stone"},{"floor":19,"key":"Enchiridion"},{"floor":25,"key":"Ornamental Fan"},{"floor":26,"key":"Kunai"},{"floor":28,"key":"Bag of Marbles"},{"floor":31,"key":"Bottled Tornado"}],"event_choices":[{"damage_healed":0,"gold_gain":0,"player_choice":"Grow","damage_taken":0,"max_hp_gain":0,"max_hp_loss":0,"event_name":"Living Wall","floor":3,"gold_loss":0,"cards_upgraded":["Crippling Poison"]},{"damage_healed":0,"gold_gain":0,"player_choice":"3 cards matched","damage_taken":0,"max_hp_gain":0,"max_hp_loss":0,"event_name":"Match and Keep!","floor":10,"gold_loss":0,"cards_obtained":["Neutralize","Finesse","Leg Sweep"]},{"damage_healed":0,"gold_gain":0,"player_choice":"Take Wound","damage_taken":0,"relics_obtained":["Golden Idol"],"max_hp_gain":0,"max_hp_loss":0,"event_name":"Golden Idol","floor":14,"gold_loss":0,"cards_obtained":["Injury"]},{"damage_healed":0,"gold_gain":0,"player_choice":"Obtained Book","damage_taken":16,"max_hp_gain":0,"max_hp_loss":0,"event_name":"Cursed Tome","floor":19,"gold_loss":0},{"damage_healed":0,"gold_gain":0,"player_choice":"Ignored","damage_taken":0,"max_hp_gain":0,"max_hp_loss":0,"event_name":"Transmorgrifier","floor":20,"gold_loss":0},{"damage_healed":0,"gold_gain":0,"player_choice":"Joined the Cult","damage_taken":6,"max_hp_gain":0,"max_hp_loss":0,"event_name":"Nest","floor":21,"gold_loss":0,"cards_obtained":["RitualDagger"]},{"damage_healed":0,"gold_gain":0,"player_choice":"Opened","damage_taken":0,"relics_obtained":["Anchor"],"max_hp_gain":0,"max_hp_loss":0,"event_name":"The Mausoleum","floor":29,"gold_loss":0,"cards_obtained":["Writhe"]}],"is_beta":false,"boss_relics":[{"not_picked":["WristBlade","Lizard Tail"],"picked":"Ring of the Serpent"}],"items_purged_floors":[],"is_endless":false,"potions_floor_spawned":[1,2,8,18,25,31],"killed_by":"Champ","ascension_level":1}