{"gold_per_floor":[209,209,223,223,122,122,135,135,159,170,170,181,213,163,163,264,264,279,291,291,304,324,324,354,371,371,371,384,404,423,423,423,423],"floor_reached":33,"playtime":3357,"items_purged":["Defend_R"],"score":491,"play_id":"d48d8ffb-a6d6-4675-8da7-fda026c26f30","local_time":"20190330170732","is_ascension_mode":true,"campfire_choices":[{"data":"True Grit","floor":6,"key":"SMITH"},{"data":"Disarm","floor":11,"key":"SMITH"},{"data":"Feel No Pain","floor":15,"key":"SMITH"},{"data":"Barricade","floor":23,"key":"SMITH"},{"floor":32,"key":"REST"}],"neow_cost":"NONE","seed_source_timestamp":1270608704004047,"circlet_count":0,"master_deck":["AscendersBane","Strike_R","Strike_R","Strike_R","Strike_R","Defend_R","Defend_R+1","Bash+1","Warcry","Ghostly Armor","True Grit+1","Disarm+1","Shrug It Off+1","Feel No Pain+1","Barricade+1","Armaments","Feel No Pain","Dark Embrace","Flame Barrier","Disarm","Feed","Shrug It Off","Clothesline","Metallicize"],"relics":["Burning Blood","NlothsMask","Unceasing Top","War Paint","Velvet Choker","Regal Pillow","Toxic Egg 2"],"potions_floor_usage":[24,27,27],"damage_taken":[{"damage":8,"enemies":"Jaw Worm","floor":1,"turns":5},{"damage":6,"enemies":"Cultist","floor":3,"turns":4},{"damage":0,"enemies":"Small Slimes","floor":7,"turns":5},{"damage":0,"enemies":"3 Louse","floor":10,"turns":7},{"damage":8,"enemies":"2 Fungi Beasts","floor":12,"turns":6},{"damage":34,"enemies":"Gremlin Nob","floor":13,"turns":5},{"damage":47,"enemies":"The Guardian","floor":16,"turns":21},{"damage":13,"enemies":"Shell Parasite","floor":18,"turns":15},{"damage":17,"enemies":"Spheric Guardian","floor":19,"turns":12},{"damage":19,"enemies":"Cultist and Chosen","floor":21,"turns":12},{"damage":0,"enemies":"Centurion and Healer","floor":22,"turns":20},{"damage":19,"enemies":"Book of Stabbing","floor":24,"turns":10},{"damage":0,"enemies":"Snecko","floor":25,"turns":10},{"damage":28,"enemies":"Slavers","floor":27,"turns":6},{"damage":1,"enemies":"Shelled Parasite and Fungi","floor":28,"turns":16},{"damage":17,"enemies":"Cultist and Chosen","floor":29,"turns":13},{"damage":3,"enemies":"Snecko","floor":30,"turns":8},{"damage":83,"enemies":"Collector","floor":33,"turns":28}],"seed_played":"3137616947982217385","potions_obtained":[{"floor":3,"key":"FearPotion"},{"floor":7,"key":"SmokeBomb"},{"floor":16,"key":"Strength Potion"},{"floor":19,"key":"LiquidBronze"},{"floor":24,"key":"Weak Potion"},{"floor":29,"key":"Poison Potion"},{"floor":31,"key":"FairyPotion"},{"floor":31,"key":"SmokeBomb"}],"is_trial":false,"path_per_floor":["?","M","?","?","?","?","M","?"],"character_chosen":"IRONCLAD","items_purchased":["True Grit"],"campfire_rested":1,"item_purchase_floors":[5],"current_hp_per_floor":[70,70,70,67,67,67,73,73,73,79,79,77,49,49,49,8,62,55,44,44,31,37,37,24,34,34,12,21,13,20,20,63,0],"gold":423,"neow_bonus":"HUNDRED_GOLD","is_prod":false,"is_daily":false,"chose_seed":false,"campfire_upgraded":4,"win_rate":0,"timestamp":1553980052,"path_taken":["M","?","?","?","$","R","M","?","T","M","R","M","E","?","R","BOSS","M","M","?","M","M","R","E","M","T","E","M","M","?","?","R","BOSS"],"build_version":"2019-01-23","purchased_purges":1,"victory":false,"max_hp_per_floor":[80,80,80,80,80,80,80,80,80,80,80,80,80,80,80,80,80,80,80,80,80,80,80,80,84,84,84,88,91,95,95,95,95],"card_choices":[{"not_picked":["Sword Boomerang","Burning Pact"],"picked":"Warcry","floor":1},{"not_picked":["Flex","Heavy Blade"],"picked":"Ghostly Armor","floor":3},{"not_picked":["Perfected Strike","Flex","Blood for Blood"],"picked":"SKIP","floor":7},{"not_picked":["Intimidate","Clash"],"picked":"Disarm","floor":10},{"not_picked":["Sword Boomerang","Cleave"],"picked":"Shrug It Off","floor":12},{"not_picked":["Wild Strike","Heavy Blade"],"picked":"Feel No Pain","floor":13},{"not_picked":["Impervious","Double Tap"],"picked":"Barricade","floor":16},{"not_picked":["Heavy Blade","Anger"],"picked":"Armaments","floor":18},{"not_picked":["Clash","Fire Breathing"],"picked":"Feel No Pain","floor":19},{"not_picked":["Wild Strike","Shrug It Off"],"picked":"Flame Barrier","floor":21},{"not_picked":["Whirlwind","Anger+1"],"picked":"Disarm","floor":22},{"not_picked":["Clothesline","Shockwave"],"picked":"Feed","floor":24},{"not_picked":["Armaments","Twin Strike"],"picked":"Shrug It Off","floor":25},{"not_picked":["Armaments+1","Anger"],"picked":"Clothesline","floor":28},{"not_picked":["Pommel Strike","Anger","Heavy Blade+1"],"picked":"SKIP","floor":29},{"not_picked":["Heavy Blade","Flame Barrier+1"],"picked":"Metallicize","floor":30}],"player_experience":1293223,"relics_obtained":[{"floor":13,"key":"War Paint"},{"floor":24,"key":"Regal Pillow"},{"floor":26,"key":"Toxic Egg 2"}],"event_choices":[{"damage_healed":0,"gold_gain":0,"player_choice":"Trade","damage_taken":0,"relics_obtained":["NlothsMask"],"max_hp_gain":0,"max_hp_loss":0,"event_name":"FaceTrader","floor":2,"gold_loss":0},{"damage_healed":0,"gold_gain":0,"player_choice":"Success","damage_taken":3,"relics_obtained":["Unceasing Top"],"max_hp_gain":0,"max_hp_loss":0,"event_name":"Scrap Ooze","floor":4,"gold_loss":0},{"damage_healed":0,"gold_gain":0,"player_choice":"Grow","damage_taken":0,"max_hp_gain":0,"max_hp_loss":0,"event_name":"Living Wall","floor":8,"gold_loss":0,"cards_upgraded":["Bash"]},{"cards_removed":["Defend_R"],"damage_healed":0,"gold_gain":0,"player_choice":"Card Removal","damage_taken":0,"max_hp_gain":0,"max_hp_loss":0,"event_name":"The Cleric","floor":14,"gold_loss":50},{"damage_healed":0,"gold_gain":0,"cards_transformed":["Strike_R"],"player_choice":"Transformed","damage_taken":0,"max_hp_gain":0,"max_hp_loss":0,"event_name":"Transmorgrifier","floor":20,"gold_loss":0,"cards_obtained":["Dark Embrace"]},{"damage_healed":0,"gold_gain":0,"player_choice":"Got Potions","damage_taken":0,"max_hp_gain":0,"max_hp_loss":0,"event_name":"Lab","floor":31,"gold_loss":0}],"is_beta":false,"boss_relics":[{"not_picked":["Lizard Tail","Pandora\u0027s Box"],"picked":"Velvet Choker"}],"items_purged_floors":[5],"is_endless":false,"potions_floor_spawned":[3,7,13,16,19,24,27,29],"killed_by":"Collector","ascension_level":12}