{"gold_per_floor":[113,123,123,136,136,136,151,151,151,181,199,2,13,23,23,23],"floor_reached":16,"playtime":728,"items_purged":[],"score":172,"play_id":"f1a29afb-e71a-41ab-9c29-ab1e119840cb","local_time":"20181018131659","is_ascension_mode":true,"campfire_choices":[{"floor":6.0,"key":"REST"},{"floor":8,"key":"REST"},{"floor":15,"key":"REST"}],"neow_cost":"PERCENT_DAMAGE","seed_source_timestamp":0,"circlet_count":0,"master_deck":["Defend_G","Defend_G","Defend_G","Defend_G","Defend_G","Strike_G","Strike_G","Strike_G","Strike_G","Strike_G","Survivor","Neutralize","AscendersBane","Skewer","PiercingWail","Prepared","Dodge and Roll","After Image","PiercingWail","Heel Hook","Leg Sweep"],"special_seed":0,"relics":["Ring of the Snake","Calipers","Pantograph","Gremlin Horn","Omamori","Vajra","Chemical X"],"potions_floor_usage":[10,14,16],"damage_taken":[{"damage":7.0,"enemies":"Cultist","floor":1.0,"turns":5.0},{"damage":10.0,"enemies":"Small Slimes","floor":2.0,"turns":5.0},{"damage":8.0,"enemies":"Jaw Worm","floor":4.0,"turns":5.0},{"damage":9,"enemies":"Exordium Thugs","floor":7,"turns":7},{"damage":32,"enemies":"3 Sentries","floor":10,"turns":11},{"damage":5,"enemies":"Blue Slaver","floor":11,"turns":6},{"damage":0,"enemies":"3 Louse","floor":13,"turns":5},{"damage":3,"enemies":"Large Slime","floor":14,"turns":5},{"damage":68,"enemies":"Hexaghost","floor":16,"turns":16}],"seed_played":"993263015803661615","potions_obtained":[{"floor":1.0,"key":"Energy Potion"},{"floor":10,"key":"Energy Potion"},{"floor":13,"key":"Regen Potion"}],"is_trial":false,"path_per_floor":["M","M","?","M","T","R","M","R","T","E","M","$","M","M","R"],"character_chosen":"THE_SILENT","items_purchased":["Chemical X"],"campfire_rested":3,"item_purchase_floors":[12],"current_hp_per_floor":[38,28,21,13,13,34,25,46,46,14,9,9,9,6,27,0],"gold":23,"neow_bonus":"ONE_RARE_RELIC","is_prod":false,"is_daily":false,"chose_seed":false,"campfire_upgraded":0,"win_rate":0,"timestamp":1539883019,"path_taken":["M","M","?","M","?","R","M","R","T","E","M","$","M","M","R","BOSS"],"build_version":"2018-10-17v3","purchased_purges":0,"victory":false,"max_hp_per_floor":[70,70,70,70,70,70,70,70,70,70,70,70,70,70,70,70],"card_choices":[{"not_picked":["Underhanded Strike","Slice"],"picked":"Skewer","floor":1.0},{"not_picked":["Slice","Quick Slash"],"picked":"PiercingWail","floor":2.0},{"not_picked":["Deflect","Poisoned Stab"],"picked":"Prepared","floor":4.0},{"not_picked":["Deadly Poison","Prepared"],"picked":"Dodge and Roll","floor":7},{"not_picked":["Envenom","Dash"],"picked":"After Image","floor":10},{"not_picked":["Outmaneuver","Deadly Poison"],"picked":"PiercingWail","floor":11},{"not_picked":["Quick Slash","Flying Knee"],"picked":"Heel Hook","floor":13},{"not_picked":["Blade Dance","Tactician"],"picked":"Leg Sweep","floor":14}],"player_experience":365822,"relics_obtained":[{"floor":5.0,"key":"Gremlin Horn"},{"floor":9,"key":"Omamori"},{"floor":10,"key":"Vajra"}],"event_choices":[{"damage_healed":0.0,"max_hp_gain":0.0,"max_hp_loss":0.0,"gold_gain":0.0,"event_name":"Scrap Ooze","player_choice":"Success","floor":3.0,"gold_loss":0.0,"damage_taken":7.0,"relics_obtained":["Pantograph"]}],"is_beta":true,"boss_relics":[],"items_purged_floors":[],"is_endless":false,"potions_floor_spawned":[1,10,13],"killed_by":"Hexaghost","ascension_level":13}