{"gold_per_floor":[116,127,127,127,127,52,52,65,90,104,104,118,130,130,130,130],"floor_reached":16,"playtime":1001,"items_purged":["Strike_G"],"score":92,"play_id":"f080cfcc-e98e-4baa-ae65-c15cf8f9da5e","local_time":"20181231125715","is_ascension_mode":false,"campfire_choices":[{"floor":7,"key":"REST"},{"floor":11,"key":"REST"},{"floor":15,"key":"REST"}],"neow_cost":"CURSE","seed_source_timestamp":80763986247407,"circlet_count":0,"master_deck":["Defend_G","Defend_G","Defend_G","Defend_G","Defend_G","Strike_G","Strike_G","Strike_G","Strike_G","Survivor","Neutralize","Pain","Well Laid Plans","Glass Knife","PiercingWail","Leg Sweep","Predator","Well Laid Plans"],"relics":["Ring of the Snake","Calipers","Juzu Bracelet","Anchor","Dream Catcher"],"potions_floor_usage":[],"damage_taken":[{"damage":7,"enemies":"2 Louse","floor":1,"turns":5},{"damage":18,"enemies":"Jaw Worm","floor":2,"turns":7},{"damage":5,"enemies":"Small Slimes","floor":8,"turns":4},{"damage":14,"enemies":"Red Slaver","floor":10,"turns":6},{"damage":5,"enemies":"Looter","floor":12,"turns":5},{"damage":2,"enemies":"2 Fungi Beasts","floor":13,"turns":3},{"damage":63,"enemies":"The Guardian","floor":16,"turns":17}],"seed_played":"3935333884169448241","potions_obtained":[{"floor":2,"key":"Strength Potion"},{"floor":8,"key":"Ancient Potion"},{"floor":12,"key":"GhostInAJar"}],"is_trial":false,"path_per_floor":["M","M","?","?","?","$","R","M","T","M","R","M","M","?","R","B"],"character_chosen":"THE_SILENT","items_purchased":[],"campfire_rested":3,"item_purchase_floors":[],"current_hp_per_floor":[63,45,45,38,26,26,47,42,42,28,49,44,42,42,63,0],"gold":130,"neow_bonus":"ONE_RARE_RELIC","is_prod":false,"is_daily":false,"chose_seed":false,"campfire_upgraded":0,"win_rate":0.0,"timestamp":1546289835,"path_taken":["M","M","?","?","?","$","R","M","T","M","R","M","M","?","R","BOSS"],"build_version":"2018-12-20","purchased_purges":1,"victory":false,"max_hp_per_floor":[70,70,70,70,70,70,70,70,70,70,70,70,70,70,70,70],"card_choices":[{"not_picked":["Backflip","Slice"],"picked":"Well Laid Plans","floor":1},{"not_picked":["Acrobatics","Blade Dance"],"picked":"Glass Knife","floor":2},{"not_picked":["Dagger Throw","Blade Dance","Quick Slash"],"picked":"SKIP","floor":8},{"not_picked":["Reflex","Eviscerate"],"picked":"PiercingWail","floor":10},{"not_picked":["Backflip","Choke"],"picked":"Leg Sweep","floor":11},{"not_picked":["Masterful Stab","Flying Knee"],"picked":"Predator","floor":12},{"not_picked":["Reflex","Dagger Spray","Blade Dance"],"picked":"SKIP","floor":13}],"player_experience":14407,"relics_obtained":[{"floor":9,"key":"Dream Catcher"}],"event_choices":[{"damage_healed":0,"gold_gain":0,"player_choice":"Box","damage_taken":0,"relics_obtained":["Juzu Bracelet"],"max_hp_gain":0,"max_hp_loss":0,"event_name":"Big Fish","floor":3,"gold_loss":0,"cards_obtained":["Regret"]},{"cards_removed":["Regret"],"damage_healed":0,"gold_gain":0,"player_choice":"Card Removal","damage_taken":7,"max_hp_gain":0,"max_hp_loss":0,"event_name":"Golden Wing","floor":4,"gold_loss":0},{"damage_healed":0,"gold_gain":0,"player_choice":"Success","damage_taken":12,"relics_obtained":["Anchor"],"max_hp_gain":0,"max_hp_loss":0,"event_name":"Scrap Ooze","floor":5,"gold_loss":0},{"damage_healed":0,"gold_gain":0,"player_choice":"1 cards matched","damage_taken":0,"max_hp_gain":0,"max_hp_loss":0,"event_name":"Match and Keep!","floor":14,"gold_loss":0,"cards_obtained":["Well Laid Plans"]}],"is_beta":false,"boss_relics":[],"items_purged_floors":[6],"is_endless":false,"potions_floor_spawned":[2,8,12],"killed_by":"The Guardian","ascension_level":0}