{"gold_per_floor":[109,126,126,143,143,143,171,191,191,203,218,218,249,93,93,197,197,215,225,240,161,172,197,197,197,197,226,237,255,269,296,296,393,393,406,506,7,26,39,64,83,94,94,94],"floor_reached":44,"playtime":5825,"items_purged":["Strike_G","Backstab"],"score":566,"play_id":"890a4d7b-0438-4492-a9d3-fc3a43fe224b","local_time":"20190131144940","is_ascension_mode":false,"campfire_choices":[{"floor":6,"key":"REST"},{"floor":12,"key":"REST"},{"floor":15,"key":"REST"},{"floor":24,"key":"REST"},{"floor":32,"key":"REST"}],"neow_cost":"PERCENT_DAMAGE","seed_source_timestamp":225461684246855,"circlet_count":0,"master_deck":["Defend_G","Defend_G","Defend_G","Defend_G","Survivor+1","Neutralize","Adrenaline","All Out Attack","Deadly Poison+1","Bouncing Flask","Infinite Blades","Footwork","Footwork","Deadly Poison+1","Infinite Blades+1","Glass Knife+1","Blade Dance+1","Accuracy","Infinite Blades","Noxious Fumes","Crippling Poison+1","Phantasmal Killer","Accuracy","The Bomb","Footwork","Infinite Blades+1","Accuracy+1"],"relics":["Ring of the Snake","Mummified Hand","Gremlin Horn","Pantograph","Astrolabe","Vajra","Ninja Scroll","War Paint","Pear","Black Star","Tingsha","Bag of Marbles","Pen Nib","Bottled Tornado","Letter Opener"],"potions_floor_usage":[23,23,23,33,33,36],"damage_taken":[{"damage":0,"enemies":"Jaw Worm","floor":1,"turns":3},{"damage":0,"enemies":"Cultist","floor":2,"turns":4},{"damage":0,"enemies":"Small Slimes","floor":4,"turns":3},{"damage":30,"enemies":"3 Sentries","floor":7,"turns":9},{"damage":0,"enemies":"3 Louse","floor":8,"turns":2},{"damage":0,"enemies":"2 Fungi Beasts","floor":10,"turns":2},{"damage":0,"enemies":"Looter","floor":11,"turns":4},{"damage":24,"enemies":"Gremlin Nob","floor":13,"turns":4},{"damage":54,"enemies":"The Guardian","floor":16,"turns":9},{"damage":2,"enemies":"Shell Parasite","floor":18,"turns":3},{"damage":0,"enemies":"Spheric Guardian","floor":19,"turns":3},{"damage":3,"enemies":"Cultist and Chosen","floor":20,"turns":5},{"damage":6,"enemies":"3 Cultists","floor":22,"turns":4},{"damage":30,"enemies":"Slavers","floor":23,"turns":5},{"damage":20,"enemies":"Book of Stabbing","floor":27,"turns":4},{"damage":18,"enemies":"Snake Plant","floor":28,"turns":4},{"damage":3,"enemies":"Chosen and Byrds","floor":29,"turns":3},{"damage":0,"enemies":"Cultist and Chosen","floor":30,"turns":4},{"damage":7,"enemies":"Gremlin Leader","floor":31,"turns":4},{"damage":24,"enemies":"Collector","floor":33,"turns":6},{"damage":17,"enemies":"3 Darklings","floor":35,"turns":3},{"damage":29,"enemies":"Mind Bloom Boss Battle","floor":36,"turns":5},{"damage":11,"enemies":"Orb Walker","floor":38,"turns":3},{"damage":20,"enemies":"Sphere and 2 Shapes","floor":39,"turns":4},{"damage":26,"enemies":"Reptomancer","floor":40,"turns":4},{"damage":0,"enemies":"Maw","floor":41,"turns":4},{"damage":0,"enemies":"Jaw Worm Horde","floor":42,"turns":2},{"damage":11,"enemies":"Writhing Mass","floor":44,"turns":1}],"seed_played":"-4754441416097286939","potions_obtained":[{"floor":7,"key":"Swift Potion"},{"floor":8,"key":"Swift Potion"},{"floor":11,"key":"Strength Potion"},{"floor":13,"key":"Regen Potion"},{"floor":20,"key":"LiquidBronze"},{"floor":22,"key":"Fruit Juice"},{"floor":27,"key":"FearPotion"},{"floor":28,"key":"Explosive Potion"},{"floor":31,"key":"SteroidPotion"},{"floor":33,"key":"Dexterity Potion"},{"floor":35,"key":"Regen Potion"}],"is_trial":false,"path_per_floor":["?","?","M","M","?","?"],"character_chosen":"THE_SILENT","items_purchased":["Footwork","Infinite Blades","Bag of Marbles","The Bomb","Footwork","SteroidPotion"],"campfire_rested":5,"item_purchase_floors":[14,21,37,37,37,37],"current_hp_per_floor":[49,49,49,49,49,70,40,40,40,40,40,61,37,37,58,16,70,68,68,65,65,59,48,70,70,70,50,32,29,29,32,57,58,85,68,65,65,54,34,8,8,8,8,0],"gold":94,"neow_bonus":"TRANSFORM_TWO_CARDS","is_prod":false,"is_daily":false,"chose_seed":false,"campfire_upgraded":0,"win_rate":0.0,"timestamp":1548964180,"path_taken":["M","M","?","M","?","R","E","M","T","?","M","R","E","$","R","BOSS","M","?","M","$","M","E","R","?","T","E","M","M","M","E","R","BOSS","M","?","$","M","M","E","M","M","T","M"],"build_version":"2019-01-23","purchased_purges":2,"victory":false,"max_hp_per_floor":[70,70,70,70,70,70,70,70,70,70,70,70,70,70,70,70,70,70,70,70,70,70,75,75,75,75,75,75,75,75,85,85,85,85,85,85,85,85,85,85,85,85,85,85],"card_choices":[{"not_picked":["Flying Knee","Sucker Punch"],"picked":"All Out Attack","floor":1},{"not_picked":["Bane","Dagger Spray"],"picked":"Deadly Poison","floor":2},{"not_picked":["Backflip","Quick Slash","Finisher"],"picked":"SKIP","floor":4},{"not_picked":["Masterful Stab","Eviscerate","PiercingWail"],"picked":"SKIP","floor":7},{"not_picked":["Slice","Venomology","Accuracy"],"picked":"SKIP","floor":8},{"not_picked":["Endless Agony","Sucker Punch"],"picked":"Bouncing Flask","floor":10},{"not_picked":["Bane","Reflex"],"picked":"Infinite Blades","floor":11},{"not_picked":["Flying Knee","Storm of Steel"],"picked":"Footwork","floor":13},{"not_picked":["Deflect","Well Laid Plans"],"picked":"Blade Dance+1","floor":18},{"not_picked":["Leg Sweep","PiercingWail+1","Quick Slash+1"],"picked":"SKIP","floor":19},{"not_picked":["Catalyst","Finisher+1"],"picked":"Accuracy","floor":20},{"not_picked":["Blade Dance","Poisoned Stab+1","Quick Slash"],"picked":"SKIP","floor":22},{"not_picked":["Sucker Punch","Endless Agony"],"picked":"Noxious Fumes","floor":23},{"not_picked":["Flying Knee","Slice","Deflect"],"picked":"SKIP","floor":27},{"not_picked":["Acrobatics","Dodge and Roll","Bane"],"picked":"SKIP","floor":28},{"not_picked":["Bouncing Flask","Poisoned Stab"],"picked":"Crippling Poison+1","floor":29},{"not_picked":["Skewer","Blade Dance","Bane"],"picked":"SKIP","floor":30},{"not_picked":["Leg Sweep","Poisoned Stab"],"picked":"Backstab","floor":31},{"not_picked":["Malaise","Die Die Die"],"picked":"Phantasmal Killer","floor":33},{"not_picked":["Footwork","Blade Dance"],"picked":"Accuracy","floor":35},{"not_picked":["Endless Agony+1","Outmaneuver+1","Distraction+1"],"picked":"SKIP","floor":38},{"not_picked":["Dagger Throw+1","Acrobatics+1"],"picked":"Infinite Blades+1","floor":39},{"not_picked":["Sucker Punch+1","Cloak And Dagger+1"],"picked":"Accuracy+1","floor":40},{"not_picked":["Prepared","Quick Slash+1","Leg Sweep+1"],"picked":"SKIP","floor":41},{"not_picked":["Sucker Punch+1","Bullet Time","Prepared"],"picked":"SKIP","floor":42}],"player_experience":73633,"relics_obtained":[{"floor":7,"key":"Mummified Hand"},{"floor":9,"key":"Gremlin Horn"},{"floor":13,"key":"Pantograph"},{"floor":23,"key":"Vajra"},{"floor":26,"key":"Ninja Scroll"},{"floor":27,"key":"War Paint"},{"floor":31,"key":"Pear"},{"floor":36,"key":"Tingsha"},{"floor":40,"key":"Pen Nib"},{"floor":40,"key":"Bottled Tornado"},{"floor":43,"key":"Letter Opener"}],"event_choices":[{"damage_healed":0,"gold_gain":0,"player_choice":"Ignored","damage_taken":0,"max_hp_gain":0,"max_hp_loss":0,"event_name":"Liars Game","floor":3,"gold_loss":0},{"cards_removed":["Defend_G"],"damage_healed":0,"gold_gain":0,"player_choice":"Purged","damage_taken":0,"max_hp_gain":0,"max_hp_loss":0,"event_name":"Purifier","floor":5,"gold_loss":0},{"damage_healed":0,"gold_gain":0,"player_choice":"Ignored","damage_taken":0,"max_hp_gain":0,"max_hp_loss":0,"event_name":"Ghosts","floor":25,"gold_loss":0},{"damage_healed":0,"gold_gain":0,"player_choice":"Fight","damage_taken":0,"max_hp_gain":0,"max_hp_loss":0,"event_name":"MindBloom","floor":36,"gold_loss":0}],"is_beta":false,"boss_relics":[{"not_picked":["HoveringKite","Velvet Choker"],"picked":"Astrolabe"},{"not_picked":["Philosopher\u0027s Stone","White Beast Statue"],"picked":"Black Star"}],"items_purged_floors":[14,37],"is_endless":false,"potions_floor_spawned":[7,8,11,13,19,20,22,27,28,31,33,35],"killed_by":"Writhing Mass","ascension_level":0}