{"gold_per_floor":[368,368,381,160,185,220,220,220,247,247,147,185,185,204,204,204],"floor_reached":16,"playtime":1647,"items_purged":["Strike_R","Strike_R"],"score":108,"play_id":"26bb8272-b569-45d7-8357-9fb5005a768c","local_time":"20190130190746","is_ascension_mode":false,"campfire_choices":[{"floor":7,"key":"REST"},{"floor":10,"key":"REST"},{"floor":15,"key":"REST"}],"neow_cost":"PERCENT_DAMAGE","seed_source_timestamp":158720676964069,"circlet_count":0,"master_deck":["Strike_R","Strike_R","Strike_R","Defend_R","Defend_R","Defend_R","Defend_R","Pommel Strike","Barricade","Uppercut","Twin Strike","Juggernaut"],"relics":["Burning Blood","Golden Idol","Pen Nib","Blood Vial","Question Card","Paper Frog"],"potions_floor_usage":[6,16],"damage_taken":[{"damage":0,"enemies":"Cultist","floor":1,"turns":4},{"damage":0,"enemies":"Small Slimes","floor":3,"turns":4},{"damage":6,"enemies":"Jaw Worm","floor":5,"turns":3},{"damage":42,"enemies":"3 Sentries","floor":6,"turns":12},{"damage":23,"enemies":"Gremlin Nob","floor":12,"turns":5},{"damage":21,"enemies":"Lots of Slimes","floor":14,"turns":5},{"damage":52,"enemies":"The Guardian","floor":16,"turns":6}],"seed_played":"3512118514762430439","potions_obtained":[{"floor":5,"key":"Block Potion"},{"floor":6,"key":"AttackPotion"},{"floor":12,"key":"Dexterity Potion"},{"floor":14,"key":"SteroidPotion"}],"is_trial":false,"path_per_floor":["?","?","T","M"],"character_chosen":"IRONCLAD","items_purchased":["Barricade"],"campfire_rested":3,"item_purchase_floors":[4],"current_hp_per_floor":[62,42,48,48,48,12,36,29,29,53,53,38,38,25,49,0],"gold":204,"neow_bonus":"TWO_FIFTY_GOLD","is_prod":false,"is_daily":false,"chose_seed":false,"campfire_upgraded":0,"win_rate":0.0,"timestamp":1548893266,"path_taken":["M","?","M","$","M","E","R","?","T","R","$","E","?","?","R","BOSS"],"build_version":"2019-01-23","purchased_purges":2,"victory":false,"max_hp_per_floor":[80,80,80,80,80,80,80,80,80,80,80,80,80,80,80,80],"card_choices":[{"not_picked":["Body Slam","Infernal Blade"],"picked":"Pommel Strike","floor":1},{"not_picked":["Flex","Intimidate","Shrug It Off"],"picked":"SKIP","floor":3},{"not_picked":["Barricade","Clothesline"],"picked":"Uppercut","floor":5},{"not_picked":["Warcry","Double Tap"],"picked":"Twin Strike","floor":6},{"not_picked":["Thunderclap","Uppercut"],"picked":"Juggernaut","floor":12},{"not_picked":["Rupture","Clash","Clothesline","Sever Soul"],"picked":"SKIP","floor":14}],"player_experience":40689,"relics_obtained":[{"floor":6,"key":"Pen Nib"},{"floor":9,"key":"Blood Vial"},{"floor":12,"key":"Question Card"},{"floor":13,"key":"Paper Frog"}],"event_choices":[{"damage_healed":0,"gold_gain":0,"player_choice":"Take Damage","damage_taken":20,"relics_obtained":["Golden Idol"],"max_hp_gain":0,"max_hp_loss":0,"event_name":"Golden Idol","floor":2,"gold_loss":0},{"cards_removed":["Bash"],"damage_healed":0,"gold_gain":0,"player_choice":"Card Removal","damage_taken":7,"max_hp_gain":0,"max_hp_loss":0,"event_name":"Golden Wing","floor":8,"gold_loss":0}],"is_beta":false,"boss_relics":[],"items_purged_floors":[4,11],"is_endless":false,"potions_floor_spawned":[5,6,12,14],"killed_by":"The Guardian","ascension_level":0}