{"gold_per_floor":[116,116,135,135,210,210,236,236,236,251,264,281,281,300,300,400,400,411,411,61,75,0,35,47,88,178,208,220,122,132,145,145,244,244,258,258,273,293,303,337,337,337,337,10,26,26,37,37,37,37],"floor_reached":51,"playtime":2510,"items_purged":["Strike_B"],"score":744,"play_id":"467cec72-aed1-4813-8965-ca1055eb432a","local_time":"20190113142220","is_ascension_mode":false,"campfire_choices":[{"data":"Hologram","floor":6.0,"key":"SMITH"},{"floor":15.0,"key":"REST"},{"data":"Echo Form","floor":24.0,"key":"SMITH"},{"floor":32,"key":"REST"},{"data":"Defend_B","floor":42,"key":"PURGE"},{"data":"Fission","floor":46,"key":"SMITH"},{"floor":49,"key":"REST"}],"neow_cost":"NONE","seed_source_timestamp":58409471012150,"circlet_count":0,"master_deck":["Strike_B","Defend_B","Defend_B","Zap","Dualcast","Cold Snap","Hologram+1","White Noise","Storm","Self Repair","Redo","Sweeping Beam","Electrodynamics","Leap","Conserve Battery","Echo Form+1","Fission+1","Glacier","Conserve Battery","Hologram","Buffer","Compile Driver+1","Buffer","White Noise+1","Coolheaded","Cold Snap+1","Consume+1","Madness","Madness","Turbo","Doom and Gloom","Sunder"],"special_seed":0,"relics":["Cracked Core","NeowsBlessing","Happy Flower","Art of War","Nuclear Battery","DataDisk","Sling","MawBank","Peace Pipe","Matryoshka","Mummified Hand","Runic Pyramid","Blood Vial","Juzu Bracelet","Bottled Flame","ClockworkSouvenir"],"potions_floor_usage":[31,50],"damage_taken":[{"damage":0.0,"enemies":"2 Louse","floor":1.0,"turns":1.0},{"damage":0.0,"enemies":"Cultist","floor":3.0,"turns":1.0},{"damage":0.0,"enemies":"Gremlin Nob","floor":7.0,"turns":1.0},{"damage":0.0,"enemies":"Small Slimes","floor":10.0,"turns":3.0},{"damage":12.0,"enemies":"3 Louse","floor":11.0,"turns":3.0},{"damage":38.0,"enemies":"Exordium Thugs","floor":12.0,"turns":6.0},{"damage":12.0,"enemies":"Blue Slaver","floor":14.0,"turns":4.0},{"damage":42.0,"enemies":"The Guardian","floor":16.0,"turns":14.0},{"damage":18.0,"enemies":"2 Thieves","floor":18.0,"turns":4.0},{"damage":4.0,"enemies":"Shell Parasite","floor":21.0,"turns":10.0},{"damage":10.0,"enemies":"Gremlin Leader","floor":23.0,"turns":6.0},{"damage":28.0,"enemies":"Slavers","floor":25.0,"turns":3.0},{"damage":20.0,"enemies":"3 Cultists","floor":27.0,"turns":5.0},{"damage":0.0,"enemies":"Snake Plant","floor":30.0,"turns":4.0},{"damage":6,"enemies":"Chosen and Byrds","floor":31,"turns":6},{"damage":47,"enemies":"Collector","floor":33,"turns":11},{"damage":0,"enemies":"3 Shapes","floor":35,"turns":2},{"damage":5,"enemies":"Orb Walker","floor":37,"turns":4},{"damage":21,"enemies":"Spire Growth","floor":38,"turns":5},{"damage":8,"enemies":"4 Shapes","floor":39,"turns":3},{"damage":5,"enemies":"Nemesis","floor":40,"turns":11},{"damage":0,"enemies":"Maw","floor":45,"turns":8},{"damage":21,"enemies":"Writhing Mass","floor":47,"turns":4},{"damage":38,"enemies":"Donu and Deca","floor":50,"turns":16}],"seed_played":"-4197835014013094230","potions_obtained":[{"floor":1.0,"key":"Energy Potion"},{"floor":10.0,"key":"SteroidPotion"},{"floor":14.0,"key":"GamblersBrew"},{"floor":16.0,"key":"FearPotion"},{"floor":18.0,"key":"GamblersBrew"},{"floor":25.0,"key":"EssenceOfSteel"},{"floor":31,"key":"SteroidPotion"},{"floor":37,"key":"Block Potion"},{"floor":39,"key":"GamblersBrew"}],"is_trial":false,"path_per_floor":["M","?","M","?","?","R","E","?","T","M","M","M","?","M","R","B",null,"M","?","$","M","?","E","R","E","T","M","?","$","M","M","R","B",null,"M","?","M","M","M","E","?","R","T","$","M","R","M","$","R","B",null],"character_chosen":"DEFECT","items_purchased":["DataDisk","Sling","Glacier","Turbo","ClockworkSouvenir","Doom and Gloom"],"campfire_rested":3,"item_purchase_floors":[20,20,29,44,44,44],"current_hp_per_floor":[75,75,75,75,64,64,64,57,57,57,45,14,32,27,49,14,75,64,64,64,67,67,64,64,43,43,30,30,30,37,38,59,19,72,72,72,72,58,57,59,50,50,50,50,59,59,40,40,61,32],"gold":37,"neow_bonus":"THREE_ENEMY_KILL","is_prod":false,"is_daily":false,"chose_seed":false,"campfire_upgraded":3,"win_rate":0,"timestamp":1547418140,"path_taken":["M","?","?","?","?","R","E","?","T","?","M","M","?","M","R","BOSS","M","?","$","M","?","E","R","E","T","M","?","$","?","M","R","BOSS","M","?","M","M","?","E","?","R","T","$","M","R","M","$","R","BOSS"],"build_version":"2019-01-10","purchased_purges":1,"victory":true,"max_hp_per_floor":[75,75,75,75,75,75,75,75,75,75,75,75,75,75,75,75,75,75,72,72,72,72,72,72,72,72,72,72,72,72,72,72,72,72,72,72,72,72,72,72,72,72,72,72,72,72,72,72,72,72],"card_choices":[{"not_picked":["Turbo","Conserve Battery"],"picked":"Cold Snap","floor":1.0},{"not_picked":["Undo","Streamline"],"picked":"Hologram","floor":3.0},{"not_picked":["Consume","Barrage"],"picked":"White Noise","floor":7.0},{"not_picked":["Stack","Force Field"],"picked":"Storm","floor":10.0},{"not_picked":["Beam Cell","Skim"],"picked":"Self Repair","floor":11.0},{"not_picked":["Capacitor","White Noise"],"picked":"Redo","floor":12.0},{"not_picked":["Self Repair","Storm"],"picked":"Sweeping Beam","floor":14.0},{"not_picked":["Seek","Multi-Cast"],"picked":"Electrodynamics","floor":16.0},{"not_picked":["Barrage+1","Cold Snap"],"picked":"Leap","floor":18.0},{"not_picked":["Beam Cell","Leap+1"],"picked":"Conserve Battery","floor":21.0},{"not_picked":["Redo","FTL+1"],"picked":"Echo Form","floor":23.0},{"not_picked":["Aggregate+1","Sweeping Beam+1"],"picked":"Fission","floor":25.0},{"not_picked":["Barrage","Go for the Eyes+1","Turbo"],"picked":"SKIP","floor":27.0},{"not_picked":["Storm","Cold Snap"],"picked":"Conserve Battery","floor":30.0},{"not_picked":["Self Repair","Gash+1"],"picked":"Hologram","floor":31},{"not_picked":["All For One","Echo Form"],"picked":"Buffer","floor":33},{"not_picked":["Loop+1","Redo"],"picked":"Compile Driver+1","floor":35},{"not_picked":["Double Energy+1","Beam Cell"],"picked":"White Noise+1","floor":37},{"not_picked":["White Noise","Ball Lightning"],"picked":"Coolheaded","floor":38},{"not_picked":["Static Discharge+1","Redo"],"picked":"Cold Snap+1","floor":39},{"not_picked":["Auto Shields+1","Tempest+1"],"picked":"Consume+1","floor":40},{"not_picked":["Compile Driver","Go for the Eyes+1","Streamline"],"picked":"SKIP","floor":45},{"not_picked":["Turbo+1","Glacier"],"picked":"Sunder","floor":47}],"player_experience":222995,"relics_obtained":[{"floor":7.0,"key":"Happy Flower"},{"floor":9.0,"key":"Art of War"},{"floor":23.0,"key":"MawBank"},{"floor":25.0,"key":"Peace Pipe"},{"floor":26.0,"key":"Matryoshka"},{"floor":40,"key":"Blood Vial"},{"floor":43,"key":"Juzu Bracelet"},{"floor":43,"key":"Bottled Flame"}],"event_choices":[{"cards_removed":["Strike_B"],"damage_healed":0.0,"max_hp_gain":0.0,"max_hp_loss":0.0,"gold_gain":0.0,"event_name":"Purifier","player_choice":"Purged","floor":2.0,"gold_loss":0.0,"damage_taken":0.0},{"cards_removed":["Defend_B"],"damage_healed":0.0,"max_hp_gain":0.0,"max_hp_loss":0.0,"gold_gain":0.0,"event_name":"Living Wall","player_choice":"Forget","floor":4.0,"gold_loss":0.0,"damage_taken":0.0},{"damage_healed":0.0,"max_hp_gain":0.0,"max_hp_loss":0.0,"gold_gain":75.0,"event_name":"World of Goop","player_choice":"Gather Gold","floor":5.0,"gold_loss":0.0,"damage_taken":11.0},{"cards_removed":["Strike_B"],"damage_healed":0.0,"max_hp_gain":0.0,"max_hp_loss":0.0,"gold_gain":0.0,"event_name":"Golden Wing","player_choice":"Card Removal","floor":8.0,"gold_loss":0.0,"damage_taken":7.0},{"damage_healed":18.0,"max_hp_gain":0.0,"max_hp_loss":0.0,"gold_gain":0.0,"event_name":"Mushrooms","player_choice":"Healed and dodged fight","floor":13.0,"gold_loss":0.0,"damage_taken":0.0,"cards_obtained":["Parasite"]},{"cards_removed":["Parasite"],"damage_healed":0.0,"max_hp_gain":0.0,"max_hp_loss":0.0,"gold_gain":0.0,"event_name":"Back to Basics","player_choice":"Elegance","floor":19.0,"gold_loss":0.0,"damage_taken":0.0},{"damage_healed":0.0,"max_hp_gain":0.0,"max_hp_loss":0.0,"gold_gain":0.0,"event_name":"Masked Bandits","player_choice":"Paid Fearfully","floor":22.0,"gold_loss":75.0,"damage_taken":0.0},{"damage_healed":0.0,"max_hp_gain":0.0,"max_hp_loss":0.0,"gold_gain":0.0,"event_name":"WeMeetAgain","player_choice":"Gave Potion","floor":28.0,"gold_loss":0.0,"damage_taken":0.0,"relics_obtained":["Mummified Hand"]},{"damage_healed":0,"gold_gain":0,"player_choice":"Copied","damage_taken":0,"max_hp_gain":0,"max_hp_loss":0,"event_name":"Duplicator","floor":36,"gold_loss":0,"cards_obtained":["Buffer"]},{"damage_healed":0,"gold_gain":0,"player_choice":"Embrace Madness","damage_taken":9,"max_hp_gain":0,"max_hp_loss":0,"event_name":"Winding Halls","floor":41,"gold_loss":0,"cards_obtained":["Madness","Madness"]}],"is_beta":false,"boss_relics":[{"not_picked":["Astrolabe","Black Star"],"picked":"Nuclear Battery"},{"not_picked":["Runic Dome","Cursed Key"],"picked":"Runic Pyramid"}],"items_purged_floors":[29],"is_endless":false,"potions_floor_spawned":[1,10,14,16,18,25,27,31,37,38,39,47],"ascension_level":0}