{"gold_per_floor":[116,116,41,41,52,52,52,65,65,65,140,40,40,56,56,154,154,166,106],"floor_reached":19,"playtime":1860,"items_purged":["Buffer","Defend_B"],"score":163,"play_id":"1a04ff91-74d2-4a38-89ae-3b683a4943f0","local_time":"20190407235938","is_ascension_mode":true,"campfire_choices":[{"data":"Blizzard","floor":6,"key":"SMITH"},{"data":"Coolheaded","floor":10,"key":"SMITH"},{"floor":13,"key":"RECALL"},{"floor":15,"key":"REST"}],"neow_cost":"NONE","seed_source_timestamp":242231814514518,"circlet_count":0,"master_deck":["Strike_B","Strike_B","Defend_B","Defend_B","Zap","Dualcast","Coolheaded+1","Blizzard+1","Cold Snap","Creative AI","Barrage"],"relics":["White Beast Statue","Empty Cage"],"potions_floor_usage":[14,16,16,16,19],"damage_taken":[{"damage":7,"enemies":"2 Louse","floor":1,"turns":3},{"damage":8,"enemies":"Jaw Worm","floor":5,"turns":5},{"damage":5,"enemies":"Small Slimes","floor":8,"turns":5},{"damage":16,"enemies":"2 Fungi Beasts","floor":14,"turns":5},{"damage":44,"enemies":"Hexaghost","floor":16,"turns":15},{"damage":42,"enemies":"Chosen","floor":18,"turns":10},{"damage":31,"enemies":"2 Thieves","floor":19,"turns":2}],"seed_played":"-5056756591739423465","potions_obtained":[{"floor":1,"key":"Block Potion"},{"floor":5,"key":"SpeedPotion"},{"floor":8,"key":"PowerPotion"},{"floor":14,"key":"FearPotion"},{"floor":16,"key":"Regen Potion"},{"floor":18,"key":"FearPotion"}],"is_trial":false,"path_per_floor":["M","?","$","?","M","R","?","M","T","R","?","$","R","M","R","B",null,"M","M"],"character_chosen":"DEFECT","items_purchased":[],"campfire_rested":1,"item_purchase_floors":[],"current_hp_per_floor":[68,68,68,68,60,60,75,70,70,70,59,59,59,43,65,21,75,33,11],"gold":106,"neow_bonus":"BOSS_RELIC","is_prod":false,"is_daily":false,"chose_seed":false,"campfire_upgraded":2,"win_rate":0,"timestamp":1554699578,"path_taken":["M","?","$","?","M","R","?","M","T","R","?","$","R","M","R","BOSS","M","M"],"build_version":"2019-01-23","purchased_purges":2,"victory":false,"max_hp_per_floor":[75,75,75,75,75,75,75,75,75,75,75,75,75,75,75,75,75,75,75],"card_choices":[{"not_picked":["Compile Driver","Steam"],"picked":"Coolheaded","floor":1},{"not_picked":["Cold Snap","Undo"],"picked":"Blizzard","floor":5},{"not_picked":["Turbo","Steam","Leap"],"picked":"SKIP","floor":8},{"not_picked":["Beam Cell","Auto Shields"],"picked":"Cold Snap","floor":14},{"not_picked":["Amplify","Machine Learning"],"picked":"Creative AI","floor":16},{"not_picked":["Coolheaded","Cold Snap+1"],"picked":"Barrage","floor":18}],"player_experience":172093,"relics_obtained":[],"event_choices":[{"damage_healed":0,"gold_gain":0,"cards_transformed":["Defend_B"],"player_choice":"Change","damage_taken":0,"max_hp_gain":0,"max_hp_loss":0,"event_name":"Living Wall","floor":2,"gold_loss":0,"cards_obtained":["Buffer"]},{"damage_healed":0,"gold_gain":0,"player_choice":"Leave","damage_taken":0,"max_hp_gain":0,"max_hp_loss":0,"event_name":"The Cleric","floor":4,"gold_loss":0},{"damage_healed":25,"gold_gain":0,"player_choice":"Banana","damage_taken":0,"max_hp_gain":0,"max_hp_loss":0,"event_name":"Big Fish","floor":7,"gold_loss":0},{"damage_healed":0,"gold_gain":75,"player_choice":"Gather Gold","damage_taken":11,"max_hp_gain":0,"max_hp_loss":0,"event_name":"World of Goop","floor":11,"gold_loss":0}],"is_beta":false,"boss_relics":[{"not_picked":["Black Star","Snecko Eye"],"picked":"Empty Cage"}],"items_purged_floors":[3,12],"is_endless":false,"potions_floor_spawned":[1,5,8,14,16,18],"killed_by":"2 Thieves","ascension_level":1}