{"gold_per_floor":[118,128,128,48,148,173,183,216,216,234,267,277,277,277,277,381,381,400,400,420,438,451,451],"floor_reached":23,"playtime":1371,"items_purged":[],"score":224,"play_id":"470a19ca-080a-4878-9b68-da6cd9f19a4e","local_time":"20180820110244","is_ascension_mode":true,"campfire_choices":[{"floor":15,"key":"REST"}],"neow_cost":"NONE","seed_source_timestamp":293377674799907,"circlet_count":0,"master_deck":["Defend_G+1","Defend_G+1","Defend_G+1","Defend_G+1","Defend_G+1","Strike_G+1","Strike_G+1","Strike_G+1","Strike_G+1","Strike_G+1","Survivor","Neutralize+1","Crippling Poison","Deflect","Footwork","Cloak And Dagger","Caltrops","Dash+1","Catalyst","Backflip+1","Deadly Poison","Quick Slash+1","Venomology","Footwork","Catalyst","Backflip","Adrenaline"],"relics":["Ring of the Snake","Bottled Tornado","Molten Egg 2","Matryoshka","Orichalcum"],"potions_floor_usage":[6,10,11,16,16,18,21,21,21,22,23,23],"damage_taken":[{"damage":0,"enemies":"Small Slimes","floor":1,"turns":4},{"damage":6,"enemies":"Jaw Worm","floor":2,"turns":5},{"damage":7,"enemies":"Gremlin Nob","floor":6,"turns":5},{"damage":0,"enemies":"Cultist","floor":7,"turns":4},{"damage":9,"enemies":"Lagavulin","floor":8,"turns":9},{"damage":13,"enemies":"Large Slime","floor":10,"turns":9},{"damage":14,"enemies":"3 Sentries","floor":11,"turns":9},{"damage":4,"enemies":"Exordium Thugs","floor":12,"turns":5},{"damage":14,"enemies":"Hexaghost","floor":16,"turns":9},{"damage":16,"enemies":"Spheric Guardian","floor":18,"turns":5},{"damage":9,"enemies":"Shell Parasite","floor":20,"turns":5},{"damage":13,"enemies":"3 Cultists","floor":21,"turns":6},{"damage":9,"enemies":"Snake Plant","floor":22,"turns":6},{"damage":36,"enemies":"Gremlin Leader","floor":23,"turns":6}],"seed_played":"-6745987209351276570","potions_obtained":[{"floor":1,"key":"FearPotion"},{"floor":6,"key":"Energy Potion"},{"floor":7,"key":"Regen Potion"},{"floor":10,"key":"Explosive Potion"},{"floor":11,"key":"PowerPotion"},{"floor":18,"key":"Weak Potion"},{"floor":21,"key":"Weak Potion"}],"is_trial":false,"path_per_floor":["M","M","?","$","?","E","M","E","T","M","E","M","?","?","R","B",null,"M","?","M","M","M"],"character_chosen":"THE_SILENT","items_purchased":["Footwork","Cloak And Dagger"],"campfire_rested":1,"item_purchase_floors":[4,4],"current_hp_per_floor":[70,64,69,69,69,62,62,53,53,55,41,37,22,22,44,30,75,59,59,50,37,28,0],"gold":451,"neow_bonus":"UPGRADE_CARD","is_prod":false,"is_daily":false,"chose_seed":false,"campfire_upgraded":0,"win_rate":0,"timestamp":1534784564,"path_taken":["M","M","?","$","?","E","M","E","T","M","E","M","?","?","R","BOSS","M","?","M","M","?","E"],"build_version":"2018-08-16","purchased_purges":0,"victory":false,"max_hp_per_floor":[70,70,75,75,75,75,75,75,75,75,75,75,75,75,75,75,75,75,75,75,75,75,75],"card_choices":[{"not_picked":["Dash","Deflect"],"picked":"Crippling Poison","floor":1},{"not_picked":["Reflex","PiercingWail"],"picked":"Deflect","floor":2},{"not_picked":["Underhanded Strike","Quick Slash"],"picked":"Caltrops","floor":6},{"not_picked":["Bane","Skewer"],"picked":"Dash","floor":7},{"not_picked":["Expertise","Sucker Punch"],"picked":"Catalyst","floor":8},{"not_picked":["Wraith Form v2","PiercingWail"],"picked":"Backflip","floor":10},{"not_picked":["Cloak And Dagger","Slice+1"],"picked":"Deadly Poison","floor":11},{"not_picked":["Acrobatics","Flechettes+1"],"picked":"Quick Slash+1","floor":12},{"not_picked":["Wraith Form v2","Bullet Time"],"picked":"Venomology","floor":16},{"not_picked":["Slice+1","Infinite Blades"],"picked":"Footwork","floor":18},{"not_picked":["Sucker Punch+1","Quick Slash+1"],"picked":"Catalyst","floor":20},{"not_picked":["Blur","Acrobatics"],"picked":"Backflip","floor":21},{"not_picked":["Quick Slash+1","Backflip"],"picked":"Adrenaline","floor":22}],"player_experience":274286,"relics_obtained":[{"floor":6,"key":"Bottled Tornado"},{"floor":8,"key":"Molten Egg 2"},{"floor":9,"key":"Matryoshka"},{"floor":11,"key":"Orichalcum"}],"event_choices":[{"event_name":"Big Fish","player_choice":"Donut","floor":3,"damage_taken":0},{"event_name":"Wheel of Change","player_choice":"Gold","floor":5,"damage_taken":0},{"event_name":"Shining Light","player_choice":"Entered Light","floor":13,"damage_taken":0},{"event_name":"Golden Idol","player_choice":"Ignored","floor":14,"damage_taken":0},{"event_name":"Back to Basics","player_choice":"Simplicity","floor":19,"damage_taken":0}],"is_beta":false,"boss_relics":[{"not_picked":["Cursed Key","Philosopher\u0027s Stone","Ectoplasm"]}],"items_purged_floors":[],"is_endless":false,"potions_floor_spawned":[1,6,7,10,11,18,21],"killed_by":"Gremlin Leader","ascension_level":1}