{"gold_per_floor":[113,78,91,91,105,130,143,178,215,244,273,319,331],"floor_reached":13,"playtime":2405,"items_purged":[],"score":157,"play_id":"a730b6a5-6dd2-44bd-8256-12c4a14be817","local_time":"20190130142740","daily_mods":["Draft","Allstar","Diverse","Colorless Cards","Heirloom","DeadlyEvents","Elite Swarm"],"is_ascension_mode":false,"campfire_choices":[],"neow_cost":"","seed_source_timestamp":0,"circlet_count":0,"master_deck":["Demon Form","Wraith Form v2","Echo Form","Ball Lightning","Finisher","Jack Of All Trades","Lockon","Backflip","Outmaneuver","Sweeping Beam","Inflame","Carnage","Streamline","Streamline","Defragment","Sucker Punch","Outmaneuver","Sucker Punch","Coolheaded","PanicButton","Terror","All For One","Rebound","Fiend Fire","Stack","Flash of Steel","Envenom"],"relics":["Burning Blood","Pocketwatch","Bag of Marbles","MawBank","Art of War","Ancient Tea Set"],"potions_floor_usage":[8,11],"damage_taken":[{"damage":16,"enemies":"Jaw Worm","floor":1,"turns":3},{"damage":8,"enemies":"Cultist","floor":3,"turns":4},{"damage":10,"enemies":"2 Louse","floor":5,"turns":4},{"damage":43,"enemies":"3 Sentries","floor":6,"turns":7},{"damage":9,"enemies":"Gremlin Gang","floor":7,"turns":4},{"damage":27,"enemies":"Lagavulin","floor":8,"turns":6},{"damage":4,"enemies":"2 Fungi Beasts","floor":10,"turns":2},{"damage":0,"enemies":"Looter","floor":11,"turns":1},{"damage":18,"enemies":"Gremlin Nob","floor":12,"turns":4},{"damage":18,"enemies":"3 Sentries","floor":13,"turns":2}],"seed_played":"4090363023591361294","potions_obtained":[{"floor":5,"key":"PowerPotion"},{"floor":6,"key":"Explosive Potion"},{"floor":10,"key":"FearPotion"},{"floor":11,"key":"Poison Potion"}],"is_trial":true,"path_per_floor":["M","?","M","?","M","E","M","E","T","M","M","E","E"],"character_chosen":"IRONCLAD","items_purchased":[],"campfire_rested":0,"item_purchase_floors":[],"current_hp_per_floor":[70,80,78,83,79,42,39,18,18,20,26,14,0],"gold":331,"neow_bonus":"","is_prod":false,"is_daily":false,"chose_seed":false,"campfire_upgraded":0,"win_rate":0,"timestamp":1548858460,"path_taken":["M","?","M","?","M","E","M","E","T","M","?","E","?"],"build_version":"2019-01-23","purchased_purges":0,"victory":false,"max_hp_per_floor":[80,80,80,85,85,85,85,85,85,85,85,85,85],"card_choices":[{"not_picked":["Dagger Spray","Heavy Blade"],"picked":"Ball Lightning","floor":0},{"not_picked":["Sucker Punch","Panacea"],"picked":"Finisher","floor":0},{"not_picked":["Twin Strike","Havoc"],"picked":"Jack Of All Trades","floor":0},{"not_picked":["Clothesline","Warcry"],"picked":"Lockon","floor":0},{"not_picked":["Body Slam","Rebound"],"picked":"Backflip","floor":0},{"not_picked":["Rampage","Reckless Charge"],"picked":"Outmaneuver","floor":0},{"not_picked":["Body Slam","Havoc"],"picked":"Sweeping Beam","floor":0},{"not_picked":["Battle Trance","Steam"],"picked":"Inflame","floor":0},{"not_picked":["Finesse","Warcry"],"picked":"Carnage","floor":0},{"not_picked":["Underhanded Strike","Setup"],"picked":"Streamline","floor":0},{"not_picked":["Backflip","Clothesline"],"picked":"Streamline","floor":0},{"not_picked":["Iron Wave","Streamline"],"picked":"Defragment","floor":0},{"not_picked":["Warcry","Catalyst"],"picked":"Sucker Punch","floor":0},{"not_picked":["Sweeping Beam","Slice"],"picked":"Outmaneuver","floor":0},{"not_picked":["Disarm","Skewer"],"picked":"Sucker Punch","floor":0},{"not_picked":["Prepared","PanicButton"],"picked":"Coolheaded","floor":1},{"not_picked":["Body Slam","Quick Slash"],"picked":"PanicButton","floor":3},{"not_picked":["Scrape","Endless Agony"],"picked":"Terror","floor":5},{"not_picked":["Hyperbeam","Master of Strategy"],"picked":"All For One","floor":6},{"not_picked":["Deflect","Turbo"],"picked":"Rebound","floor":7},{"not_picked":["Burst","Multi-Cast"],"picked":"Fiend Fire","floor":8},{"not_picked":["Barrage","Sword Boomerang"],"picked":"Stack","floor":10},{"not_picked":["Bane","Pummel"],"picked":"Flash of Steel","floor":11},{"not_picked":["All For One","Double Tap"],"picked":"Envenom","floor":12}],"player_experience":79294,"relics_obtained":[{"floor":6,"key":"Bag of Marbles"},{"floor":8,"key":"MawBank"},{"floor":9,"key":"Art of War"},{"floor":12,"key":"Ancient Tea Set"}],"event_choices":[{"damage_healed":20,"gold_gain":0,"player_choice":"Healed","damage_taken":0,"max_hp_gain":0,"max_hp_loss":0,"event_name":"The Cleric","floor":2,"gold_loss":35},{"damage_healed":0,"gold_gain":0,"player_choice":"Donut","damage_taken":0,"max_hp_gain":5,"max_hp_loss":0,"event_name":"Big Fish","floor":4,"gold_loss":0}],"is_beta":false,"boss_relics":[],"items_purged_floors":[],"is_endless":true,"potions_floor_spawned":[5,6,10,11],"killed_by":"3 Sentries","ascension_level":0}