{"gold_per_floor":[109,119,132,132,132,132,165,165,165,193,193,205,222,235,235,235],"floor_reached":16,"playtime":745,"items_purged":[],"score":156,"play_id":"6e07a5bc-4ad1-4085-a9fd-f65d67f90704","local_time":"20190323153517","is_ascension_mode":true,"campfire_choices":[{"data":"Heavy Blade","floor":6,"key":"SMITH"},{"data":"Armaments","floor":8,"key":"SMITH"},{"floor":11,"key":"REST"},{"data":"Strike_R","floor":15,"key":"PURGE"}],"neow_cost":"NONE","seed_source_timestamp":662885554088237,"circlet_count":0,"master_deck":["Strike_R","Strike_R","Strike_R","Strike_R","Defend_R","Defend_R","Defend_R","Defend_R","Bash","Heavy Blade+1","Pummel","Armaments","Armaments+1","Whirlwind+1","Anger+1"],"relics":["Burning Blood","Lantern","Pear","Spirit Poop","Regal Pillow","Molten Egg 2","Peace Pipe"],"potions_floor_usage":[],"damage_taken":[{"damage":3,"enemies":"Jaw Worm","floor":1,"turns":4},{"damage":0,"enemies":"2 Louse","floor":2,"turns":2},{"damage":1,"enemies":"Cultist","floor":3,"turns":3},{"damage":50,"enemies":"3 Sentries","floor":7,"turns":12},{"damage":44,"enemies":"Lagavulin","floor":10,"turns":8},{"damage":3,"enemies":"Blue Slaver","floor":12,"turns":5},{"damage":28,"enemies":"Large Slime","floor":13,"turns":4},{"damage":7,"enemies":"Looter","floor":14,"turns":3},{"damage":30,"enemies":"Hexaghost","floor":16,"turns":9}],"seed_played":"3610665049485126719","potions_obtained":[{"floor":1,"key":"Swift Potion"},{"floor":7,"key":"GamblersBrew"},{"floor":12,"key":"Ancient Potion"}],"is_trial":false,"path_per_floor":["?","?","M"],"character_chosen":"IRONCLAD","items_purchased":[],"campfire_rested":1,"item_purchase_floors":[],"current_hp_per_floor":[75,80,80,90,90,90,46,46,46,8,50,53,31,30,30,0],"gold":235,"neow_bonus":"RANDOM_COMMON_RELIC","is_prod":false,"is_daily":false,"chose_seed":false,"campfire_upgraded":2,"win_rate":0,"timestamp":1553369717,"path_taken":["M","M","M","?","?","R","E","R","T","E","R","M","M","?","R","BOSS"],"build_version":"2019-01-23","purchased_purges":0,"victory":false,"max_hp_per_floor":[80,80,80,90,90,90,90,90,90,90,90,90,90,90,90,90],"card_choices":[{"not_picked":["Rage","Body Slam"],"picked":"Heavy Blade","floor":1},{"not_picked":["Anger","Twin Strike"],"picked":"Pummel","floor":2},{"not_picked":["Havoc","Cleave"],"picked":"Armaments","floor":3},{"not_picked":["Entrench","Bludgeon"],"picked":"Armaments","floor":7},{"not_picked":["Body Slam+1","Sever Soul+1","Fire Breathing"],"picked":"SKIP","floor":10},{"not_picked":["Cleave+1","Perfected Strike+1"],"picked":"Whirlwind+1","floor":12},{"not_picked":["Twin Strike+1","Shrug It Off"],"picked":"Anger+1","floor":13},{"not_picked":["Clash+1","Entrench","Infernal Blade"],"picked":"SKIP","floor":14}],"player_experience":935450,"relics_obtained":[{"floor":7,"key":"Regal Pillow"},{"floor":9,"key":"Molten Egg 2"},{"floor":10,"key":"Peace Pipe"}],"event_choices":[{"damage_healed":0,"gold_gain":0,"player_choice":"Box","damage_taken":0,"relics_obtained":["Pear"],"max_hp_gain":0,"max_hp_loss":0,"event_name":"Big Fish","floor":4,"gold_loss":0,"cards_obtained":["Regret"]},{"cards_removed":["Regret"],"damage_healed":0,"gold_gain":0,"player_choice":"Offered Curse","damage_taken":0,"relics_obtained":["Spirit Poop"],"max_hp_gain":0,"max_hp_loss":0,"event_name":"Bonfire Elementals","floor":5,"gold_loss":0}],"is_beta":false,"boss_relics":[],"items_purged_floors":[],"is_endless":false,"potions_floor_spawned":[1,7,12,13],"killed_by":"Hexaghost","ascension_level":8}