{"gold_per_floor":[109,109,129,148,223,258,258,276,276,294,311,321,331,343,343,439,439,459,111,61,37,55,55,55],"floor_reached":24,"playtime":1237,"items_purged":[],"score":212,"play_id":"5dd528d2-0a57-471f-bb6d-53f6a5f50b13","local_time":"20180807121214","is_ascension_mode":true,"campfire_choices":[{"floor":15,"key":"REST"},{"floor":23,"key":"REST"}],"neow_cost":"","seed_source_timestamp":526475263874460,"circlet_count":0,"master_deck":["Defend_G","Defend_G","Defend_G","Defend_G","Defend_G","Strike_G","Strike_G","Strike_G","Strike_G","Strike_G","Survivor","Neutralize","Dagger Throw","Predator","Slice","Poisoned Stab","Madness","PiercingWail","Deflect","Bane","Cloak And Dagger","Concentrate","Deadly Poison","Unload","Eviscerate","Apotheosis","Caltrops","Deflect","Cloak And Dagger","Slice","Slice"],"relics":["Ring of the Serpent","The Specimen","Bottled Flame"],"potions_floor_usage":[11,12,14,16,16,16],"damage_taken":[{"damage":0,"enemies":"2 Louse","floor":1,"turns":2},{"damage":1,"enemies":"Cultist","floor":3,"turns":5},{"damage":3,"enemies":"Jaw Worm","floor":4,"turns":3},{"damage":22,"enemies":"3 Sentries","floor":6,"turns":10},{"damage":3,"enemies":"Blue Slaver","floor":8,"turns":3},{"damage":2,"enemies":"3 Louse","floor":10,"turns":3},{"damage":4,"enemies":"Exordium Wildlife","floor":11,"turns":5},{"damage":1,"enemies":"2 Fungi Beasts","floor":12,"turns":2},{"damage":9,"enemies":"Large Slime","floor":13,"turns":6},{"damage":5,"enemies":"Lots of Slimes","floor":14,"turns":4},{"damage":31,"enemies":"The Guardian","floor":16,"turns":13},{"damage":28,"enemies":"Shell Parasite","floor":18,"turns":7},{"damage":29,"enemies":"Spheric Guardian","floor":22,"turns":6},{"damage":35,"enemies":"Snake Plant","floor":24,"turns":4}],"seed_played":"-2087777413324930807","potions_obtained":[{"floor":1,"key":"Block Potion"},{"floor":6,"key":"Poison Potion"},{"floor":10,"key":"Ancient Potion"},{"floor":11,"key":"Strength Potion"},{"floor":12,"key":"Dexterity Potion"},{"floor":14,"key":"GhostInAJar"},{"floor":16,"key":"Energy Potion"}],"is_trial":false,"path_per_floor":["M","?","M","M","?","E","?","M","T","M","M","M","M","M","R","B",null,"M","$","?","$","M","R"],"character_chosen":"THE_SILENT","items_purchased":["Apotheosis","Caltrops","Deflect","Cloak And Dagger","Slice"],"campfire_rested":2,"item_purchase_floors":[19,19,19,19,21],"current_hp_per_floor":[70,70,69,66,66,44,44,41,41,39,35,34,25,20,41,10,70,42,42,42,42,13,34,0],"gold":55,"neow_bonus":"","is_prod":false,"is_daily":false,"chose_seed":false,"campfire_upgraded":0,"win_rate":0,"timestamp":1533665534,"path_taken":["M","?","M","M","?","E","?","?","T","M","M","M","?","M","R","BOSS","M","$","?","$","M","R","M"],"build_version":"2018-08-02","purchased_purges":0,"victory":false,"max_hp_per_floor":[70,70,70,70,70,70,70,70,70,70,70,70,70,70,70,70,70,70,70,70,70,70,70,70],"card_choices":[{"not_picked":["Predator","Backflip"],"picked":"Dagger Throw","floor":1},{"not_picked":["Dodge and Roll","Masterful Stab"],"picked":"Predator","floor":3},{"not_picked":["Dodge and Roll","Accuracy"],"picked":"Slice","floor":4},{"not_picked":["Quick Slash","Bullet Time"],"picked":"Poisoned Stab","floor":6},{"not_picked":["Prepared","Choke"],"picked":"PiercingWail","floor":8},{"not_picked":["Predator","Outmaneuver"],"picked":"Deflect","floor":10},{"not_picked":["Flechettes","Flying Knee"],"picked":"Bane","floor":11},{"not_picked":["Slice","Endless Agony"],"picked":"Cloak And Dagger","floor":12},{"not_picked":["Masterful Stab","Dagger Throw"],"picked":"Concentrate","floor":13},{"not_picked":["Catalyst","Underhanded Strike"],"picked":"Deadly Poison","floor":14},{"not_picked":["Adrenaline","Storm of Steel"],"picked":"Unload","floor":16},{"not_picked":["Flying Knee+1","Prepared+1"],"picked":"Eviscerate","floor":18},{"not_picked":["Endless Agony+1","Concentrate"],"picked":"Slice","floor":22}],"player_experience":214220,"relics_obtained":[{"floor":6,"key":"The Specimen"},{"floor":9,"key":"Bottled Flame"}],"event_choices":[{"event_name":"Purifier","player_choice":"Skipped","floor":2,"damage_taken":0},{"event_name":"Golden Wing","player_choice":"Gained Gold","floor":5,"damage_taken":0},{"event_name":"Match and Keep!","player_choice":"1 cards matched","floor":7,"damage_taken":0},{"event_name":"The Joust","player_choice":"Bet on Murderer","floor":20,"damage_taken":0}],"is_beta":false,"boss_relics":[{"not_picked":["Velvet Choker","Snecko Eye"],"picked":"Ring of the Serpent"}],"items_purged_floors":[],"is_endless":false,"potions_floor_spawned":[1,6,10,11,12,14,16],"killed_by":"Snake Plant","ascension_level":1}