{"gold_per_floor":[110,110,110,127,142,142,172,192,219,51,69,69,101,113,113,214,214,227,243,262,262,262,288,288,308,332,332,352,352,37,37],"floor_reached":31,"playtime":1435,"items_purged":[],"score":267,"play_id":"262d76d9-5117-4dea-b915-10d072563e76","local_time":"20190212161601","is_ascension_mode":false,"campfire_choices":[{"data":"Zap","floor":6,"key":"SMITH"},{"floor":12,"key":"REST"},{"floor":15,"key":"REST"},{"data":"Storm","floor":24,"key":"SMITH"},{"data":"Loop","floor":27,"key":"SMITH"}],"neow_cost":"NONE","seed_source_timestamp":444693844670054,"circlet_count":0,"master_deck":["Strike_B+1","Strike_B","Strike_B","Defend_B","Defend_B","Defend_B","Defend_B","Zap+1","Dualcast","Deep Breath","Conserve Battery","Panache","Storm+1","Self Repair","Loop+1","Echo Form","Hello World","Self Repair","Ball Lightning+1","FTL+1","Force Field","FTL","Storm+1"],"relics":["Cracked Core","Happy Flower","Potion Belt","Bronze Scales","Eternal Feather","MutagenicStrength","Smiling Mask","Whetstone","Shovel"],"potions_floor_usage":[13,13,16,23],"damage_taken":[{"damage":0,"enemies":"Cultist","floor":1,"turns":4},{"damage":0,"enemies":"Small Slimes","floor":4,"turns":3},{"damage":0,"enemies":"Jaw Worm","floor":5,"turns":4},{"damage":32,"enemies":"3 Sentries","floor":7,"turns":9},{"damage":0,"enemies":"2 Fungi Beasts","floor":8,"turns":3},{"damage":2,"enemies":"Blue Slaver","floor":11,"turns":4},{"damage":25,"enemies":"Gremlin Nob","floor":13,"turns":4},{"damage":1,"enemies":"Red Slaver","floor":14,"turns":3},{"damage":32,"enemies":"Hexaghost","floor":16,"turns":8},{"damage":0,"enemies":"Chosen","floor":18,"turns":4},{"damage":8,"enemies":"3 Byrds","floor":19,"turns":3},{"damage":12,"enemies":"Centurion and Healer","floor":20,"turns":7},{"damage":48,"enemies":"Book of Stabbing","floor":23,"turns":5},{"damage":38,"enemies":"3 Cultists","floor":25,"turns":4},{"damage":37,"enemies":"Snake Plant","floor":28,"turns":3},{"damage":18,"enemies":"Snecko","floor":31,"turns":3}],"seed_played":"-9222588294717728041","potions_obtained":[{"floor":4,"key":"Energy Potion"},{"floor":7,"key":"Block Potion"},{"floor":11,"key":"Fire Potion"},{"floor":13,"key":"Poison Potion"},{"floor":14,"key":"SteroidPotion"},{"floor":20,"key":"Explosive Potion"},{"floor":25,"key":"SpeedPotion"}],"is_trial":false,"path_per_floor":["?","?","?","?","?","$","M"],"character_chosen":"DEFECT","items_purchased":["Panache","Shovel"],"campfire_rested":2,"item_purchase_floors":[10,30],"current_hp_per_floor":[75,75,68,68,68,68,36,36,36,36,34,56,31,37,59,34,75,75,74,75,75,75,41,53,29,29,41,18,18,18,0],"gold":37,"neow_bonus":"RANDOM_COLORLESS","is_prod":false,"is_daily":false,"chose_seed":false,"campfire_upgraded":3,"win_rate":0,"timestamp":1550006161,"path_taken":["M","?","?","M","M","R","E","M","T","$","M","R","E","M","R","BOSS","M","M","M","?","?","E","R","M","T","R","M","?","?","?"],"build_version":"2019-01-23","purchased_purges":0,"victory":false,"max_hp_per_floor":[75,75,75,75,75,75,75,75,75,75,75,75,75,75,75,75,75,75,75,75,75,75,75,75,75,75,75,75,75,75,75],"card_choices":[{"not_picked":["Chill","Turbo","Auto Shields"],"picked":"SKIP","floor":1},{"not_picked":["Compile Driver","Steam","Consume"],"picked":"SKIP","floor":4},{"not_picked":["Doom and Gloom","Stack"],"picked":"Conserve Battery","floor":5},{"not_picked":["Compile Driver","Stack","Amplify"],"picked":"SKIP","floor":7},{"not_picked":["Compile Driver","Hologram","Coolheaded"],"picked":"SKIP","floor":8},{"not_picked":["Beam Cell","Coolheaded"],"picked":"Storm","floor":11},{"not_picked":["Force Field","Heatsinks"],"picked":"Self Repair","floor":13},{"not_picked":["Force Field","Rebound"],"picked":"Loop","floor":14},{"not_picked":["Core Surge","Seek"],"picked":"Echo Form","floor":16},{"not_picked":["Conserve Battery","Go for the Eyes"],"picked":"Hello World","floor":18},{"not_picked":["Aggregate","Go for the Eyes"],"picked":"Self Repair","floor":19},{"not_picked":["Streamline","Hologram"],"picked":"Ball Lightning+1","floor":20},{"not_picked":["Machine Learning","Steam"],"picked":"Force Field","floor":23},{"not_picked":["Coolheaded","Steam"],"picked":"FTL","floor":25},{"not_picked":["Conserve Battery","Compile Driver"],"picked":"Storm+1","floor":28}],"player_experience":448360,"relics_obtained":[{"floor":7,"key":"Happy Flower"},{"floor":9,"key":"Potion Belt"},{"floor":13,"key":"Bronze Scales"},{"floor":23,"key":"Smiling Mask"},{"floor":26,"key":"Whetstone"}],"event_choices":[{"damage_healed":0,"gold_gain":0,"player_choice":"Ignored","damage_taken":0,"max_hp_gain":0,"max_hp_loss":0,"event_name":"Liars Game","floor":2,"gold_loss":0},{"cards_removed":["Strike_B"],"damage_healed":0,"gold_gain":0,"player_choice":"Card Removal","damage_taken":7,"max_hp_gain":0,"max_hp_loss":0,"event_name":"Golden Wing","floor":3,"gold_loss":0},{"damage_healed":0,"gold_gain":0,"player_choice":"Read","damage_taken":0,"max_hp_gain":0,"max_hp_loss":0,"event_name":"The Library","floor":21,"gold_loss":0,"cards_obtained":["FTL"]},{"damage_healed":0,"gold_gain":0,"player_choice":"Inject Mutagens","damage_taken":0,"relics_obtained":["MutagenicStrength"],"max_hp_gain":0,"max_hp_loss":0,"event_name":"Drug Dealer","floor":22,"gold_loss":0},{"damage_healed":0,"gold_gain":0,"player_choice":"Ignored","damage_taken":0,"max_hp_gain":0,"max_hp_loss":0,"event_name":"Ghosts","floor":29,"gold_loss":0}],"is_beta":false,"boss_relics":[{"not_picked":["Snecko Eye","FrozenCore"],"picked":"Eternal Feather"}],"items_purged_floors":[],"is_endless":false,"potions_floor_spawned":[4,7,11,13,14,20,25],"killed_by":"Snecko","ascension_level":0}