{"path_per_floor":["M","M","?","M","M","R","E","$","T","M","M","R","M","M","R","B",null,"M","M","M"],"character_chosen":"IRONCLAD","items_purchased":["Master of Strategy"],"gold_per_floor":[119,136,136,152,169,169,204,10,10,21,32,32,49,68,68,163,193,205,220,233],"floor_reached":21,"campfire_rested":1,"playtime":1904,"current_hp_per_floor":[79,80,64,59,40,40,32,32,32,33,31,31,37,41,65,26,85,59,53,20],"items_purged":[],"gold":233,"play_id":"6d14410e-68c0-4ff0-ab52-78212f95b7e1","is_prod":false,"is_daily":false,"campfire_rituals":0,"campfire_upgraded":1,"is_hardmode":false,"path_taken":["M","M","?","M","M","R","E","$","T","M","?","R","M","M","R","BOSS","M","M","M","M"],"build_version":"2018-01-04-PROD1","purchased_purges":0,"victory":false,"master_deck":["Strike_R","Strike_R","Strike_R","Strike_R","Strike_R","Defend_R","Defend_R","Defend_R","Defend_R","Bash","Pommel Strike","Anger","Wild Strike","Warcry","Master of Strategy","Headbutt","Shrug It Off","Burning Pact","Reaper","Spot Weakness","Flex","Shrug It Off","Flex"],"max_hp_per_floor":[80,80,80,80,80,80,80,80,80,80,80,80,80,80,80,80,85,85,85,85],"relics":["Burning Blood","Centennial Puzzle","Shovel","Bottled Lightning","Tiny House"],"campfire_meditates":0,"card_choices":[{"not_picked":["Anger","Heavy Blade"],"picked":"Pommel Strike"},{"not_picked":["Feel No Pain","Immolate"],"picked":"Anger"},{"not_picked":["Intimidate","Dropkick"],"picked":"Wild Strike"},{"not_picked":["Hemokinesis","Sword Boomerang"],"picked":"Warcry"},{"not_picked":["Perfected Strike","Seeing Red"],"picked":"Headbutt"},{"not_picked":["Second Wind","Thunderclap"],"picked":"Shrug It Off"},{"not_picked":["Flame Barrier","Body Slam"],"picked":"Burning Pact"},{"not_picked":["Immolate","Barricade"],"picked":"Reaper"},{"not_picked":["Body Slam","Power Through"],"picked":"Spot Weakness"},{"not_picked":["Seeing Red","Cleave"],"picked":"Flex"},{"not_picked":["Shockwave","Cleave"],"picked":"Shrug It Off"},{"not_picked":["Headbutt","Infernal Blade"],"picked":"Flex"}],"player_experience":22549,"potions_floor_usage":[16,16,19,19,20],"damage_taken":[{"damage":7.0,"enemies":"2 Louse","floor":1.0,"turns":3.0},{"damage":3.0,"enemies":"Small Slimes","floor":2.0,"turns":3.0},{"damage":11.0,"enemies":"Blue Slaver","floor":4.0,"turns":3.0},{"damage":25.0,"enemies":"Large Slime","floor":5.0,"turns":7.0},{"damage":14,"enemies":"Gremlin Nob","floor":7,"turns":3},{"damage":5,"enemies":"Looter","floor":10,"turns":3},{"damage":8,"enemies":"Lots of Slimes","floor":11,"turns":4},{"damage":0,"enemies":"Exordium Thugs","floor":13,"turns":6},{"damage":2,"enemies":"Exordium Wildlife","floor":14,"turns":2},{"damage":45,"enemies":"Slime Boss","floor":16,"turns":11},{"damage":32,"enemies":"Shell Parasite","floor":18,"turns":7},{"damage":32,"enemies":"3 Byrds","floor":19,"turns":7},{"damage":39,"enemies":"Snake Plant","floor":20,"turns":7},{"damage":41,"enemies":"3 Cultists","floor":21,"turns":4}],"event_choices":[{"event_name":"Shining Light","player_choice":"Entered Light","floor":3.0,"damage_taken":0.0}],"boss_relics":[{"not_picked":["Calling Bell","Snecko Eye"],"picked":"Tiny House"}],"potions_floor_spawned":[5,7,11,16,18,19],"seed_played":"858589011988473709","killed_by":"3 Cultists","is_trial":false}