{"gold_per_floor":[115,115,132,132,132,158,158,186,211,238,14,25,25,39,39,142,142,159,175,204,204,215,240,240,272,272,283,283,296,166,185,185,284,284,294,218,230,248,262,262,294,294,349,360,360,394,412,422,422,422,422,422,2,36,36],"floor_reached":56,"playtime":6469,"items_purged":["Strike_G","Strike_G","Strike_G"],"score":1970,"play_id":"6169e811-00bf-49f3-a4b3-5f491dd5d6a3","local_time":"20190330140940","is_ascension_mode":true,"campfire_choices":[{"floor":7.0,"key":"REST"},{"data":"Noxious Fumes","floor":13.0,"key":"SMITH"},{"data":"Neutralize","floor":15.0,"key":"SMITH"},{"data":"Sucker Punch","floor":24.0,"key":"SMITH"},{"data":"Malaise","floor":28.0,"key":"SMITH"},{"data":"Noxious Fumes","floor":32.0,"key":"SMITH"},{"data":"Cloak And Dagger","floor":40,"key":"SMITH"},{"data":"Cloak And Dagger","floor":45,"key":"SMITH"},{"floor":49,"key":"RECALL"},{"data":"Dodge and Roll","floor":52,"key":"SMITH"}],"neow_cost":"TEN_PERCENT_HP_LOSS","seed_source_timestamp":0,"circlet_count":0,"master_deck":["AscendersBane","Defend_G","Defend_G","Defend_G","Defend_G","Defend_G","Strike_G","Survivor","Neutralize+1","Backflip","Poisoned Stab","Well Laid Plans","Dodge and Roll+1","Die Die Die","Cloak And Dagger+1","Malaise+1","Noxious Fumes+1","Bouncing Flask","Sucker Punch+1","Corpse Explosion","PiercingWail","Cloak And Dagger+1","Glass Knife","Infinite Blades","Noxious Fumes+1","Cloak And Dagger+1","Dodge and Roll+1","Malaise+1","Backflip+1","Cloak And Dagger+1","PiercingWail+1","Caltrops+1","Secret Technique+1","Noxious Fumes+1","Cloak And Dagger+1","Parasite","Footwork","Backflip+1"],"special_seed":0,"relics":["Ring of the Snake","Thread and Needle","Letter Opener","Pocketwatch","Omamori","Anchor","Smiling Mask","Pantograph","Cursed Key","Red Mask","Paper Crane","Toxic Egg 2","Matryoshka","Coffee Dripper","Bottled Tornado","Bag of Preparation","Dream Catcher","Bronze Scales","Vajra","Du-Vu Doll"],"potions_floor_usage":[55,55],"damage_taken":[{"damage":0.0,"enemies":"Cultist","floor":1.0,"turns":4.0},{"damage":0.0,"enemies":"2 Louse","floor":3.0,"turns":3.0},{"damage":41.0,"enemies":"Gremlin Nob","floor":6.0,"turns":6.0},{"damage":10.0,"enemies":"3 Sentries","floor":8.0,"turns":12.0},{"damage":5.0,"enemies":"Lagavulin","floor":10.0,"turns":9.0},{"damage":0.0,"enemies":"Small Slimes","floor":12.0,"turns":3.0},{"damage":4.0,"enemies":"Exordium Wildlife","floor":14.0,"turns":4.0},{"damage":0.0,"enemies":"Hexaghost","floor":16.0,"turns":8.0},{"damage":0.0,"enemies":"3 Byrds","floor":18.0,"turns":6.0},{"damage":4.0,"enemies":"Spheric Guardian","floor":19.0,"turns":4.0},{"damage":49.0,"enemies":"Masked Bandits","floor":20.0,"turns":5.0},{"damage":0.0,"enemies":"Cultist and Chosen","floor":22.0,"turns":4.0},{"damage":19.0,"enemies":"Gremlin Leader","floor":23.0,"turns":6.0},{"damage":6.0,"enemies":"Slavers","floor":25.0,"turns":3.0},{"damage":10.0,"enemies":"Snake Plant","floor":27.0,"turns":4.0},{"damage":0.0,"enemies":"Shelled Parasite and Fungi","floor":29.0,"turns":5.0},{"damage":0.0,"enemies":"Centurion and Healer","floor":31.0,"turns":4.0},{"damage":8.0,"enemies":"Collector","floor":33.0,"turns":11.0},{"damage":7.0,"enemies":"Orb Walker","floor":35.0,"turns":4.0},{"damage":0,"enemies":"3 Darklings","floor":37,"turns":3},{"damage":0,"enemies":"Writhing Mass","floor":38,"turns":9},{"damage":0,"enemies":"Maw","floor":39,"turns":8},{"damage":18,"enemies":"Giant Head","floor":41,"turns":10},{"damage":2,"enemies":"Spire Growth","floor":44,"turns":5},{"damage":0,"enemies":"Reptomancer","floor":46,"turns":7},{"damage":0,"enemies":"4 Shapes","floor":47,"turns":3},{"damage":0,"enemies":"Writhing Mass","floor":48,"turns":7},{"damage":28,"enemies":"Awakened One","floor":50,"turns":14},{"damage":32,"enemies":"Shield and Spear","floor":54,"turns":5},{"damage":25,"enemies":"The Heart","floor":55,"turns":10}],"seed_played":"8365239632609310272","potions_obtained":[{"floor":8.0,"key":"SpeedPotion"},{"floor":12.0,"key":"Poison Potion"},{"floor":25.0,"key":"SmokeBomb"},{"floor":29.0,"key":"GhostInAJar"},{"floor":47,"key":"Fruit Juice"}],"is_trial":false,"path_per_floor":["T","?","?","M","?","?","?"],"character_chosen":"THE_SILENT","items_purchased":["Malaise","Fruit Juice","Noxious Fumes","Cloak And Dagger+1","Cloak And Dagger+1","Bronze Scales","Footwork","Vajra","Backflip+1"],"campfire_rested":1,"item_purchase_floors":[11,11,30,30,36,53,53,53,53],"current_hp_per_floor":[63,63,63,56,56,15,33,23,23,18,18,23,23,19,19,44,62,62,58,9,78,78,59,59,53,53,43,43,43,43,43,43,60,74,67,67,67,67,67,67,49,49,49,47,47,47,47,47,47,44,70,70,70,38,43],"gold":36,"neow_bonus":"ONE_RARE_RELIC","is_prod":false,"is_daily":false,"chose_seed":false,"campfire_upgraded":8,"win_rate":0,"timestamp":1553969380,"path_taken":["M","?","M","?","?","E","R","E","T","E","$","M","R","?","R","BOSS","M","M","?","?","M","E","R","E","T","M","R","M","$","M","R","BOSS","M","$","M","M","M","R","E","?","T","M","R","E","M","M","R","BOSS","R","$","E","BOSS"],"build_version":"2019-01-23","purchased_purges":3,"victory":true,"max_hp_per_floor":[63,63,63,63,63,63,63,63,63,63,63,68,68,68,68,68,68,68,68,68,78,78,78,78,78,78,78,78,78,78,78,78,78,78,78,78,78,78,78,78,78,78,78,78,78,78,78,78,78,78,78,78,78,78,83],"card_choices":[{"not_picked":["Dodge and Roll","Finisher"],"picked":"Backflip","floor":1.0},{"not_picked":["Slice","Doppelganger"],"picked":"Poisoned Stab","floor":3.0},{"not_picked":["Acrobatics","Blade Dance"],"picked":"Dodge and Roll","floor":6.0},{"not_picked":["Dagger Spray","Endless Agony"],"picked":"Die Die Die","floor":8.0},{"not_picked":["Dagger Throw","Slice"],"picked":"Cloak And Dagger","floor":10.0},{"not_picked":["Distraction","Quick Slash"],"picked":"Noxious Fumes","floor":12.0},{"not_picked":["Choke","Quick Slash"],"picked":"Bouncing Flask","floor":14.0},{"not_picked":["Unload","Doppelganger"],"picked":"Envenom","floor":16.0},{"not_picked":["Deadly Poison","Quick Slash+1"],"picked":"Sucker Punch","floor":18.0},{"not_picked":["Slice","Sucker Punch","Choke"],"picked":"SKIP","floor":19.0},{"not_picked":["Leg Sweep","Bane"],"picked":"Corpse Explosion","floor":20.0},{"not_picked":["Crippling Poison","Dagger Throw"],"picked":"PiercingWail","floor":22.0},{"not_picked":["Concentrate","Acrobatics"],"picked":"Cloak And Dagger","floor":23.0},{"not_picked":["Outmaneuver","Masterful Stab"],"picked":"Glass Knife","floor":25.0},{"not_picked":["Choke","Outmaneuver+1","Riddle With Holes"],"picked":"SKIP","floor":27.0},{"not_picked":["Bane","Dagger Spray"],"picked":"Infinite Blades","floor":29.0},{"not_picked":["Backstab","Poisoned Stab+1"],"picked":"Dodge and Roll+1","floor":31.0},{"not_picked":["Doppelganger+1","Adrenaline+1"],"picked":"Malaise+1","floor":33.0},{"not_picked":["Masterful Stab","Crippling Poison+1"],"picked":"Backflip+1","floor":35.0},{"not_picked":["Tactician+1","Predator","Slice"],"picked":"SKIP","floor":37},{"not_picked":["Underhanded Strike","Deflect+1"],"picked":"PiercingWail+1","floor":38},{"not_picked":["Blade Dance+1","Bouncing Flask+1","Wraith Form v2"],"picked":"SKIP","floor":39},{"not_picked":["Poisoned Stab","Bane"],"picked":"Caltrops+1","floor":41},{"not_picked":["Panacea+1","Impatience+1"],"picked":"Secret Technique+1","floor":42},{"not_picked":["Blade Dance+1","Deadly Poison+1","Flying Knee+1"],"picked":"SKIP","floor":44},{"not_picked":["Backflip+1","Catalyst+1"],"picked":"Noxious Fumes+1","floor":46},{"not_picked":["Poisoned Stab","Dodge and Roll+1"],"picked":"Cloak And Dagger+1","floor":47},{"not_picked":["Backstab","Dagger Throw","Acrobatics+1"],"picked":"SKIP","floor":48},{"not_picked":["Flying Knee","Sucker Punch","Deadly Poison+1"],"picked":"SKIP","floor":54}],"player_experience":1283574,"relics_obtained":[{"floor":2.0,"key":"Letter Opener"},{"floor":6.0,"key":"Omamori"},{"floor":8.0,"key":"Anchor"},{"floor":9.0,"key":"Smiling Mask"},{"floor":10.0,"key":"Pantograph"},{"floor":20.0,"key":"Red Mask"},{"floor":23.0,"key":"Paper Crane"},{"floor":25.0,"key":"Toxic Egg 2"},{"floor":26.0,"key":"Matryoshka"},{"floor":41,"key":"Bottled Tornado"},{"floor":43,"key":"Bag of Preparation"},{"floor":46,"key":"Dream Catcher"},{"floor":54,"key":"Du-Vu Doll"}],"event_choices":[{"damage_healed":0.0,"max_hp_gain":0.0,"max_hp_loss":0.0,"gold_gain":0.0,"event_name":"Scrap Ooze","player_choice":"Success","floor":4.0,"gold_loss":0.0,"damage_taken":7.0,"relics_obtained":["Pocketwatch"]},{"damage_healed":0.0,"max_hp_gain":0.0,"max_hp_loss":0.0,"gold_gain":0.0,"cards_transformed":["Strike_G"],"event_name":"Transmorgrifier","player_choice":"Transformed","floor":5.0,"gold_loss":0.0,"damage_taken":0.0,"cards_obtained":["Well Laid Plans"]},{"damage_healed":0.0,"max_hp_gain":0.0,"max_hp_loss":0.0,"gold_gain":0.0,"event_name":"Masked Bandits","player_choice":"Fought Bandits","floor":20.0,"gold_loss":0.0,"damage_taken":0.0},{"cards_removed":["Envenom"],"damage_healed":59.0,"max_hp_gain":10.0,"max_hp_loss":0.0,"gold_gain":0.0,"event_name":"Bonfire Elementals","player_choice":"Offered Rare","floor":21.0,"gold_loss":0.0,"damage_taken":0.0},{"damage_healed":0,"gold_gain":0,"player_choice":"Memory 1","damage_taken":0,"max_hp_gain":0,"max_hp_loss":0,"event_name":"SensoryStone","floor":42,"gold_loss":0}],"is_beta":false,"boss_relics":[{"not_picked":["Orrery","Sozu"],"picked":"Cursed Key"},{"not_picked":["Snecko Eye","Runic Pyramid"],"picked":"Coffee Dripper"}],"items_purged_floors":[11,30,36],"is_endless":false,"potions_floor_spawned":[8,12,18,23,25,27,29,35,38,41,47,48],"ascension_level":12}