{"gold_per_floor":[12,25,25,25,25,25,52,62,62,81,81,93,93,110,110,213,213,233,233,245,257,94,94],"floor_reached":23,"playtime":1470,"items_purged":["Strike_G"],"score":286,"play_id":"6a704ba0-1d1b-456b-9a7e-ac74b5ef5586","local_time":"20190322195520","is_ascension_mode":true,"campfire_choices":[{"data":"Neutralize","floor":6,"key":"SMITH"},{"data":"Sucker Punch","floor":11,"key":"SMITH"},{"data":"Noxious Fumes","floor":15,"key":"SMITH"}],"neow_cost":"NO_GOLD","seed_source_timestamp":591364437179559,"circlet_count":0,"master_deck":["Defend_G","Defend_G","Defend_G","Defend_G","Defend_G","Strike_G","Strike_G","Strike_G","Survivor","Neutralize+1","Quick Slash","Backflip","Sucker Punch+1","Backflip","Slice","Crippling Poison+1","Noxious Fumes+1","After Image","Cloak And Dagger+1","Infinite Blades","Dodge and Roll"],"relics":["Ring of the Snake","Pantograph","Black Star","Nloth\u0027s Gift"],"potions_floor_usage":[21],"damage_taken":[{"damage":1,"enemies":"Small Slimes","floor":1,"turns":5},{"damage":1,"enemies":"Jaw Worm","floor":2,"turns":5},{"damage":17,"enemies":"3 Sentries","floor":7,"turns":14},{"damage":0,"enemies":"2 Louse","floor":8,"turns":3},{"damage":0,"enemies":"2 Fungi Beasts","floor":10,"turns":4},{"damage":0,"enemies":"Red Slaver","floor":12,"turns":5},{"damage":15,"enemies":"Exordium Thugs","floor":14,"turns":5},{"damage":40,"enemies":"Hexaghost","floor":16,"turns":12},{"damage":5,"enemies":"Shell Parasite","floor":18,"turns":8},{"damage":20,"enemies":"3 Byrds","floor":20,"turns":4},{"damage":27,"enemies":"Shelled Parasite and Fungi","floor":21,"turns":8},{"damage":38,"enemies":"Book of Stabbing","floor":23,"turns":7}],"seed_played":"9049888547869566773","potions_obtained":[{"floor":7,"key":"Dexterity Potion"},{"floor":10,"key":"Ancient Potion"},{"floor":12,"key":"GamblersBrew"},{"floor":14,"key":"Regen Potion"}],"is_trial":false,"path_per_floor":["?","?","?","?","?"],"character_chosen":"THE_SILENT","items_purchased":["Infinite Blades","Dodge and Roll"],"campfire_rested":0,"item_purchase_floors":[22,22],"current_hp_per_floor":[76,75,68,68,73,73,56,56,56,56,56,56,56,41,41,26,73,68,68,48,36,36,0],"gold":94,"neow_bonus":"TWENTY_PERCENT_HP_BONUS","is_prod":false,"is_daily":false,"chose_seed":false,"campfire_upgraded":3,"win_rate":0,"timestamp":1553298920,"path_taken":["M","M","?","?","?","R","E","M","T","M","R","M","?","M","R","BOSS","M","?","M","M","$","E"],"build_version":"2019-01-23","purchased_purges":1,"victory":false,"max_hp_per_floor":[84,84,84,84,89,89,89,89,89,89,89,89,89,89,89,89,89,89,89,89,89,89,89],"card_choices":[{"not_picked":["Slice","Expertise"],"picked":"Quick Slash","floor":1},{"not_picked":["Prepared","Eviscerate"],"picked":"Backflip","floor":2},{"not_picked":["Deadly Poison","Dagger Spray"],"picked":"Sucker Punch","floor":7},{"not_picked":["Outmaneuver","Poisoned Stab"],"picked":"Backflip","floor":8},{"not_picked":["Tactician","Acrobatics"],"picked":"Slice","floor":10},{"not_picked":["Quick Slash","Prepared"],"picked":"Crippling Poison","floor":12},{"not_picked":["Dagger Throw","Adrenaline"],"picked":"Noxious Fumes","floor":14},{"not_picked":["Tools of the Trade","Storm of Steel"],"picked":"After Image","floor":16},{"not_picked":["Deadly Poison+1","Sucker Punch","Setup"],"picked":"SKIP","floor":18},{"not_picked":["Poisoned Stab","Acrobatics","Prepared"],"picked":"SKIP","floor":20},{"not_picked":["Prepared+1","Storm of Steel"],"picked":"Cloak And Dagger+1","floor":21}],"player_experience":898425,"relics_obtained":[{"floor":7,"key":"Pantograph"},{"floor":9,"key":"Dodecahedron"}],"event_choices":[{"cards_removed":["Strike_G"],"damage_healed":0,"gold_gain":0,"player_choice":"Card Removal","damage_taken":7,"max_hp_gain":0,"max_hp_loss":0,"event_name":"Golden Wing","floor":3,"gold_loss":0},{"damage_healed":0,"gold_gain":0,"player_choice":"Leave","damage_taken":0,"max_hp_gain":0,"max_hp_loss":0,"event_name":"The Cleric","floor":4,"gold_loss":0},{"damage_healed":0,"gold_gain":0,"player_choice":"Donut","damage_taken":0,"max_hp_gain":5,"max_hp_loss":0,"event_name":"Big Fish","floor":5,"gold_loss":0},{"damage_healed":0,"gold_gain":0,"player_choice":"Upgraded","damage_taken":0,"max_hp_gain":0,"max_hp_loss":0,"event_name":"Upgrade Shrine","floor":13,"gold_loss":0,"cards_upgraded":["Crippling Poison"]},{"damage_healed":0,"gold_gain":0,"player_choice":"Traded Relic","damage_taken":0,"relics_obtained":["Nloth\u0027s Gift"],"max_hp_gain":0,"max_hp_loss":0,"event_name":"N\u0027loth","floor":19,"relics_lost":["Dodecahedron"],"gold_loss":0}],"is_beta":false,"boss_relics":[{"not_picked":["Tiny House","Cursed Key"],"picked":"Black Star"}],"items_purged_floors":[22],"is_endless":false,"potions_floor_spawned":[7,10,12,14,20],"killed_by":"Book of Stabbing","ascension_level":7}