{"gold_per_floor":[112,128,11,11,11,11,25,45,71,101,112,62,81,91,91,190,190,210,210,210,223,223,223,255,255,334,334,349,361,377,392,392,496,496,510,525,525,625,625,625,625],"floor_reached":41,"playtime":1656,"items_purged":[],"score":465,"play_id":"7bb7ae6e-4737-4720-813c-bd8b90e4a06e","local_time":"20181118130149","is_ascension_mode":false,"campfire_choices":[{"data":"Rampage","floor":6,"key":"SMITH"},{"data":"Spot Weakness","floor":15,"key":"SMITH"},{"data":"Brutality","floor":23,"key":"SMITH"},{"floor":25,"key":"REST"},{"floor":27,"key":"REST"},{"data":"Pummel","floor":32,"key":"SMITH"},{"data":"Shrug It Off","floor":40,"key":"SMITH"}],"neow_cost":"NONE","seed_source_timestamp":413736423398682,"circlet_count":0,"master_deck":["Defend_R","Defend_R","Defend_R","Bash","Shrug It Off","Sword Boomerang","Warcry","Shrug It Off+1","Rampage+1","Anger","Pommel Strike+1","Spot Weakness+1","Iron Wave","Brutality+1","Bite","Bite","Bite","Bite","Bite","Pummel+1","Anger","True Grit+1","Shrug It Off","Pommel Strike+1","Rage+1","Impervious","Shrug It Off+1","Rage"],"relics":["Black Blood","Whetstone","Pen Nib","Empty Cage","MutagenicStrength","Self Forming Clay","Kunai","Du-Vu Doll"],"potions_floor_usage":[10,10,16,16,16,33,35,36,41,41],"damage_taken":[{"damage":1,"enemies":"Cultist","floor":1,"turns":3},{"damage":13,"enemies":"Jaw Worm","floor":2,"turns":3},{"damage":2,"enemies":"2 Louse","floor":7,"turns":4},{"damage":4,"enemies":"Large Slime","floor":8,"turns":5},{"damage":15,"enemies":"Lagavulin","floor":10,"turns":5},{"damage":7,"enemies":"Blue Slaver","floor":11,"turns":3},{"damage":8,"enemies":"Exordium Wildlife","floor":13,"turns":3},{"damage":13,"enemies":"Red Slaver","floor":14,"turns":2},{"damage":9,"enemies":"Hexaghost","floor":16,"turns":8},{"damage":26,"enemies":"3 Byrds","floor":18,"turns":5},{"damage":7,"enemies":"Chosen","floor":21,"turns":4},{"damage":60,"enemies":"Slavers","floor":24,"turns":6},{"damage":12,"enemies":"Snecko","floor":28,"turns":4},{"damage":12,"enemies":"Chosen and Byrds","floor":29,"turns":5},{"damage":15,"enemies":"Shelled Parasite and Fungi","floor":30,"turns":5},{"damage":12,"enemies":"3 Cultists","floor":31,"turns":5},{"damage":18,"enemies":"Champ","floor":33,"turns":9},{"damage":17,"enemies":"3 Darklings","floor":35,"turns":6},{"damage":11,"enemies":"3 Shapes","floor":36,"turns":4},{"damage":10,"enemies":"Mind Bloom Boss Battle","floor":38,"turns":8},{"damage":66,"enemies":"Giant Head","floor":41,"turns":9}],"seed_played":"-8673779718726084284","potions_obtained":[{"floor":2,"key":"Swift Potion"},{"floor":4,"key":"SteroidPotion"},{"floor":4,"key":"Energy Potion"},{"floor":10,"key":"Block Potion"},{"floor":11,"key":"SkillPotion"},{"floor":14,"key":"Regen Potion"},{"floor":24,"key":"EssenceOfSteel"},{"floor":31,"key":"GamblersBrew"},{"floor":33,"key":"Block Potion"},{"floor":35,"key":"Fire Potion"},{"floor":36,"key":"Energy Potion"}],"is_trial":false,"path_per_floor":["M","M","$","?","$","R","M","M","T","E","M","?","M","M","R","B",null,"M","?","?","M","?","R","E","R","T","R","M","M","M","M","R","B",null,"M","M","?","?","?","R","E"],"character_chosen":"IRONCLAD","items_purchased":["Shrug It Off","Rampage"],"campfire_rested":2,"item_purchase_floors":[3,3],"current_hp_per_floor":[80,73,73,73,73,73,77,79,79,70,69,69,67,60,60,72,80,60,60,56,56,56,56,10,26,26,42,44,50,47,51,51,47,56,56,56,56,56,56,56,0],"gold":625,"neow_bonus":"THREE_CARDS","is_prod":false,"is_daily":false,"chose_seed":false,"campfire_upgraded":5,"win_rate":0,"timestamp":1542571309,"path_taken":["M","?","?","?","$","R","M","?","T","E","M","?","M","M","R","BOSS","M","?","?","M","?","R","E","R","T","R","M","M","?","M","R","BOSS","M","M","?","?","?","R","E"],"build_version":"2018-11-15","purchased_purges":0,"victory":false,"max_hp_per_floor":[80,80,80,80,80,80,80,80,80,80,80,80,80,80,80,80,80,80,80,56,56,56,56,56,56,56,56,56,56,56,56,56,56,56,56,56,56,56,56,56,56],"card_choices":[{"not_picked":["Sword Boomerang","Hemokinesis"],"picked":"Shrug It Off","floor":0},{"not_picked":["Warcry","Clash"],"picked":"Sword Boomerang","floor":1},{"not_picked":["Clash","Bloodletting"],"picked":"Warcry","floor":2},{"not_picked":["Body Slam","Havoc"],"picked":"Anger","floor":7},{"not_picked":["Havoc","Warcry"],"picked":"Pommel Strike","floor":8},{"not_picked":["Warcry","Fiend Fire"],"picked":"Spot Weakness","floor":10},{"not_picked":["Dual Wield","Headbutt","Whirlwind"],"picked":"SKIP","floor":11},{"not_picked":["Wild Strike","Perfected Strike"],"picked":"Iron Wave","floor":13},{"not_picked":["Shockwave","Sword Boomerang","Headbutt"],"picked":"SKIP","floor":14},{"not_picked":["Immolate","Double Tap"],"picked":"Brutality","floor":16},{"not_picked":["Infernal Blade+1","Dropkick","Twin Strike"],"picked":"SKIP","floor":18},{"not_picked":["Burning Pact","Corruption"],"picked":"Pummel","floor":21},{"not_picked":["Wild Strike","Cleave"],"picked":"True Grit+1","floor":24},{"not_picked":["Whirlwind","Headbutt+1"],"picked":"Shrug It Off","floor":28},{"not_picked":["Thunderclap+1","Corruption","Intimidate"],"picked":"SKIP","floor":29},{"not_picked":["Iron Wave","Seeing Red"],"picked":"Pommel Strike+1","floor":30},{"not_picked":["Body Slam+1","Sword Boomerang"],"picked":"Rage+1","floor":31},{"not_picked":["Immolate","Exhume"],"picked":"Impervious","floor":33},{"not_picked":["Battle Trance","Wild Strike"],"picked":"Shrug It Off+1","floor":35},{"not_picked":["Warcry","Wild Strike+1","Body Slam"],"picked":"SKIP","floor":36},{"not_picked":["Searing Blow","Havoc"],"picked":"Rage","floor":38}],"player_experience":1085524,"relics_obtained":[{"floor":9,"key":"Whetstone"},{"floor":10,"key":"Pen Nib"},{"floor":24,"key":"Self Forming Clay"},{"floor":26,"key":"Kunai"},{"floor":38,"key":"Du-Vu Doll"}],"event_choices":[{"damage_healed":0,"gold_gain":0,"player_choice":"Got Potions","damage_taken":0,"max_hp_gain":0,"max_hp_loss":0,"event_name":"Lab","floor":4,"gold_loss":0},{"cards_removed":["Strike_R"],"damage_healed":0,"gold_gain":0,"player_choice":"Card Removal","damage_taken":0,"max_hp_gain":0,"max_hp_loss":0,"event_name":"The Cleric","floor":12,"gold_loss":50},{"damage_healed":0,"gold_gain":0,"player_choice":"Inject Mutagens","damage_taken":0,"relics_obtained":["MutagenicStrength"],"max_hp_gain":0,"max_hp_loss":0,"event_name":"Drug Dealer","floor":19,"gold_loss":0},{"damage_healed":0,"gold_gain":0,"player_choice":"Became a vampire","damage_taken":0,"max_hp_gain":0,"max_hp_loss":24,"event_name":"Vampires","floor":20,"gold_loss":0,"cards_obtained":["Bite","Bite","Bite","Bite","Bite"]},{"damage_healed":0,"gold_gain":0,"player_choice":"Read","damage_taken":0,"max_hp_gain":0,"max_hp_loss":0,"event_name":"The Library","floor":22,"gold_loss":0,"cards_obtained":["Anger"]},{"damage_healed":0,"gold_gain":0,"player_choice":"Ignored","damage_taken":0,"max_hp_gain":0,"max_hp_loss":0,"event_name":"Tomb of Lord Red Mask","floor":37,"gold_loss":0},{"damage_healed":0,"gold_gain":0,"player_choice":"Fight","damage_taken":0,"max_hp_gain":0,"max_hp_loss":0,"event_name":"MindBloom","floor":38,"gold_loss":0},{"damage_healed":0,"gold_gain":0,"player_choice":"Ignored","damage_taken":0,"max_hp_gain":0,"max_hp_loss":0,"event_name":"SecretPortal","floor":39,"gold_loss":0}],"is_beta":false,"boss_relics":[{"not_picked":["Runic Pyramid","Eternal Feather"],"picked":"Empty Cage"},{"not_picked":["Orrery","Fusion Hammer"],"picked":"Black Blood"}],"items_purged_floors":[],"is_endless":false,"potions_floor_spawned":[2,10,11,14,24,31,33,35,36],"killed_by":"Giant Head","ascension_level":0}