{"gold_per_floor":[111,125,140,150,20,48,48,48,74,100,114,154,154,170,170,293,293,318,341,59,80,80,80],"floor_reached":23,"playtime":994,"items_purged":[],"score":244,"play_id":"e20be25e-0c4f-4d28-8292-715f94f72e3b","local_time":"20180913151834","is_ascension_mode":true,"campfire_choices":[{"data":"Seeing Red","floor":7,"key":"SMITH"},{"floor":13,"key":"REST"},{"floor":15,"key":"REST"}],"neow_cost":"NONE","seed_source_timestamp":676676101491442,"circlet_count":0,"master_deck":["Strike_R","Strike_R","Strike_R","Strike_R","Defend_R","Defend_R","Defend_R","Defend_R","Bash","Pommel Strike","Twin Strike","Sword Boomerang","Flex","Seeing Red+1","Anger","Wild Strike","Inflame","Injury","Armaments","Pummel","Power Through","Shrug It Off","Immolate","Body Slam","Wild Strike","Chrysalis","Heavy Blade","Flex","Body Slam"],"relics":["Burning Blood","Art of War","Potion Belt","Golden Idol","Blood Vial","Odd Mushroom","Regal Pillow","Snecko Eye"],"potions_floor_usage":[6,12,21,23],"damage_taken":[{"damage":6,"enemies":"Cultist","floor":1,"turns":4},{"damage":0,"enemies":"Small Slimes","floor":2,"turns":3},{"damage":7,"enemies":"Jaw Worm","floor":3,"turns":4},{"damage":10,"enemies":"Large Slime","floor":4,"turns":5},{"damage":21,"enemies":"Gremlin Nob","floor":6,"turns":4},{"damage":18,"enemies":"The Mushroom Lair","floor":10,"turns":4},{"damage":22,"enemies":"Exordium Thugs","floor":11,"turns":3},{"damage":15,"enemies":"3 Sentries","floor":12,"turns":7},{"damage":42,"enemies":"Gremlin Gang","floor":14,"turns":6},{"damage":69,"enemies":"The Guardian","floor":16,"turns":15},{"damage":13,"enemies":"Shell Parasite","floor":18,"turns":4},{"damage":41,"enemies":"3 Byrds","floor":19,"turns":5},{"damage":20,"enemies":"Sentry and Sphere","floor":21,"turns":5},{"damage":35,"enemies":"Slavers","floor":23,"turns":2}],"seed_played":"1499022091215169958","potions_obtained":[{"floor":1,"key":"AttackPotion"},{"floor":4,"key":"Swift Potion"},{"floor":16,"key":"Poison Potion"},{"floor":19,"key":"GamblersBrew"}],"is_trial":false,"path_per_floor":["M","M","M","M","$","E","R","?","T","?","M","E","R","M","R","B",null,"M","M","$","M","?"],"character_chosen":"IRONCLAD","items_purchased":["Seeing Red","Anger","Wild Strike","Chrysalis","Heavy Blade","Flex"],"campfire_rested":2,"item_purchase_floors":[5,5,5,20,20,20],"current_hp_per_floor":[80,80,79,75,75,60,60,60,60,50,36,29,68,34,73,12,80,73,40,40,28,28,0],"gold":80,"neow_bonus":"RANDOM_COMMON_RELIC","is_prod":false,"is_daily":false,"chose_seed":false,"campfire_upgraded":1,"win_rate":0,"timestamp":1536873514,"path_taken":["M","?","M","M","?","E","R","?","T","?","?","E","R","M","R","BOSS","M","?","$","M","?","E"],"build_version":"2018-09-06","purchased_purges":0,"victory":false,"max_hp_per_floor":[80,80,80,80,80,80,80,80,80,80,80,80,80,80,80,80,80,80,80,80,80,80,80],"card_choices":[{"not_picked":["Combust","Headbutt"],"picked":"Pommel Strike","floor":1},{"not_picked":["Corruption","Searing Blow"],"picked":"Twin Strike","floor":2},{"not_picked":["Twin Strike","Pommel Strike"],"picked":"Sword Boomerang","floor":3},{"not_picked":["Cleave","Power Through"],"picked":"Flex","floor":4},{"not_picked":["Bloodletting","Clothesline"],"picked":"Inflame","floor":6},{"not_picked":["Pummel","Dual Wield"],"picked":"Armaments","floor":10},{"not_picked":["Seeing Red","Dark Embrace"],"picked":"Pummel","floor":11},{"not_picked":["Havoc","Bloodletting"],"picked":"Power Through","floor":12},{"not_picked":["Thunderclap","Wild Strike"],"picked":"Shrug It Off","floor":14},{"not_picked":["Reaper","Brutality"],"picked":"Immolate","floor":16},{"not_picked":["Thunderclap+1","Intimidate+1"],"picked":"Body Slam","floor":18},{"not_picked":["Dual Wield","Havoc"],"picked":"Wild Strike","floor":19},{"not_picked":["Cleave","Seeing Red+1"],"picked":"Body Slam","floor":21}],"player_experience":516162,"relics_obtained":[{"floor":6,"key":"Potion Belt"},{"floor":9,"key":"Blood Vial"},{"floor":10,"key":"Odd Mushroom"},{"floor":12,"key":"Regal Pillow"}],"event_choices":[{"event_name":"Golden Idol","player_choice":"Take Wound","floor":8,"damage_taken":0},{"event_name":"Mushrooms","player_choice":"Fought Mushrooms","floor":10,"damage_taken":0},{"event_name":"Wheel of Change","player_choice":"Card Removal","floor":22,"damage_taken":0}],"is_beta":false,"boss_relics":[{"not_picked":["Eternal Feather","Astrolabe"],"picked":"Snecko Eye"}],"items_purged_floors":[],"is_endless":false,"potions_floor_spawned":[1,4,16,19],"killed_by":"Slavers","ascension_level":4}