{"gold_per_floor":[117,127,51,64,64,103,121,121,121,196,371,702,702,718,718,837,837,837,762,762,762,762,762,123,123,123,40,40,40],"floor_reached":29,"playtime":1195,"items_purged":["Doubt"],"score":354,"play_id":"49c2b79d-cf95-444e-865c-0a03271b298c","local_time":"20181029230609","is_ascension_mode":true,"campfire_choices":[{"floor":8,"key":"REST"},{"floor":13,"key":"REST"},{"data":"Spot Weakness","floor":15,"key":"SMITH"},{"data":"Rupture","floor":23,"key":"SMITH"}],"neow_cost":"NONE","seed_source_timestamp":1660476287419750,"circlet_count":0,"master_deck":["Strike_R","Strike_R","Strike_R","Strike_R","Strike_R","Defend_R","Defend_R","Defend_R","Defend_R","Bash","Heavy Blade","Shrug It Off","Ghostly Armor","Sword Boomerang","Injury","Spot Weakness+1","Impervious","Rupture+1","Exhume","Warcry","Dropkick","Whirlwind+1","J.A.X.","Bandage Up","True Grit","Trip","Sword Boomerang"],"relics":["Burning Blood","Vajra","Golden Idol","Bag of Marbles","Darkstone Periapt","Old Coin","Ectoplasm","Shuriken","HandDrill","Blood Vial","Nunchaku"],"potions_floor_usage":[2,12,16,21,28],"damage_taken":[{"damage":1,"enemies":"Cultist","floor":1,"turns":4},{"damage":4,"enemies":"Small Slimes","floor":2,"turns":4},{"damage":0,"enemies":"2 Louse","floor":4,"turns":2},{"damage":31,"enemies":"3 Sentries","floor":6,"turns":13},{"damage":17,"enemies":"Large Slime","floor":7,"turns":7},{"damage":32,"enemies":"Gremlin Nob","floor":12,"turns":4},{"damage":2,"enemies":"2 Fungi Beasts","floor":14,"turns":5},{"damage":63,"enemies":"Hexaghost","floor":16,"turns":11},{"damage":11,"enemies":"3 Byrds","floor":18,"turns":6},{"damage":17,"enemies":"2 Thieves","floor":19,"turns":4},{"damage":44,"enemies":"Centurion and Healer","floor":21,"turns":8},{"damage":50,"enemies":"Book of Stabbing","floor":25,"turns":6},{"damage":8,"enemies":"Shelled Parasite and Fungi","floor":28,"turns":5},{"damage":35,"enemies":"Chosen and Byrds","floor":29,"turns":4}],"seed_played":"1502451043650005579","potions_obtained":[{"floor":1,"key":"FearPotion"},{"floor":2,"key":"Fruit Juice"},{"floor":7,"key":"Dexterity Potion"},{"floor":19,"key":"Poison Potion"},{"floor":25,"key":"SkillPotion"}],"is_trial":false,"path_per_floor":["M","M","$","M","?","E","M","R","T","?","?","E","R","M","R","B",null,"M","M","?","M","?","R","$","E","T","$","M"],"character_chosen":"IRONCLAD","items_purchased":["Ghostly Armor","Shuriken","HandDrill","Bandage Up","True Grit","Trip"],"campfire_rested":2,"item_purchase_floors":[3,24,24,24,24,27],"current_hp_per_floor":[77,84,84,85,85,60,49,74,74,63,69,43,70,74,74,17,73,68,57,91,53,53,53,53,13,13,13,17,0],"gold":40,"neow_bonus":"RANDOM_COMMON_RELIC","is_prod":false,"is_daily":false,"chose_seed":false,"campfire_upgraded":2,"win_rate":0,"timestamp":1540875969,"path_taken":["M","M","$","?","?","E","M","R","T","?","?","E","R","M","R","BOSS","M","M","?","?","?","R","$","E","T","$","M","M"],"build_version":"2018-10-25v2","purchased_purges":1,"victory":false,"max_hp_per_floor":[80,85,85,85,85,85,85,85,85,85,91,91,91,91,91,91,91,91,91,91,91,91,91,91,91,91,91,91,91],"card_choices":[{"not_picked":["Burning Pact","Feel No Pain"],"picked":"Heavy Blade","floor":1},{"not_picked":["Pummel","Warcry"],"picked":"Shrug It Off","floor":2},{"not_picked":["Anger","Heavy Blade"],"picked":"Sword Boomerang","floor":4},{"not_picked":["Entrench","Anger"],"picked":"Spot Weakness","floor":6},{"not_picked":["Anger","Clash","Thunderclap"],"picked":"SKIP","floor":7},{"not_picked":["Bloodletting","Disarm"],"picked":"Impervious","floor":12},{"not_picked":["Sever Soul","Corruption"],"picked":"Rupture","floor":14},{"not_picked":["Juggernaut","Demon Form"],"picked":"Exhume","floor":16},{"not_picked":["Twin Strike","Anger"],"picked":"Warcry","floor":18},{"not_picked":["Perfected Strike","Battle Trance"],"picked":"Dropkick","floor":19},{"not_picked":["Battle Trance","Iron Wave"],"picked":"Whirlwind+1","floor":21},{"not_picked":["Carnage","Anger","Reckless Charge"],"picked":"SKIP","floor":25},{"not_picked":["Spot Weakness","Clothesline"],"picked":"Sword Boomerang","floor":28}],"player_experience":967228,"relics_obtained":[{"floor":6,"key":"Bag of Marbles"},{"floor":9,"key":"Darkstone Periapt"},{"floor":12,"key":"Old Coin"},{"floor":25,"key":"Blood Vial"},{"floor":26,"key":"Nunchaku"}],"event_choices":[{"damage_healed":0,"gold_gain":0,"player_choice":"Take Wound","damage_taken":0,"relics_obtained":["Golden Idol"],"max_hp_gain":0,"max_hp_loss":0,"event_name":"Golden Idol","floor":5,"gold_loss":0,"cards_obtained":["Injury"]},{"damage_healed":0,"gold_gain":75,"player_choice":"Gather Gold","damage_taken":11,"max_hp_gain":0,"max_hp_loss":0,"event_name":"World of Goop","floor":10,"gold_loss":0},{"damage_healed":0,"gold_gain":175,"player_choice":"AGREE","damage_taken":0,"max_hp_gain":0,"max_hp_loss":0,"event_name":"Liars Game","floor":11,"gold_loss":0,"cards_obtained":["Doubt"]},{"damage_healed":34,"gold_gain":0,"player_choice":"Full Heal","damage_taken":0,"max_hp_gain":0,"max_hp_loss":0,"event_name":"Wheel of Change","floor":20,"gold_loss":0},{"damage_healed":0,"gold_gain":0,"player_choice":"Obtain J.A.X.","damage_taken":0,"max_hp_gain":0,"max_hp_loss":0,"event_name":"Drug Dealer","floor":22,"gold_loss":0,"cards_obtained":["J.A.X."]}],"is_beta":false,"boss_relics":[{"not_picked":["Velvet Choker","White Beast Statue"],"picked":"Ectoplasm"}],"items_purged_floors":[24],"is_endless":false,"potions_floor_spawned":[1,2,7,19,25],"killed_by":"Chosen and Byrds","ascension_level":8}