{"gold_per_floor":[116,126,76,91,91,119,119,150,224,255,327,327,327,396,396,396],"floor_reached":16,"playtime":845,"items_purged":[],"score":190,"play_id":"31e441c0-1d2e-4b83-89f9-ab54c2dbac34","local_time":"20190322200938","is_ascension_mode":true,"campfire_choices":[{"data":"Cloak And Dagger","floor":7,"key":"SMITH"},{"floor":13,"key":"REST"},{"floor":15,"key":"REST"}],"neow_cost":"NONE","seed_source_timestamp":592848791731641,"circlet_count":0,"master_deck":["Defend_G","Defend_G","Defend_G","Defend_G","Defend_G","Strike_G","Strike_G","Strike_G","Strike_G+1","Survivor","Neutralize+1","Dash","Cloak And Dagger+1","Backstab+1","PiercingWail","Poisoned Stab","Dodge and Roll"],"relics":["Ring of the Snake","Mango","Whetstone","Dodecahedron","Ornamental Fan","Bronze Scales","Question Card","Golden Idol","Dead Branch"],"potions_floor_usage":[10,16],"damage_taken":[{"damage":0,"enemies":"2 Louse","floor":1,"turns":4},{"damage":0,"enemies":"Jaw Worm","floor":2,"turns":5},{"damage":0,"enemies":"Small Slimes","floor":4,"turns":4},{"damage":37,"enemies":"Gremlin Nob","floor":6,"turns":6},{"damage":4,"enemies":"3 Sentries","floor":8,"turns":9},{"damage":0,"enemies":"Gremlin Nob","floor":10,"turns":4},{"damage":12,"enemies":"Gremlin Nob","floor":14,"turns":3},{"damage":50,"enemies":"Slime Boss","floor":16,"turns":14}],"seed_played":"4220145006746680268","potions_obtained":[{"floor":1,"key":"Dexterity Potion"},{"floor":2,"key":"Ancient Potion"},{"floor":8,"key":"Block Potion"}],"is_trial":false,"path_per_floor":["?","?","T","?","?"],"character_chosen":"THE_SILENT","items_purchased":[],"campfire_rested":2,"item_purchase_floors":[],"current_hp_per_floor":[63,63,63,63,70,33,33,29,29,29,29,8,33,21,46,0],"gold":396,"neow_bonus":"UPGRADE_CARD","is_prod":false,"is_daily":false,"chose_seed":false,"campfire_upgraded":1,"win_rate":0,"timestamp":1553299778,"path_taken":["M","M","?","M","?","E","R","E","T","E","?","?","R","?","R","BOSS"],"build_version":"2019-01-23","purchased_purges":0,"victory":false,"max_hp_per_floor":[70,70,70,70,84,84,84,84,84,84,84,84,84,84,84,84],"card_choices":[{"not_picked":["Acrobatics","Choke"],"picked":"Dash","floor":1},{"not_picked":["Quick Slash","Outmaneuver"],"picked":"Cloak And Dagger","floor":2},{"not_picked":["Underhanded Strike","Dagger Throw"],"picked":"Backstab","floor":4},{"not_picked":["Calculated Gamble","Skewer"],"picked":"PiercingWail","floor":6},{"not_picked":["Bane","Deadly Poison"],"picked":"Poisoned Stab","floor":8},{"not_picked":["Corpse Explosion","Poisoned Stab","Terror"],"picked":"SKIP","floor":10},{"not_picked":["Deadly Poison","Backflip","Masterful Stab"],"picked":"Dodge and Roll","floor":14}],"player_experience":899895,"relics_obtained":[{"floor":6,"key":"Whetstone"},{"floor":8,"key":"Dodecahedron"},{"floor":9,"key":"Ornamental Fan"},{"floor":10,"key":"Bronze Scales"},{"floor":11,"key":"Question Card"},{"floor":14,"key":"Dead Branch"}],"event_choices":[{"cards_removed":["Strike_G"],"damage_healed":0,"gold_gain":0,"player_choice":"Card Removal","damage_taken":0,"max_hp_gain":0,"max_hp_loss":0,"event_name":"The Cleric","floor":3,"gold_loss":50},{"damage_healed":0,"gold_gain":0,"player_choice":"Success","damage_taken":7,"relics_obtained":["Mango"],"max_hp_gain":0,"max_hp_loss":0,"event_name":"Scrap Ooze","floor":5,"gold_loss":0},{"damage_healed":0,"gold_gain":0,"player_choice":"Take Damage","damage_taken":21,"relics_obtained":["Golden Idol"],"max_hp_gain":0,"max_hp_loss":0,"event_name":"Golden Idol","floor":12,"gold_loss":0},{"damage_healed":0,"gold_gain":30,"player_choice":"Searched \u00272\u0027 times","damage_taken":0,"max_hp_gain":0,"max_hp_loss":0,"event_name":"Dead Adventurer","floor":14,"gold_loss":0}],"is_beta":false,"boss_relics":[],"items_purged_floors":[],"is_endless":false,"potions_floor_spawned":[1,2,8],"killed_by":"Slime Boss","ascension_level":7}