{"gold_per_floor":[116,63,75,85,104,138,138,157,157,190,115,144,144,174,174,270,270,289,25,41,51,51,78,94,107,107,107],"floor_reached":27,"playtime":1204,"items_purged":["Defend_R"],"score":315,"play_id":"425b9e96-4083-48ca-b3d8-acf312ac040d","local_time":"20190209143439","is_ascension_mode":false,"campfire_choices":[{"data":"Armaments","floor":7,"key":"SMITH"},{"floor":15,"key":"REST"}],"neow_cost":"NONE","seed_source_timestamp":179647563218847,"circlet_count":0,"master_deck":["Defend_R","Defend_R","Bash","Clash","Clash","Armaments+1","Barricade","Double Tap","Anger","Clash","Anger","Bludgeon","Anger+1","Iron Wave","Cleave+1","Shrug It Off","Bite","Bite","Bite","Bite","Bite","Body Slam+1","Rupture+1"],"relics":["Burning Blood","NeowsBlessing","Letter Opener","Omamori","Lantern","Gremlin Horn","Meat on the Bone","Incense Burner","Oddly Smooth Stone","Empty Cage","Bottled Tornado","Mummified Hand","Matryoshka"],"potions_floor_usage":[20,23],"damage_taken":[{"damage":0,"enemies":"2 Louse","floor":1,"turns":1},{"damage":0,"enemies":"Cultist","floor":3,"turns":1},{"damage":0,"enemies":"Jaw Worm","floor":4,"turns":1},{"damage":4,"enemies":"Blue Slaver","floor":5,"turns":3},{"damage":25,"enemies":"Gremlin Nob","floor":6,"turns":4},{"damage":25,"enemies":"Exordium Thugs","floor":8,"turns":4},{"damage":0,"enemies":"Lagavulin","floor":10,"turns":4},{"damage":21,"enemies":"3 Sentries","floor":12,"turns":8},{"damage":6,"enemies":"Gremlin Nob","floor":14,"turns":3},{"damage":35,"enemies":"Hexaghost","floor":16,"turns":8},{"damage":6,"enemies":"2 Thieves","floor":18,"turns":3},{"damage":10,"enemies":"Chosen","floor":20,"turns":3},{"damage":28,"enemies":"Snake Plant","floor":21,"turns":4},{"damage":25,"enemies":"Book of Stabbing","floor":23,"turns":4},{"damage":15,"enemies":"3 Cultists","floor":24,"turns":5},{"damage":43,"enemies":"Snecko","floor":25,"turns":6},{"damage":44,"enemies":"Slavers","floor":27,"turns":3}],"seed_played":"4611644465765216530","potions_obtained":[{"floor":3,"key":"Dexterity Potion"},{"floor":5,"key":"Ancient Potion"},{"floor":8,"key":"Ancient Potion"},{"floor":12,"key":"PowerPotion"},{"floor":20,"key":"Energy Potion"},{"floor":23,"key":"Explosive Potion"},{"floor":25,"key":"SteroidPotion"}],"is_trial":false,"path_per_floor":["?","$","?","?"],"character_chosen":"IRONCLAD","items_purchased":["Bottled Tornado","Iron Wave"],"campfire_rested":1,"item_purchase_floors":[19,19],"current_hp_per_floor":[80,80,80,80,80,61,61,42,42,48,48,33,21,33,57,40,80,80,80,76,54,54,45,54,33,33,0],"gold":107,"neow_bonus":"THREE_ENEMY_KILL","is_prod":false,"is_daily":false,"chose_seed":false,"campfire_upgraded":1,"win_rate":0,"timestamp":1549740879,"path_taken":["M","?","M","M","M","E","R","M","T","E","?","E","?","E","R","BOSS","M","$","M","M","?","E","M","M","T","E"],"build_version":"2019-01-23","purchased_purges":1,"victory":false,"max_hp_per_floor":[80,80,80,80,80,80,80,80,80,80,80,80,80,80,80,80,80,80,80,80,80,56,56,56,56,56,56],"card_choices":[{"not_picked":["Power Through","Twin Strike"],"picked":"Clash","floor":1},{"not_picked":["Headbutt","Body Slam"],"picked":"Clash","floor":3},{"not_picked":["Seeing Red","Bloodletting"],"picked":"Armaments","floor":4},{"not_picked":["Reckless Charge","Body Slam"],"picked":"Barricade","floor":5},{"not_picked":["Sever Soul","Shockwave"],"picked":"Double Tap","floor":6},{"not_picked":["Hemokinesis","Havoc"],"picked":"Anger","floor":8},{"not_picked":["Rupture","Perfected Strike","Body Slam"],"picked":"SKIP","floor":10},{"not_picked":["Carnage","Inflame"],"picked":"Clash","floor":12},{"not_picked":["Heavy Blade","Perfected Strike"],"picked":"Anger","floor":14},{"not_picked":["Berserk","Offering"],"picked":"Bludgeon","floor":16},{"not_picked":["Heavy Blade","Perfected Strike+1"],"picked":"Anger+1","floor":18},{"not_picked":["Shrug It Off","Infernal Blade"],"picked":"Cleave+1","floor":20},{"not_picked":["Thunderclap","Carnage+1"],"picked":"Shrug It Off","floor":21},{"not_picked":["True Grit","Armaments"],"picked":"Body Slam+1","floor":23},{"not_picked":["Iron Wave","Flex"],"picked":"Rupture+1","floor":24},{"not_picked":["Power Through","Searing Blow+1","Berserk"],"picked":"SKIP","floor":25}],"player_experience":358039,"relics_obtained":[{"floor":6,"key":"Omamori"},{"floor":9,"key":"Lantern"},{"floor":10,"key":"Gremlin Horn"},{"floor":12,"key":"Meat on the Bone"},{"floor":14,"key":"Oddly Smooth Stone"},{"floor":23,"key":"Mummified Hand"},{"floor":26,"key":"Matryoshka"}],"event_choices":[{"damage_healed":0,"gold_gain":0,"player_choice":"Paid Gold","damage_taken":0,"relics_obtained":["Letter Opener"],"max_hp_gain":0,"max_hp_loss":0,"event_name":"WeMeetAgain","floor":2,"gold_loss":53},{"damage_healed":0,"gold_gain":0,"player_choice":"Success","damage_taken":12,"relics_obtained":["Incense Burner"],"max_hp_gain":0,"max_hp_loss":0,"event_name":"Scrap Ooze","floor":13,"gold_loss":0},{"damage_healed":0,"gold_gain":0,"player_choice":"Became a vampire","damage_taken":0,"max_hp_gain":0,"max_hp_loss":24,"event_name":"Vampires","floor":22,"gold_loss":0,"cards_obtained":["Bite","Bite","Bite","Bite","Bite"]}],"is_beta":false,"boss_relics":[{"not_picked":["Astrolabe","White Beast Statue"],"picked":"Empty Cage"}],"items_purged_floors":[11],"is_endless":false,"potions_floor_spawned":[3,5,8,12,20,23,25],"killed_by":"Slavers","ascension_level":0}