{"path_per_floor":["M","?","?","$","M","R","E","M","T","M","M","R","E","M","R","B",null,"M","M","$","?","M","E","R","M","T","E","R","?","$","?","R"],"character_chosen":"IRONCLAD","items_purchased":["Thread and Needle","Fire Breathing","Metallicize","Cleave"],"gold_per_floor":[111,111,111,36,51,51,95,114,161,185,199,199,237,252,252,372,372,392,413,32,32,46,86,86,111,111,146,146,146,23,23,23,23],"floor_reached":33,"campfire_rested":1,"playtime":1941,"current_hp_per_floor":[78,78,58,58,57,57,43,49,49,57,52,76,58,60,60,21,80,64,62,62,62,46,54,54,62,62,57,57,57,57,57,57,0],"items_purged":["Regret"],"gold":23,"score":384,"play_id":"c1583833-6812-4f64-93d2-ae9f842fdfd4","local_time":"20180320225111","is_prod":false,"is_daily":false,"is_ascension_mode":true,"campfire_upgraded":5,"timestamp":1521600671,"path_taken":["M","?","?","$","M","R","E","M","T","M","?","R","E","M","R","BOSS","M","M","$","?","M","E","R","M","T","E","R","?","?","?","R","BOSS"],"build_version":"2018-03-19","purchased_purges":1,"victory":false,"master_deck":["Strike_R","Strike_R","Strike_R","Strike_R","Strike_R","Defend_R","Defend_R","Defend_R+1","Defend_R+1","Bash+1","Flex","Disarm","Dropkick","Armaments+1","Thunderclap","Dropkick","Perfected Strike+1","Juggernaut+1","Limit Break+1","Shockwave","Body Slam","Fire Breathing+1","Ghostly Armor","Second Wind","Power Through","Body Slam+1","Dropkick","Metallicize+1","Cleave","Exhume+1"],"max_hp_per_floor":[80,80,80,80,80,80,80,80,80,80,80,80,80,80,80,80,80,80,80,80,80,80,80,80,80,80,80,80,80,80,80,80,80],"relics":["Burning Blood","War Paint","Golden Idol","Bronze Scales","Blood Vial","Frozen Egg 2","Mark of Pain","Thread and Needle","Vajra","Charon\u0027s Ashes","Sundial"],"card_choices":[{"not_picked":["Sword Boomerang","Ghostly Armor"],"picked":"Flex","floor":1},{"not_picked":["Wild Strike","Reckless Charge"],"picked":"Disarm","floor":5},{"not_picked":["Evolve","Body Slam"],"picked":"Dropkick","floor":7},{"not_picked":["Clash","Sword Boomerang"],"picked":"Armaments","floor":8},{"not_picked":["Evolve","Feel No Pain"],"picked":"Thunderclap","floor":10},{"not_picked":["Carnage","Power Through"],"picked":"Dropkick","floor":11},{"not_picked":["Warcry","Wild Strike"],"picked":"Perfected Strike","floor":13},{"not_picked":["Cleave","Warcry"],"picked":"Juggernaut","floor":14},{"not_picked":["Berserk","Immolate"],"picked":"Limit Break","floor":16},{"not_picked":["Second Wind","Sword Boomerang"],"picked":"Shockwave","floor":18},{"not_picked":["Second Wind","Rampage"],"picked":"Body Slam","floor":19},{"not_picked":["Havoc","Clothesline"],"picked":"Second Wind","floor":22},{"not_picked":["Flex","Armaments"],"picked":"Power Through","floor":23},{"not_picked":["Flex","Feel No Pain"],"picked":"Body Slam","floor":25},{"not_picked":["Rampage","Sentinel"],"picked":"Dropkick","floor":27}],"player_experience":74355,"potions_floor_usage":[11,13,16,19,23,25,27],"damage_taken":[{"damage":8,"enemies":"Small Slimes","floor":1,"turns":5},{"damage":7,"enemies":"2 Louse","floor":5,"turns":3},{"damage":20,"enemies":"Gremlin Nob","floor":7,"turns":4},{"damage":0,"enemies":"Jaw Worm","floor":8,"turns":3},{"damage":0,"enemies":"2 Fungi Beasts","floor":10,"turns":4},{"damage":13,"enemies":"Exordium Wildlife","floor":11,"turns":4},{"damage":26,"enemies":"3 Sentries","floor":13,"turns":7},{"damage":6,"enemies":"Looter","floor":14,"turns":3},{"damage":47,"enemies":"Hexaghost","floor":16,"turns":7},{"damage":22,"enemies":"Shell Parasite","floor":18,"turns":5},{"damage":22,"enemies":"Chosen","floor":19,"turns":6},{"damage":24,"enemies":"Snake Plant","floor":22,"turns":3},{"damage":0,"enemies":"Book of Stabbing","floor":23,"turns":6},{"damage":0,"enemies":"Snecko","floor":25,"turns":4},{"damage":13,"enemies":"Slavers","floor":27,"turns":5},{"damage":63,"enemies":"Automaton","floor":33,"turns":6}],"event_choices":[{"event_name":"Big Fish","player_choice":"Box","floor":2,"damage_taken":0},{"event_name":"Golden Idol","player_choice":"Take Damage","floor":3,"damage_taken":0},{"event_name":"The Library","player_choice":"Read","floor":21,"damage_taken":0},{"event_name":"Beggar","player_choice":"Ignored","floor":29,"damage_taken":0},{"event_name":"Match and Keep!","player_choice":"1 cards matched","floor":31,"damage_taken":0}],"boss_relics":[{"not_picked":["Orrery","Question Card"],"picked":"Mark of Pain"}],"potions_floor_spawned":[7,10,14,16,19,22,23],"seed_played":"-5755592409516544892","killed_by":"Automaton","ascension_level":4,"is_trial":false}