{"gold_per_floor":[117,129,129,146,157,157,157,157,157,174,188,207,225,240,240,339,339,350,367,380,67,78,78,48,62,62,72,88,88,105,105],"floor_reached":31,"playtime":1343,"items_purged":[],"score":239,"play_id":"c5d99aeb-b510-456e-8283-24d97bcb9198","local_time":"20190330101957","is_ascension_mode":false,"campfire_choices":[{"data":"Cloak And Dagger","floor":6.0,"key":"SMITH"},{"data":"Sucker Punch","floor":8.0,"key":"SMITH"},{"floor":15.0,"key":"REST"},{"data":"Enlightenment","floor":23,"key":"SMITH"},{"floor":29,"key":"REST"}],"neow_cost":"NONE","seed_source_timestamp":871253473000534,"circlet_count":0,"master_deck":["Defend_G+1","Defend_G","Defend_G","Defend_G","Defend_G","Strike_G+1","Strike_G","Strike_G","Strike_G","Strike_G","Survivor","Neutralize","Night Terror","Cloak And Dagger+1","Backstab","Caltrops","Sucker Punch+1","Dagger Spray","Dodge and Roll","Acrobatics","Dagger Spray","Die Die Die","Endless Agony+1","Crippling Poison","Cloak And Dagger","Enlightenment+1","Well Laid Plans","Glass Knife","Accuracy+1","Backflip","Blade Dance","Noxious Fumes"],"special_seed":0,"relics":["Ring of the Snake"],"potions_floor_usage":[22,22,27,28,30,31],"damage_taken":[{"damage":0.0,"enemies":"2 Louse","floor":1.0,"turns":3.0},{"damage":3.0,"enemies":"Jaw Worm","floor":2.0,"turns":6.0},{"damage":0.0,"enemies":"Small Slimes","floor":4.0,"turns":3.0},{"damage":9.0,"enemies":"Exordium Thugs","floor":5.0,"turns":7.0},{"damage":9.0,"enemies":"Large Slime","floor":10.0,"turns":5.0},{"damage":5.0,"enemies":"Gremlin Gang","floor":11.0,"turns":4.0},{"damage":0.0,"enemies":"Blue Slaver","floor":12.0,"turns":3.0},{"damage":0.0,"enemies":"3 Louse","floor":13.0,"turns":2.0},{"damage":0.0,"enemies":"Gremlin Gang","floor":14.0,"turns":4.0},{"damage":20.0,"enemies":"Hexaghost","floor":16.0,"turns":9.0},{"damage":13.0,"enemies":"2 Thieves","floor":18.0,"turns":4.0},{"damage":5.0,"enemies":"Chosen","floor":19.0,"turns":5.0},{"damage":7.0,"enemies":"Snecko","floor":20.0,"turns":5.0},{"damage":10,"enemies":"Shelled Parasite and Fungi","floor":22,"turns":3},{"damage":12,"enemies":"3 Cultists","floor":25,"turns":5},{"damage":2,"enemies":"Centurion and Healer","floor":27,"turns":4},{"damage":9,"enemies":"Shelled Parasite and Fungi","floor":28,"turns":6},{"damage":22,"enemies":"Cultist and Chosen","floor":30,"turns":7},{"damage":12,"enemies":"Centurion and Healer","floor":31,"turns":6}],"seed_played":"-5808773634055083445","potions_obtained":[{"floor":4.0,"key":"PowerPotion"},{"floor":12.0,"key":"Poison Potion"},{"floor":14.0,"key":"Swift Potion"},{"floor":16.0,"key":"GhostInAJar"},{"floor":18.0,"key":"Strength Potion"},{"floor":19.0,"key":"Strength Potion"},{"floor":24,"key":"EssenceOfSteel"},{"floor":24,"key":"Block Potion"},{"floor":30,"key":"AttackPotion"}],"is_trial":false,"path_per_floor":["M","M","?","M","M","R","?","R","T","M","M","M","M","M","R","B",null,"M","M","M","$","M","R","?","M","T","M","M","R","M","M"],"character_chosen":"THE_SILENT","items_purchased":["Enlightenment","Well Laid Plans","Glass Knife"],"campfire_rested":2,"item_purchase_floors":[21,21,21],"current_hp_per_floor":[70,67,53,53,44,44,44,44,44,35,30,30,30,30,51,31,70,57,52,45,45,35,35,35,23,23,21,12,33,11,0],"gold":105,"neow_bonus":"ONE_RANDOM_RARE_CARD","is_prod":false,"is_daily":false,"chose_seed":false,"campfire_upgraded":3,"win_rate":0,"timestamp":1553962797,"path_taken":["M","M","?","M","M","R","?","R","T","M","M","M","M","M","R","BOSS","M","M","M","$","M","R","?","M","T","M","M","R","M","M"],"build_version":"2019-01-23","purchased_purges":0,"victory":false,"max_hp_per_floor":[70,70,70,70,70,70,70,70,70,70,70,70,70,70,70,70,70,70,70,70,70,70,70,70,70,70,70,70,70,70,70],"card_choices":[{"not_picked":["Calculated Gamble","Dagger Throw"],"picked":"Cloak And Dagger","floor":1.0},{"not_picked":["Outmaneuver","Bane"],"picked":"Backstab","floor":2.0},{"not_picked":["Flying Knee","Sucker Punch"],"picked":"Caltrops","floor":4.0},{"not_picked":["All Out Attack","Blade Dance"],"picked":"Sucker Punch","floor":5.0},{"not_picked":["Poisoned Stab","Bane"],"picked":"Dagger Spray","floor":10.0},{"not_picked":["Finisher","Caltrops"],"picked":"Dodge and Roll","floor":11.0},{"not_picked":["Quick Slash","Deadly Poison","Unload"],"picked":"SKIP","floor":12.0},{"not_picked":["Setup","Outmaneuver"],"picked":"Acrobatics","floor":13.0},{"not_picked":["Masterful Stab","Concentrate"],"picked":"Dagger Spray","floor":14.0},{"not_picked":["Envenom","Tools of the Trade"],"picked":"Die Die Die","floor":16.0},{"not_picked":["Prepared","Acrobatics"],"picked":"Endless Agony+1","floor":18.0},{"not_picked":["Calculated Gamble+1","Caltrops"],"picked":"Crippling Poison","floor":19.0},{"not_picked":["Underhanded Strike","PiercingWail"],"picked":"Cloak And Dagger","floor":20.0},{"not_picked":["Catalyst","Dagger Throw"],"picked":"Accuracy+1","floor":22},{"not_picked":["Poisoned Stab+1","Sucker Punch","Riddle With Holes"],"picked":"SKIP","floor":25},{"not_picked":["Expertise","Masterful Stab"],"picked":"Backflip","floor":27},{"not_picked":["Expertise","Choke+1"],"picked":"Blade Dance","floor":28},{"not_picked":["Acrobatics","Blade Dance"],"picked":"Noxious Fumes","floor":30}],"player_experience":1725943,"relics_obtained":[],"event_choices":[{"damage_healed":0.0,"max_hp_gain":0.0,"max_hp_loss":0.0,"gold_gain":0.0,"event_name":"Shining Light","player_choice":"Entered Light","floor":3.0,"gold_loss":0.0,"damage_taken":14.0,"cards_upgraded":["Strike_G","Defend_G"]},{"damage_healed":0.0,"max_hp_gain":0.0,"max_hp_loss":0.0,"gold_gain":0.0,"event_name":"Scrap Ooze","player_choice":"Fled","floor":7.0,"gold_loss":0.0,"damage_taken":0.0},{"damage_healed":0,"gold_gain":0,"player_choice":"Bought 2 Potions","damage_taken":0,"max_hp_gain":0,"max_hp_loss":0,"event_name":"The Woman in Blue","floor":24,"gold_loss":0}],"is_beta":false,"boss_relics":[{"not_picked":["Runic Dome","WristBlade","Sozu"]}],"items_purged_floors":[],"is_endless":false,"potions_floor_spawned":[4,12,14,16,18,19,25,30],"killed_by":"Centurion and Healer","ascension_level":0}