{"gold_per_floor":[361,373,373,548,136,176,176,176,206,206,230,230],"floor_reached":12,"playtime":461,"items_purged":["Doubt"],"score":76,"play_id":"6e9e922a-831c-4c8f-a031-a1f60f9982a9","local_time":"20190109225027","is_ascension_mode":false,"campfire_choices":[{"data":"Searing Blow","floor":7,"key":"SMITH"},{"data":"Searing Blow+1","floor":10,"key":"SMITH"}],"neow_cost":"TEN_PERCENT_HP_LOSS","seed_source_timestamp":714492080213644,"circlet_count":0,"master_deck":["Strike_R","Strike_R","Strike_R","Strike_R","Strike_R","Defend_R","Defend_R","Defend_R","Defend_R","Bash","Searing Blow+2","Dual Wield","True Grit"],"relics":["Burning Blood","Golden Idol","Bottled Lightning","Omamori","Pantograph","Tiny Chest"],"potions_floor_usage":[12],"damage_taken":[{"damage":2,"enemies":"2 Louse","floor":1,"turns":3},{"damage":2,"enemies":"Small Slimes","floor":2,"turns":4},{"damage":47,"enemies":"3 Sentries","floor":6,"turns":14},{"damage":3,"enemies":"Jaw Worm","floor":11,"turns":4},{"damage":0,"enemies":"Lots of Slimes","floor":12,"turns":1}],"seed_played":"-4397585770390352060","potions_obtained":[{"floor":6,"key":"Swift Potion"}],"is_trial":false,"path_per_floor":["M","M","?","?","$","E","R","T","T","R","M","M"],"character_chosen":"IRONCLAD","items_purchased":["Dual Wield","True Grit","Bottled Lightning"],"campfire_rested":0,"item_purchase_floors":[5,5,5],"current_hp_per_floor":[72,72,54,54,54,13,13,13,13,13,16,16],"gold":230,"neow_bonus":"TWO_FIFTY_GOLD","is_prod":false,"is_daily":false,"chose_seed":false,"campfire_upgraded":2,"win_rate":0,"timestamp":1547103027,"path_taken":["M","M","?","?","$","E","R","?","T","R","?","?"],"build_version":"2019-01-03v4","purchased_purges":1,"victory":false,"max_hp_per_floor":[72,72,72,72,72,72,72,72,72,72,72,72],"card_choices":[{"not_picked":["Armaments","Iron Wave"],"picked":"Searing Blow","floor":1},{"not_picked":["Armaments","Seeing Red","Anger"],"picked":"SKIP","floor":2},{"not_picked":["Heavy Blade","Armaments","Limit Break"],"picked":"SKIP","floor":6},{"not_picked":["Sever Soul","Perfected Strike","Iron Wave"],"picked":"SKIP","floor":11}],"player_experience":184745,"relics_obtained":[{"floor":6,"key":"Omamori"},{"floor":8,"key":"Pantograph"},{"floor":9,"key":"Tiny Chest"}],"event_choices":[{"damage_healed":0,"gold_gain":0,"player_choice":"Take Damage","damage_taken":18,"relics_obtained":["Golden Idol"],"max_hp_gain":0,"max_hp_loss":0,"event_name":"Golden Idol","floor":3,"gold_loss":0},{"damage_healed":0,"gold_gain":175,"player_choice":"AGREE","damage_taken":0,"max_hp_gain":0,"max_hp_loss":0,"event_name":"Liars Game","floor":4,"gold_loss":0,"cards_obtained":["Doubt"]}],"is_beta":false,"boss_relics":[],"items_purged_floors":[5],"is_endless":false,"potions_floor_spawned":[6],"killed_by":"Lots of Slimes","ascension_level":0}