{"gold_per_floor":[117,117,117,117,117,152,152,179,206,50,60,160,193,204,204,280,280,299,63,78,94,94,94,123,123,123,154,174,174,191,220,220,295,295,313,330,344,37,56,56,86,86,86,111,126,161,173,201,201,201,201,201,45,75,75],"floor_reached":55,"playtime":2893,"items_purged":["Strike_R","Strike_R"],"score":1474,"play_id":"1fead515-198b-4cfe-88ab-2c0fc5601b44","local_time":"20190302155205","is_ascension_mode":true,"campfire_choices":[{"data":"Flame Barrier","floor":7.0,"key":"SMITH"},{"data":"Uppercut","floor":15.0,"key":"SMITH"},{"data":"Corruption","floor":23.0,"key":"SMITH"},{"data":"Immolate","floor":25.0,"key":"SMITH"},{"data":"Spot Weakness","floor":32.0,"key":"SMITH"},{"data":"Battle Trance","floor":40.0,"key":"SMITH"},{"data":"Sword Boomerang","floor":42.0,"key":"SMITH"},{"floor":49.0,"key":"RECALL"},{"data":"Disarm","floor":52.0,"key":"SMITH"}],"neow_cost":"NONE","seed_source_timestamp":13420213824800,"circlet_count":0,"master_deck":["AscendersBane","Strike_R","Defend_R","Defend_R","Defend_R","Defend_R","Bash+1","Pommel Strike","Flame Barrier+1","Flame Barrier","Disarm+1","Spot Weakness+1","Uppercut+1","Reaper","Sword Boomerang+1","Limit Break","Corruption+1","Battle Trance+1","Immolate+1","Offering","Exhume","Spot Weakness+1","Corruption+1","Entrench","Ghostly Armor"],"special_seed":0,"relics":["Burning Blood","Oddly Smooth Stone","Strawberry","Orichalcum","Pantograph","Orrery","MutagenicStrength","Frozen Egg 2","Singing Bowl","Paper Frog","Boot","Busted Crown","DollysMirror","Question Card","PreservedInsect","Omamori","Bird Faced Urn","Happy Flower","Bronze Scales","Lantern"],"potions_floor_usage":[55,55],"damage_taken":[{"damage":6.0,"enemies":"Cultist","floor":1.0,"turns":4.0},{"damage":28.0,"enemies":"Lagavulin","floor":6.0,"turns":6.0},{"damage":20.0,"enemies":"Gremlin Nob","floor":8.0,"turns":4.0},{"damage":2.0,"enemies":"Small Slimes","floor":11.0,"turns":5.0},{"damage":41.0,"enemies":"3 Sentries","floor":13.0,"turns":14.0},{"damage":2.0,"enemies":"2 Louse","floor":14.0,"turns":3.0},{"damage":21.0,"enemies":"The Guardian","floor":16.0,"turns":15.0},{"damage":29.0,"enemies":"Spheric Guardian","floor":18.0,"turns":7.0},{"damage":10.0,"enemies":"Chosen","floor":20.0,"turns":6.0},{"damage":2.0,"enemies":"Snecko","floor":21.0,"turns":5.0},{"damage":33.0,"enemies":"Gremlin Leader","floor":24.0,"turns":6.0},{"damage":29.0,"enemies":"Slavers","floor":27.0,"turns":5.0},{"damage":24.0,"enemies":"Centurion and Healer","floor":28.0,"turns":5.0},{"damage":17.0,"enemies":"Shelled Parasite and Fungi","floor":30.0,"turns":4.0},{"damage":23.0,"enemies":"Book of Stabbing","floor":31.0,"turns":6.0},{"damage":84.0,"enemies":"Automaton","floor":33.0,"turns":10.0},{"damage":30.0,"enemies":"3 Darklings","floor":35.0,"turns":4.0},{"damage":8.0,"enemies":"Orb Walker","floor":36.0,"turns":3.0},{"damage":11.0,"enemies":"Jaw Worm Horde","floor":37.0,"turns":2.0},{"damage":18.0,"enemies":"Spire Growth","floor":39.0,"turns":4.0},{"damage":6.0,"enemies":"Giant Head","floor":41.0,"turns":4.0},{"damage":21.0,"enemies":"Reptomancer","floor":44.0,"turns":4.0},{"damage":40.0,"enemies":"3 Darklings","floor":45.0,"turns":5.0},{"damage":29.0,"enemies":"Nemesis","floor":46.0,"turns":5.0},{"damage":57.0,"enemies":"4 Shapes","floor":47.0,"turns":8.0},{"damage":8.0,"enemies":"Giant Head","floor":48.0,"turns":6.0},{"damage":98.0,"enemies":"Awakened One","floor":50.0,"turns":7.0},{"damage":33.0,"enemies":"Shield and Spear","floor":54.0,"turns":3.0},{"damage":106,"enemies":"The Heart","floor":55,"turns":6}],"seed_played":"-8422023830591602793","potions_obtained":[{"floor":0.0,"key":"BloodPotion"},{"floor":0.0,"key":"Fruit Juice"},{"floor":0.0,"key":"Block Potion"},{"floor":6.0,"key":"PowerPotion"},{"floor":14.0,"key":"Block Potion"},{"floor":20.0,"key":"EssenceOfSteel"},{"floor":21.0,"key":"GamblersBrew"},{"floor":24.0,"key":"Energy Potion"},{"floor":28.0,"key":"Ancient Potion"},{"floor":35.0,"key":"LiquidBronze"}],"is_trial":false,"path_per_floor":["M","T","?","?","?","E","R","E","T","$","M","?","E","M","R","B",null,"M","$","M","M","?","R","E","R","T","E","M","?","M","E","R","B",null,"M","M","M","$","M","R","E","R","T","E","M","E","M","E","R","B",null,"R","$","E","B"],"character_chosen":"IRONCLAD","items_purchased":["Disarm","Limit Break","Corruption","DollysMirror","Bronze Scales"],"campfire_rested":0,"item_purchase_floors":[10,19,19,38,53],"current_hp_per_floor":[77,77,70,70,70,48,48,49,49,49,53,53,18,22,22,32,77,58,58,61,72,72,72,78,78,78,69,72,72,63,65,65,27,82,89,102,99,99,89,89,91,91,91,78,46,23,58,90,90,58,102,102,102,77,0],"gold":75,"neow_bonus":"THREE_SMALL_POTIONS","is_prod":false,"is_daily":false,"chose_seed":false,"campfire_upgraded":8,"win_rate":0,"timestamp":1551570725,"path_taken":["M","?","?","?","?","E","R","E","T","$","M","?","E","M","R","BOSS","M","$","?","M","?","R","E","R","T","E","M","?","M","E","R","BOSS","M","?","M","$","M","R","E","R","T","E","M","E","M","E","R","BOSS","R","$","E","BOSS"],"build_version":"2019-01-23","purchased_purges":2,"victory":false,"max_hp_per_floor":[85,85,85,85,85,85,85,92,92,92,92,92,92,92,92,92,92,92,92,92,92,92,92,92,92,92,94,96,96,98,100,100,100,100,100,102,104,104,106,106,108,108,108,110,112,112,114,116,116,116,116,116,116,116,116],"card_choices":[{"not_picked":["Sword Boomerang","Anger"],"picked":"Pommel Strike","floor":1.0},{"not_picked":["Headbutt","Immolate"],"picked":"Flame Barrier","floor":6.0},{"not_picked":["Flame Barrier","Dropkick","True Grit"],"picked":"SKIP","floor":8.0},{"not_picked":["Dropkick","True Grit"],"picked":"Flame Barrier","floor":8.0},{"not_picked":["Armaments","Wild Strike","Cleave"],"picked":"SKIP","floor":11.0},{"not_picked":["Reckless Charge","Havoc"],"picked":"Spot Weakness","floor":13.0},{"not_picked":["Combust","Rampage"],"picked":"Uppercut","floor":14.0},{"not_picked":["Demon Form","Limit Break"],"picked":"Reaper","floor":16.0},{"not_picked":["Whirlwind","Body Slam"],"picked":"Sword Boomerang","floor":17.0},{"not_picked":["Havoc","Heavy Blade","Cleave"],"picked":"SKIP","floor":18.0},{"not_picked":["Shockwave","Warcry"],"picked":"Battle Trance","floor":20.0},{"not_picked":["Twin Strike","Blood for Blood"],"picked":"Immolate","floor":21.0},{"not_picked":["Sever Soul+1","Hemokinesis"],"picked":"Offering","floor":24.0},{"not_picked":["Headbutt+1","Carnage","Warcry"],"picked":"Singing Bowl","floor":27.0},{"not_picked":["Havoc","Infernal Blade","Iron Wave"],"picked":"Singing Bowl","floor":28.0},{"not_picked":["Heavy Blade","Disarm","True Grit"],"picked":"Singing Bowl","floor":30.0},{"not_picked":["Disarm+1","Combust+1","Warcry"],"picked":"Singing Bowl","floor":31.0},{"not_picked":["Fiend Fire","Berserk+1"],"picked":"Exhume","floor":33.0},{"not_picked":[],"picked":"Spot Weakness+1","floor":35.0},{"not_picked":["Reckless Charge"],"picked":"Singing Bowl","floor":36.0},{"not_picked":["Pommel Strike+1"],"picked":"Singing Bowl","floor":37.0},{"not_picked":["Perfected Strike"],"picked":"Singing Bowl","floor":39.0},{"not_picked":["Rampage+1"],"picked":"Singing Bowl","floor":41.0},{"not_picked":["Flex","Perfected Strike"],"picked":"Singing Bowl","floor":44.0},{"not_picked":["Body Slam","Blood for Blood"],"picked":"Singing Bowl","floor":45.0},{"not_picked":["Perfected Strike"],"picked":"Entrench","floor":46.0},{"not_picked":["Clothesline+1","Pommel Strike+1"],"picked":"Singing Bowl","floor":47.0},{"not_picked":["Armaments","Entrench"],"picked":"Singing Bowl","floor":48.0},{"not_picked":["Power Through+1"],"picked":"Ghostly Armor","floor":54.0}],"player_experience":416439,"relics_obtained":[{"floor":6.0,"key":"Oddly Smooth Stone"},{"floor":8.0,"key":"Strawberry"},{"floor":9.0,"key":"Orichalcum"},{"floor":13.0,"key":"Pantograph"},{"floor":24.0,"key":"Frozen Egg 2"},{"floor":26.0,"key":"Singing Bowl"},{"floor":27.0,"key":"Paper Frog"},{"floor":31.0,"key":"Boot"},{"floor":41.0,"key":"Question Card"},{"floor":43.0,"key":"PreservedInsect"},{"floor":44.0,"key":"Omamori"},{"floor":46.0,"key":"Bird Faced Urn"},{"floor":48.0,"key":"Happy Flower"},{"floor":54.0,"key":"Lantern"}],"event_choices":[{"cards_removed":["Strike_R"],"damage_healed":0.0,"max_hp_gain":0.0,"max_hp_loss":0.0,"gold_gain":0.0,"event_name":"Golden Wing","player_choice":"Card Removal","floor":3.0,"gold_loss":0.0,"damage_taken":7.0},{"damage_healed":0.0,"max_hp_gain":0.0,"max_hp_loss":0.0,"gold_gain":0.0,"event_name":"Liars Game","player_choice":"Ignored","floor":4.0,"gold_loss":0.0,"damage_taken":0.0},{"damage_healed":0.0,"max_hp_gain":0.0,"max_hp_loss":0.0,"gold_gain":0.0,"event_name":"Living Wall","player_choice":"Grow","floor":5.0,"gold_loss":0.0,"damage_taken":0.0,"cards_upgraded":["Bash"]},{"damage_healed":0.0,"max_hp_gain":0.0,"max_hp_loss":0.0,"gold_gain":100.0,"event_name":"Golden Shrine","player_choice":"Pray","floor":12.0,"gold_loss":0.0,"damage_taken":0.0},{"damage_healed":0.0,"max_hp_gain":0.0,"max_hp_loss":0.0,"gold_gain":0.0,"event_name":"Drug Dealer","player_choice":"Inject Mutagens","floor":22.0,"gold_loss":0.0,"damage_taken":0.0,"relics_obtained":["MutagenicStrength"]},{"cards_removed":["Strike_R"],"damage_healed":0.0,"max_hp_gain":0.0,"max_hp_loss":0.0,"gold_gain":0.0,"event_name":"Wheel of Change","player_choice":"Card Removal","floor":29.0,"gold_loss":0.0,"damage_taken":0.0}],"is_beta":false,"boss_relics":[{"not_picked":["White Beast Statue","Philosopher\u0027s Stone"],"picked":"Orrery"},{"not_picked":["Empty Cage","Astrolabe"],"picked":"Busted Crown"}],"items_purged_floors":[10,38],"is_endless":false,"potions_floor_spawned":[6,14,20,21,24,28,35,37,39,46,47,54],"killed_by":"The Heart","ascension_level":13}