{"gold_per_floor":[111,111,30,30,30,63,63,90,114,146,146,1,11,22,22,126,156,173,96,109,109,129,129],"floor_reached":23,"playtime":1031,"items_purged":[],"score":217,"play_id":"dcb5c3e2-99a0-4292-b551-30c0b5874a0d","local_time":"20180821135457","is_ascension_mode":true,"campfire_choices":[{"data":"Blade Dance","floor":7,"key":"SMITH"},{"floor":11,"key":"REST"},{"data":"Accuracy","floor":15,"key":"SMITH"}],"neow_cost":"NONE","seed_source_timestamp":390452449384922,"circlet_count":0,"master_deck":["Defend_G","Defend_G","Defend_G","Defend_G","Defend_G","Strike_G+1","Strike_G","Strike_G","Strike_G","Survivor","Neutralize+1","Footwork","Dash","Blade Dance+1","Dagger Spray","Blade Dance","Terror","Accuracy+1","Bullet Time","Doubt","Decay","Parasite","Noxious Fumes","J.A.X.","Burst","All Out Attack","All Out Attack"],"relics":["White Beast Statue","Pen Nib","Whetstone","Strawberry","Bag of Preparation","Regal Pillow","Calling Bell","Tiny Chest","Question Card","Peace Pipe"],"potions_floor_usage":[8,10,18,20,22,23],"damage_taken":[{"damage":3,"enemies":"Jaw Worm","floor":1,"turns":4},{"damage":8,"enemies":"3 Sentries","floor":6,"turns":15},{"damage":16,"enemies":"Lagavulin","floor":8,"turns":8},{"damage":25,"enemies":"Gremlin Nob","floor":10,"turns":6},{"damage":2,"enemies":"Small Slimes","floor":13,"turns":2},{"damage":0,"enemies":"2 Louse","floor":14,"turns":2},{"damage":10,"enemies":"Slime Boss","floor":16,"turns":7},{"damage":1,"enemies":"Chosen","floor":18,"turns":5},{"damage":29,"enemies":"Spheric Guardian","floor":20,"turns":5},{"damage":43,"enemies":"Centurion and Healer","floor":22,"turns":7},{"damage":19,"enemies":"Gremlin Leader","floor":23,"turns":1}],"seed_played":"4168929754938953426","potions_obtained":[{"floor":1,"key":"Poison Potion"},{"floor":6,"key":"SkillPotion"},{"floor":8,"key":"Fire Potion"},{"floor":10,"key":"Energy Potion"},{"floor":13,"key":"Regen Potion"},{"floor":14,"key":"GhostInAJar"},{"floor":16,"key":"Weak Potion"},{"floor":18,"key":"Poison Potion"},{"floor":20,"key":"SneckoOil"},{"floor":22,"key":"Ancient Potion"}],"is_trial":false,"path_per_floor":["M","?","$","?","?","E","R","E","T","E","R","$","M","M","R","B",null,"M","?","M","?","M"],"character_chosen":"THE_SILENT","items_purchased":["Footwork","Regal Pillow"],"campfire_rested":1,"item_purchase_floors":[3,12],"current_hp_per_floor":[67,67,67,67,70,62,62,46,53,28,51,51,49,49,49,39,77,76,76,47,47,19,0],"gold":129,"neow_bonus":"BOSS_RELIC","is_prod":false,"is_daily":false,"chose_seed":false,"campfire_upgraded":2,"win_rate":0,"timestamp":1534881297,"path_taken":["M","?","$","?","?","E","R","E","T","E","R","?","M","?","R","BOSS","M","?","M","?","?","E"],"build_version":"2018-08-16","purchased_purges":0,"victory":false,"max_hp_per_floor":[70,70,70,70,70,70,70,70,77,77,77,77,77,77,77,77,77,77,77,77,77,77,77],"card_choices":[{"not_picked":["Dodge and Roll","Sucker Punch"],"picked":"Caltrops","floor":1},{"not_picked":["Reflex","All Out Attack"],"picked":"Blade Dance","floor":6},{"not_picked":["Calculated Gamble","Escape Plan"],"picked":"Dagger Spray","floor":8},{"not_picked":["Quick Slash","Noxious Fumes"],"picked":"Blade Dance","floor":10},{"not_picked":["Concentrate","Bouncing Flask"],"picked":"Terror","floor":13},{"not_picked":["Slice","Tactician"],"picked":"Accuracy","floor":14},{"not_picked":["Phantasmal Killer","Malaise"],"picked":"Bullet Time","floor":16},{"not_picked":["PiercingWail","Skewer","Backflip"],"picked":"Noxious Fumes","floor":18},{"not_picked":["Setup","Dagger Throw","Footwork"],"picked":"Burst","floor":20},{"not_picked":["Deflect+1","Bane+1","Choke"],"picked":"All Out Attack","floor":22}],"player_experience":290712,"relics_obtained":[{"floor":6,"key":"Pen Nib"},{"floor":8,"key":"Whetstone"},{"floor":9,"key":"Strawberry"},{"floor":10,"key":"Bag of Preparation"},{"floor":17,"key":"Tiny Chest"},{"floor":17,"key":"Question Card"},{"floor":17,"key":"Peace Pipe"}],"event_choices":[{"event_name":"Golden Wing","player_choice":"Ignored","floor":2,"damage_taken":0},{"event_name":"Living Wall","player_choice":"Change","floor":4,"damage_taken":0},{"event_name":"Bonfire Elementals","player_choice":"UNCOMMON","floor":5,"damage_taken":0},{"event_name":"Drug Dealer","player_choice":"Got JAXXED","floor":19,"damage_taken":0},{"event_name":"The Library","player_choice":"Read","floor":21,"damage_taken":0}],"is_beta":false,"boss_relics":[{"not_picked":["Eternal Feather","Philosopher\u0027s Stone"],"picked":"Calling Bell"}],"items_purged_floors":[],"is_endless":false,"potions_floor_spawned":[1,6,8,10,13,14,16,18,20,22],"killed_by":"Gremlin Leader","ascension_level":1}