{"gold_per_floor":[117,131,131,96,111,111,139,139,162,188,188],"floor_reached":11,"playtime":246,"items_purged":[],"score":97,"play_id":"864da681-1a1d-4429-a7a7-02f66a480806","local_time":"20181029215221","is_ascension_mode":true,"campfire_choices":[{"data":"Storm","floor":6,"key":"SMITH"},{"data":"Biased Cognition","floor":8,"key":"SMITH"}],"neow_cost":"PERCENT_DAMAGE","seed_source_timestamp":189118167931257,"circlet_count":0,"master_deck":["Strike_B","Strike_B","Strike_B","Strike_B","Defend_B","Defend_B","Defend_B","Defend_B","Zap","Dualcast","Biased Cognition+1","Storm+1","Seek","Conserve Battery","Steam","Storm"],"relics":["Cracked Core","Ancient Tea Set","Omamori","Molten Egg 2"],"potions_floor_usage":[10],"damage_taken":[{"damage":0,"enemies":"Cultist","floor":1,"turns":3},{"damage":0,"enemies":"Small Slimes","floor":2,"turns":2},{"damage":0,"enemies":"2 Louse","floor":5,"turns":1},{"damage":35,"enemies":"Gremlin Nob","floor":7,"turns":4},{"damage":27,"enemies":"3 Sentries","floor":10,"turns":5},{"damage":12,"enemies":"Large Slime","floor":11,"turns":1}],"seed_played":"1452942020286634274","potions_obtained":[{"floor":2,"key":"FocusPotion"}],"is_trial":false,"path_per_floor":["M","M","$","?","M","R","E","R","T","E"],"character_chosen":"DEFECT","items_purchased":[],"campfire_rested":0,"item_purchase_floors":[],"current_hp_per_floor":[54,54,54,72,72,72,37,37,37,10,0],"gold":188,"neow_bonus":"THREE_RARE_CARDS","is_prod":false,"is_daily":false,"chose_seed":false,"campfire_upgraded":2,"win_rate":0,"timestamp":1540864341,"path_taken":["M","?","$","?","M","R","E","R","T","E","M"],"build_version":"2018-10-29v2","purchased_purges":0,"victory":false,"max_hp_per_floor":[75,75,75,75,75,75,75,75,75,75,75],"card_choices":[{"not_picked":["Multi-Cast","Buffer"],"picked":"Biased Cognition","floor":0},{"not_picked":["Ball Lightning","Turbo"],"picked":"Storm","floor":1},{"not_picked":["Redo","Cold Snap"],"picked":"Seek","floor":2},{"not_picked":["Scrape","Double Energy"],"picked":"Conserve Battery","floor":5},{"not_picked":["Recycle","Stack"],"picked":"Steam","floor":7},{"not_picked":["White Noise","Beam Cell"],"picked":"Storm","floor":10}],"player_experience":423851,"relics_obtained":[{"floor":7,"key":"Ancient Tea Set"},{"floor":9,"key":"Omamori"},{"floor":10,"key":"Molten Egg 2"}],"event_choices":[{"damage_healed":18,"gold_gain":0,"player_choice":"Healed","damage_taken":0,"max_hp_gain":0,"max_hp_loss":0,"event_name":"The Cleric","floor":4,"gold_loss":35}],"is_beta":true,"boss_relics":[],"items_purged_floors":[],"is_endless":false,"potions_floor_spawned":[2],"killed_by":"Large Slime","ascension_level":4}