{"gold_per_floor":[116,116,303,329,32,42,58,58,84,102,57,57,85,110,110,110],"floor_reached":16,"playtime":1631,"items_purged":["Doubt"],"score":125,"play_id":"87a5d719-bcb8-46b1-9a70-e6a7b3dd27ad","local_time":"20181231114613","is_ascension_mode":false,"campfire_choices":[{"data":"Transmutation","floor":8,"key":"SMITH"},{"floor":15,"key":"REST"}],"neow_cost":"NONE","seed_source_timestamp":75865692934247,"circlet_count":0,"master_deck":["Strike_R","Strike_R","Strike_R","Strike_R","Defend_R","Defend_R","Defend_R","Defend_R","Bash","Feel No Pain","Corruption","Shrug It Off","Transmutation+1","Metallicize","Ghostly Armor","Clothesline","Uppercut"],"relics":["Burning Blood","MawBank","PreservedInsect","Odd Mushroom","Strawberry"],"potions_floor_usage":[16],"damage_taken":[{"damage":10,"enemies":"Jaw Worm","floor":1,"turns":6},{"damage":1,"enemies":"Cultist","floor":4,"turns":4},{"damage":0,"enemies":"Small Slimes","floor":6,"turns":5},{"damage":38,"enemies":"Exordium Wildlife","floor":7,"turns":9},{"damage":3,"enemies":"Large Slime","floor":10,"turns":25},{"damage":7,"enemies":"Looter","floor":11,"turns":5},{"damage":19,"enemies":"The Mushroom Lair","floor":13,"turns":7},{"damage":12,"enemies":"3 Sentries","floor":14,"turns":11},{"damage":76,"enemies":"Slime Boss","floor":16,"turns":16}],"seed_played":"-6891357847023083662","potions_obtained":[{"floor":1,"key":"SkillPotion"},{"floor":7,"key":"FairyPotion"},{"floor":13,"key":"Ancient Potion"}],"is_trial":false,"path_per_floor":["M","?","?","M","$","M","M","R","T","M","M","?","?","E","R","B"],"character_chosen":"IRONCLAD","items_purchased":["Shrug It Off","Transmutation"],"campfire_rested":1,"item_purchase_floors":[5,5],"current_hp_per_floor":[84,72,72,77,77,83,51,51,51,54,53,46,33,34,62,0],"gold":110,"neow_bonus":"TEN_PERCENT_HP_BONUS","is_prod":false,"is_daily":false,"chose_seed":false,"campfire_upgraded":1,"win_rate":0.0,"timestamp":1546285573,"path_taken":["M","?","?","M","?","M","M","R","T","M","?","?","?","E","R","BOSS"],"build_version":"2018-12-20","purchased_purges":1,"victory":false,"max_hp_per_floor":[88,88,88,88,88,88,88,88,88,88,88,88,88,95,95,95],"card_choices":[{"not_picked":["Sever Soul","Thunderclap"],"picked":"Feel No Pain","floor":1},{"not_picked":["Headbutt","Heavy Blade"],"picked":"Corruption","floor":4},{"not_picked":["Heavy Blade","Cleave"],"picked":"Metallicize","floor":6},{"not_picked":["Body Slam","Twin Strike"],"picked":"Ghostly Armor","floor":7},{"not_picked":["Body Slam","Hemokinesis","Perfected Strike"],"picked":"SKIP","floor":10},{"not_picked":["Infernal Blade","Intimidate"],"picked":"Clothesline","floor":11},{"not_picked":["Burning Pact","Ghostly Armor"],"picked":"Uppercut","floor":14}],"player_experience":9635,"relics_obtained":[{"floor":9,"key":"PreservedInsect"},{"floor":13,"key":"Odd Mushroom"},{"floor":14,"key":"Strawberry"}],"event_choices":[{"damage_healed":0,"gold_gain":0,"player_choice":"Success","damage_taken":12,"relics_obtained":["MawBank"],"max_hp_gain":0,"max_hp_loss":0,"event_name":"Scrap Ooze","floor":2,"gold_loss":0},{"damage_healed":0,"gold_gain":175,"player_choice":"AGREE","damage_taken":0,"max_hp_gain":0,"max_hp_loss":0,"event_name":"Liars Game","floor":3,"gold_loss":0,"cards_obtained":["Doubt"]},{"cards_removed":["Strike_R"],"damage_healed":0,"gold_gain":0,"player_choice":"Card Removal","damage_taken":7,"max_hp_gain":0,"max_hp_loss":0,"event_name":"Golden Wing","floor":12,"gold_loss":0},{"damage_healed":0,"gold_gain":0,"player_choice":"Fought Mushrooms","damage_taken":0,"max_hp_gain":0,"max_hp_loss":0,"event_name":"Mushrooms","floor":13,"gold_loss":0}],"is_beta":false,"boss_relics":[],"items_purged_floors":[5],"is_endless":false,"potions_floor_spawned":[1,7,13],"killed_by":"Slime Boss","ascension_level":0}