{"gold_per_floor":[117,45,56,131,131,158,158,158,235,16,37,37,61,76,76,200,200,216,210,210],"floor_reached":20,"playtime":645,"items_purged":["Regret"],"score":289,"play_id":"cbdfa237-92d5-4f2e-9ca2-fae92e01879d","local_time":"20190111172012","is_ascension_mode":true,"campfire_choices":[{"data":"Static Discharge","floor":7,"key":"SMITH"},{"data":"Self Repair","floor":12,"key":"SMITH"},{"data":"Darkness","floor":15,"key":"SMITH"}],"neow_cost":"NONE","seed_source_timestamp":123540861033078,"circlet_count":0,"master_deck":["Strike_B","Strike_B","Defend_B","Defend_B","Defend_B","Defend_B","Zap","Dualcast","Force Field","Self Repair+1","Coolheaded","Static Discharge+1","Coolheaded","Darkness+1","Echo Form","Hologram","Redo"],"relics":["Cracked Core","NeowsBlessing","Potion Belt","Dodecahedron","Golden Idol","Letter Opener","Omamori","Empty Cage"],"potions_floor_usage":[13,16,20,20],"damage_taken":[{"damage":0,"enemies":"2 Louse","floor":1,"turns":1},{"damage":0,"enemies":"Small Slimes","floor":3,"turns":1},{"damage":0,"enemies":"Lagavulin","floor":6,"turns":1},{"damage":0,"enemies":"Jaw Worm","floor":11,"turns":4},{"damage":7,"enemies":"Exordium Wildlife","floor":13,"turns":5},{"damage":12,"enemies":"Large Slime","floor":14,"turns":7},{"damage":37,"enemies":"The Guardian","floor":16,"turns":14},{"damage":16,"enemies":"Shell Parasite","floor":18,"turns":6},{"damage":35,"enemies":"2 Thieves","floor":19,"turns":5},{"damage":36,"enemies":"Masked Bandits","floor":20,"turns":3}],"seed_played":"-8503188301456387875","potions_obtained":[{"floor":1,"key":"Fire Potion"},{"floor":11,"key":"EssenceOfSteel"},{"floor":14,"key":"Ancient Potion"},{"floor":18,"key":"Strength Potion"},{"floor":19,"key":"Explosive Potion"}],"is_trial":false,"path_per_floor":["M","$","M","?","?","E","R","?","T","$","M","R","M","M","R","B",null,"M","M","?"],"character_chosen":"DEFECT","items_purchased":["Self Repair","Omamori"],"campfire_rested":0,"item_purchase_floors":[2,10],"current_hp_per_floor":[68,68,68,57,57,57,57,39,39,39,46,46,49,47,47,20,61,65,40,4],"gold":210,"neow_bonus":"THREE_ENEMY_KILL","is_prod":false,"is_daily":false,"chose_seed":false,"campfire_upgraded":3,"win_rate":0,"timestamp":1547245212,"path_taken":["M","$","M","?","?","E","R","?","T","?","M","R","?","M","R","BOSS","M","M","?"],"build_version":"2019-01-10","purchased_purges":1,"victory":false,"max_hp_per_floor":[75,75,75,75,75,75,75,75,75,75,75,75,75,75,75,75,75,75,75,75],"card_choices":[{"not_picked":["Recycle","Go for the Eyes"],"picked":"Force Field","floor":1},{"not_picked":["Streamline","Conserve Battery"],"picked":"Coolheaded","floor":3},{"not_picked":["Fusion","Chill"],"picked":"Static Discharge","floor":6},{"not_picked":["Stack","Genetic Algorithm","Lockon"],"picked":"SKIP","floor":11},{"not_picked":["Self Repair","Streamline"],"picked":"Coolheaded","floor":13},{"not_picked":["Cold Snap","Hologram"],"picked":"Darkness","floor":14},{"not_picked":["Meteor Strike","Amplify"],"picked":"Echo Form","floor":16},{"not_picked":["Lockon","FTL"],"picked":"Hologram","floor":18},{"not_picked":["Hello World+1","Beam Cell"],"picked":"Redo","floor":19}],"player_experience":499737,"relics_obtained":[{"floor":6,"key":"Dodecahedron"},{"floor":9,"key":"Letter Opener"}],"event_choices":[{"damage_healed":0,"gold_gain":75,"player_choice":"Gather Gold","damage_taken":11,"max_hp_gain":0,"max_hp_loss":0,"event_name":"World of Goop","floor":4,"gold_loss":0},{"damage_healed":0,"gold_gain":0,"player_choice":"Box","damage_taken":0,"relics_obtained":["Potion Belt"],"max_hp_gain":0,"max_hp_loss":0,"event_name":"Big Fish","floor":5,"gold_loss":0,"cards_obtained":["Regret"]},{"damage_healed":0,"gold_gain":0,"player_choice":"Take Damage","damage_taken":18,"relics_obtained":["Golden Idol"],"max_hp_gain":0,"max_hp_loss":0,"event_name":"Golden Idol","floor":8,"gold_loss":0},{"damage_healed":0,"gold_gain":0,"player_choice":"Fought Bandits","damage_taken":0,"max_hp_gain":0,"max_hp_loss":0,"event_name":"Masked Bandits","floor":20,"gold_loss":0}],"is_beta":true,"boss_relics":[{"not_picked":["Velvet Choker","Black Star"],"picked":"Empty Cage"}],"items_purged_floors":[10],"is_endless":false,"potions_floor_spawned":[1,11,14,18,19],"killed_by":"Masked Bandits","ascension_level":9}