{"gold_per_floor":[114,114,125,140,150,180,10,27,27,27,55,55,55,6,6,101,101,118,118,135,147,158,158],"floor_reached":23,"playtime":1577,"items_purged":[],"score":203,"play_id":"39967789-37f1-4c3c-8e76-2cb08028df7f","local_time":"20190316124930","is_ascension_mode":false,"campfire_choices":[{"data":"Barricade","floor":10,"key":"SMITH"},{"data":"Fire Breathing","floor":15,"key":"SMITH"}],"neow_cost":"NONE","seed_source_timestamp":47309781831489,"circlet_count":0,"master_deck":["Strike_R","Strike_R","Strike_R","Strike_R","Strike_R","Defend_R","Defend_R","Defend_R","Defend_R","Bash","Corruption","Cleave","Barricade+1","Warcry","Clash","Fire Breathing+1","Shrug It Off","Reckless Charge","Clash","Sentinel","Armaments","Dark Embrace","Entrench+1","Flame Barrier","True Grit","Clash+1"],"relics":["Burning Blood","Dream Catcher","Ornamental Fan","Vajra","Pantograph","Runic Pyramid","Enchiridion"],"potions_floor_usage":[5,16,20,20,23],"damage_taken":[{"damage":7,"enemies":"Small Slimes","floor":1,"turns":5},{"damage":6,"enemies":"Cultist","floor":3,"turns":3},{"damage":8,"enemies":"Jaw Worm","floor":4,"turns":4},{"damage":11,"enemies":"Red Slaver","floor":5,"turns":3},{"damage":34,"enemies":"Gremlin Nob","floor":6,"turns":5},{"damage":0,"enemies":"Large Slime","floor":8,"turns":6},{"damage":18,"enemies":"Lagavulin","floor":11,"turns":7},{"damage":45,"enemies":"The Guardian","floor":16,"turns":9},{"damage":6,"enemies":"Chosen","floor":18,"turns":5},{"damage":25,"enemies":"2 Thieves","floor":20,"turns":5},{"damage":29,"enemies":"Sentry and Sphere","floor":21,"turns":7},{"damage":1,"enemies":"Chosen and Byrds","floor":22,"turns":6},{"damage":31,"enemies":"Book of Stabbing","floor":23,"turns":8}],"seed_played":"3483026557484406272","potions_obtained":[{"floor":1,"key":"FearPotion"},{"floor":3,"key":"AttackPotion"},{"floor":11,"key":"SkillPotion"},{"floor":16,"key":"Energy Potion"},{"floor":20,"key":"Weak Potion"},{"floor":22,"key":"Ancient Potion"}],"is_trial":false,"path_per_floor":["?","M","T","?","$","?"],"character_chosen":"IRONCLAD","items_purchased":["Fire Breathing","Shrug It Off","Reckless Charge","Armaments"],"campfire_rested":0,"item_purchase_floors":[7,7,7,14],"current_hp_per_floor":[79,80,80,78,73,45,45,51,51,51,39,39,39,39,39,25,80,80,64,45,22,27,0],"gold":158,"neow_bonus":"RANDOM_COLORLESS","is_prod":false,"is_daily":false,"chose_seed":false,"campfire_upgraded":2,"win_rate":0,"timestamp":1552754970,"path_taken":["M","?","M","?","M","E","$","M","T","R","E","?","?","?","R","BOSS","M","?","M","M","M","E"],"build_version":"2019-01-23","purchased_purges":0,"victory":false,"max_hp_per_floor":[80,80,80,80,80,80,80,80,80,80,80,80,80,80,80,80,80,80,80,80,80,80,80],"card_choices":[{"not_picked":["Warcry","Searing Blow"],"picked":"Corruption","floor":1},{"not_picked":["Heavy Blade","Iron Wave"],"picked":"Cleave","floor":3},{"not_picked":["Inflame","Flex"],"picked":"Barricade","floor":4},{"not_picked":["Twin Strike","Pommel Strike"],"picked":"Warcry","floor":5},{"not_picked":["Immolate","Searing Blow"],"picked":"Clash","floor":6},{"not_picked":["Flex","Disarm"],"picked":"Clash","floor":8},{"not_picked":["Spot Weakness","Sever Soul"],"picked":"Sentinel","floor":11},{"not_picked":["Demon Form","Fiend Fire"],"picked":"Dark Embrace","floor":16},{"not_picked":["Iron Wave","Body Slam+1"],"picked":"Entrench+1","floor":18},{"not_picked":["Reckless Charge","Burning Pact"],"picked":"Flame Barrier","floor":20},{"not_picked":["Thunderclap","Clothesline"],"picked":"True Grit","floor":21},{"not_picked":["Thunderclap+1","Clothesline+1"],"picked":"Clash+1","floor":22}],"player_experience":677620,"relics_obtained":[{"floor":6,"key":"Dream Catcher"},{"floor":9,"key":"Ornamental Fan"},{"floor":11,"key":"Vajra"},{"floor":12,"key":"Pantograph"},{"floor":19,"key":"Enchiridion"}],"event_choices":[{"damage_healed":1,"gold_gain":0,"player_choice":"Full Heal","damage_taken":0,"max_hp_gain":0,"max_hp_loss":0,"event_name":"Wheel of Change","floor":2,"gold_loss":0},{"cards_removed":["Purity"],"damage_healed":0,"gold_gain":0,"player_choice":"Forget","damage_taken":0,"max_hp_gain":0,"max_hp_loss":0,"event_name":"Living Wall","floor":13,"gold_loss":0},{"damage_healed":0,"gold_gain":0,"player_choice":"Obtained Book","damage_taken":16,"max_hp_gain":0,"max_hp_loss":0,"event_name":"Cursed Tome","floor":19,"gold_loss":0}],"is_beta":false,"boss_relics":[{"not_picked":["Tiny House","Runic Dome"],"picked":"Runic Pyramid"}],"items_purged_floors":[],"is_endless":false,"potions_floor_spawned":[1,3,11,16,20,22],"killed_by":"Book of Stabbing","ascension_level":0}