{"gold_per_floor":[110,110,124,136,35,0,28,42,93,93,114,39,50,63,63,168,168,179,179,189,200,219,219,219,39,64,64,64,64,90,90,90,192,192,202,202,202,216,41,41,68,68,68,96,110,110,120,120,120,120],"floor_reached":50,"playtime":2277,"items_purged":["Regret"],"score":647,"play_id":"68dd4082-758b-4c34-ad44-e9f89dc56c3f","local_time":"20180908015830","is_ascension_mode":true,"campfire_choices":[{"floor":10,"key":"REST"},{"floor":15,"key":"REST"},{"floor":23,"key":"REST"},{"floor":27,"key":"REST"},{"floor":29,"key":"REST"},{"floor":32,"key":"REST"},{"floor":40,"key":"REST"},{"floor":42,"key":"REST"},{"floor":46,"key":"REST"},{"floor":49,"key":"REST"}],"neow_cost":"","seed_source_timestamp":195136669728445,"circlet_count":0,"master_deck":["Strike_B","Strike_B","Defend_B","Defend_B","Defend_B","Defend_B","Zap","Dualcast","Defragment","Ball Lightning","Coolheaded","Defragment","Coolheaded","Steam","Conserve Battery","Genetic Algorithm","Hologram","Electrodynamics","Chaos","Loop","Ball Lightning+1","Force Field","Static Discharge","Redo","Thunder Strike","Self Repair","Good Instincts","Redo","Rainbow","FTL+1","Sweeping Beam+1","Self Repair","FTL","Redo","Lockon+1","Turbo+1","Defragment+1","Ball Lightning+1"],"relics":["Cracked Core","Darkstone Periapt","Oddly Smooth Stone","Omamori","Odd Mushroom","Fusion Hammer","Cables","Potion Belt","Enchiridion","Blood Vial","Snecko Eye","Art of War","Gremlin Horn","Anchor"],"potions_floor_usage":[7,16,20,30,41,41,41,45],"damage_taken":[{"damage":0,"enemies":"2 Louse","floor":1,"turns":1},{"damage":7,"enemies":"Small Slimes","floor":3,"turns":3},{"damage":3,"enemies":"Cultist","floor":4,"turns":3},{"damage":26,"enemies":"3 Sentries","floor":7,"turns":7},{"damage":8,"enemies":"Looter","floor":8,"turns":3},{"damage":28,"enemies":"The Mushroom Lair","floor":11,"turns":5},{"damage":0,"enemies":"Exordium Wildlife","floor":13,"turns":5},{"damage":5,"enemies":"Blue Slaver","floor":14,"turns":3},{"damage":28,"enemies":"The Guardian","floor":16,"turns":13},{"damage":7,"enemies":"Shell Parasite","floor":18,"turns":6},{"damage":8,"enemies":"3 Byrds","floor":20,"turns":2},{"damage":0,"enemies":"3 Cultists","floor":21,"turns":3},{"damage":19,"enemies":"Snake Plant","floor":22,"turns":4},{"damage":13,"enemies":"Book of Stabbing","floor":30,"turns":5},{"damage":56,"enemies":"Collector","floor":33,"turns":8},{"damage":22,"enemies":"3 Darklings","floor":35,"turns":5},{"damage":24,"enemies":"3 Shapes","floor":38,"turns":4},{"damage":41,"enemies":"Nemesis","floor":41,"turns":7},{"damage":40,"enemies":"2 Orb Walkers","floor":44,"turns":3},{"damage":4,"enemies":"Reptomancer","floor":45,"turns":4},{"damage":1,"enemies":"3 Darklings","floor":47,"turns":3},{"damage":97,"enemies":"Donu and Deca","floor":50,"turns":6}],"seed_played":"560737337","potions_obtained":[{"floor":1,"key":"Energy Potion"},{"floor":8,"key":"SteroidPotion"},{"floor":13,"key":"AttackPotion"},{"floor":16,"key":"SteroidPotion"},{"floor":21,"key":"Swift Potion"},{"floor":33,"key":"SpeedPotion"},{"floor":38,"key":"Dexterity Potion"},{"floor":44,"key":"PowerPotion"},{"floor":45,"key":"Poison Potion"}],"is_trial":true,"path_per_floor":["M","?","M","M","$","?","E","M","T","R","?","$","M","M","R","B",null,"M","T","M","M","M","R","?","$","T","R","?","R","E","?","R","B",null,"M","?","$","M","$","R","E","R","T","E","M","R","M","?","R"],"character_chosen":"DEFECT","items_purchased":["Defragment","Coolheaded","Static Discharge","Redo","Discovery","Self Repair","FTL","Redo"],"campfire_rested":10,"item_purchase_floors":[5,5,25,25,25,39,39,39],"current_hp_per_floor":[75,81,74,71,71,71,45,37,37,61,33,33,33,28,52,24,81,74,74,66,66,47,71,56,56,56,81,65,86,73,73,86,30,86,64,64,64,49,49,74,49,74,74,50,55,80,86,86,86,0],"gold":120,"neow_bonus":"","is_prod":false,"is_daily":false,"chose_seed":true,"campfire_upgraded":0,"win_rate":0,"timestamp":1536393510,"path_taken":["M","?","?","M","$","?","E","M","T","R","?","?","M","M","R","BOSS","M","?","M","M","M","R","?","$","T","R","?","R","E","?","R","BOSS","M","?","$","M","$","R","E","R","T","E","?","R","M","?","R","BOSS"],"build_version":"2018-09-06","purchased_purges":1,"victory":false,"max_hp_per_floor":[75,81,81,81,81,81,81,81,81,81,81,81,81,81,81,81,81,81,81,81,81,81,81,86,86,86,86,86,86,86,86,86,86,86,86,86,86,86,86,86,86,86,86,86,86,86,86,86,86,86],"card_choices":[{"not_picked":["Sweeping Beam","Leap"],"picked":"Defragment","floor":1},{"not_picked":["Stack","Gash"],"picked":"Ball Lightning","floor":3},{"not_picked":["Rebound","Ball Lightning"],"picked":"Coolheaded","floor":4},{"not_picked":["Leap","Compile Driver"],"picked":"Cold Snap","floor":7},{"not_picked":["Conserve Battery","Glacier"],"picked":"Steam","floor":8},{"not_picked":["Heatsinks","Biased Cognition"],"picked":"Conserve Battery","floor":11},{"not_picked":["Compile Driver","Double Energy"],"picked":"Genetic Algorithm","floor":13},{"not_picked":["Compile Driver","Streamline"],"picked":"Hologram","floor":14},{"not_picked":["Meteor Strike","Fission"],"picked":"Electrodynamics","floor":16},{"not_picked":["Beam Cell","Steam"],"picked":"Chaos","floor":18},{"not_picked":["Sunder","Barrage"],"picked":"Loop","floor":20},{"not_picked":["Turbo","Steam Power"],"picked":"Ball Lightning+1","floor":21},{"not_picked":["Ball Lightning","FTL"],"picked":"Force Field","floor":22},{"not_picked":["Hologram+1","Leap+1"],"picked":"Thunder Strike","floor":30},{"not_picked":["Fission","All For One"],"picked":"Rainbow","floor":33},{"not_picked":["Gash","Go for the Eyes"],"picked":"FTL+1","floor":35},{"not_picked":["Ball Lightning","Steam+1"],"picked":"Sweeping Beam+1","floor":38},{"not_picked":["Leap","Steam+1"],"picked":"Lockon+1","floor":41},{"not_picked":["Melter+1","Redo+1"],"picked":"Turbo+1","floor":44},{"not_picked":["Stack+1","Self Repair+1"],"picked":"Defragment+1","floor":45},{"not_picked":["Core Surge","Go for the Eyes"],"picked":"Ball Lightning+1","floor":47}],"player_experience":485537,"relics_obtained":[{"floor":7,"key":"Oddly Smooth Stone"},{"floor":9,"key":"Omamori"},{"floor":11,"key":"Odd Mushroom"},{"floor":19,"key":"Cables"},{"floor":26,"key":"Potion Belt"},{"floor":28,"key":"Enchiridion"},{"floor":30,"key":"Blood Vial"},{"floor":41,"key":"Art of War"},{"floor":43,"key":"Gremlin Horn"},{"floor":44,"key":"Anchor"}],"event_choices":[{"event_name":"Big Fish","player_choice":"Box","floor":2,"damage_taken":0},{"event_name":"World of Goop","player_choice":"Left","floor":6,"damage_taken":0},{"event_name":"Mushrooms","player_choice":"Fought Mushrooms","floor":11,"damage_taken":0},{"event_name":"Forgotten Altar","player_choice":"Shed Blood","floor":24,"damage_taken":0},{"event_name":"Cursed Tome","player_choice":"Obtained Book","floor":28,"damage_taken":0},{"event_name":"Drug Dealer","player_choice":"Became Test Subject","floor":31,"damage_taken":0},{"event_name":"Mysterious Sphere","player_choice":"Ignore","floor":36,"damage_taken":0},{"event_name":"Bonfire Elementals","player_choice":"BASIC","floor":48,"damage_taken":0}],"is_beta":false,"boss_relics":[{"not_picked":["Orrery","Pandora\u0027s Box"],"picked":"Fusion Hammer"},{"not_picked":["Busted Crown","Lizard Tail"],"picked":"Snecko Eye"}],"items_purged_floors":[12],"is_endless":false,"potions_floor_spawned":[1,8,13,16,21,33,38,44,45],"killed_by":"Donu and Deca","ascension_level":4}