{"gold_per_floor":[360,360,379,379,265,265,280,38,38,38,18,56,131,144,144,264,264,248,173,173,173,0,0,0,25,52,52,52,52,83,98,98,98],"floor_reached":33,"playtime":1571,"items_purged":["Strike_G","Strike_G"],"score":259,"play_id":"f92efa7f-7b75-4c7d-967d-f47f2d9c110d","local_time":"20190105194640","is_ascension_mode":false,"campfire_choices":[{"data":"Backstab","floor":6.0,"key":"SMITH"},{"data":"Neutralize","floor":10.0,"key":"SMITH"},{"floor":15.0,"key":"REST"},{"data":"Envenom","floor":23.0,"key":"SMITH"},{"floor":32.0,"key":"REST"}],"neow_cost":"TEN_PERCENT_HP_LOSS","seed_source_timestamp":356480568876428,"circlet_count":0,"master_deck":["Defend_G","Defend_G","Defend_G","Defend_G","Defend_G","Strike_G","Survivor","Neutralize+1","Blade Dance+1","Well Laid Plans","Backstab+1","Infinite Blades","Acrobatics","Envenom+1","Prepared","Burst","PiercingWail+1"],"special_seed":0,"relics":["Ring of the Snake","Golden Idol","Membership Card","Nunchaku","Blood Vial","Sozu","WingedGreaves","OrangePellets","Snake Skull","PreservedInsect","Pen Nib","Darkstone Periapt"],"potions_floor_usage":[],"damage_taken":[{"damage":0.0,"enemies":"Small Slimes","floor":1.0,"turns":4.0},{"damage":0.0,"enemies":"2 Louse","floor":3.0,"turns":2.0},{"damage":0.0,"enemies":"Jaw Worm","floor":7.0,"turns":2.0},{"damage":12.0,"enemies":"Lagavulin","floor":12.0,"turns":10.0},{"damage":0.0,"enemies":"2 Fungi Beasts","floor":14.0,"turns":4.0},{"damage":43.0,"enemies":"Slime Boss","floor":16.0,"turns":13.0},{"damage":14.0,"enemies":"2 Thieves","floor":18.0,"turns":4.0},{"damage":11.0,"enemies":"Spheric Guardian","floor":25.0,"turns":4.0},{"damage":19.0,"enemies":"Colosseum Slavers","floor":28.0,"turns":4.0},{"damage":2.0,"enemies":"Book of Stabbing","floor":30.0,"turns":5.0},{"damage":23.0,"enemies":"Snake Plant","floor":31.0,"turns":5.0},{"damage":19,"enemies":"Collector","floor":33,"turns":5}],"seed_played":"-5038591269173976509","potions_obtained":[{"floor":3.0,"key":"Weak Potion"},{"floor":16.0,"key":"Regen Potion"}],"is_trial":false,"path_per_floor":["M","?","M","?","$","R","M","$","T","R","$","E","?","M","R","B",null,"M","?","?","T","$","R","?","M","T","?","?","$","E","M","R","B"],"character_chosen":"THE_SILENT","items_purchased":["Backstab","Membership Card","Infinite Blades","OrangePellets","Snake Skull"],"campfire_rested":2,"item_purchase_floors":[5,8,11,22,22],"current_hp_per_floor":[63,63,63,48,48,48,48,48,48,48,48,36,30,32,50,9,63,49,49,49,49,49,49,49,40,40,40,32,32,32,11,29,12],"gold":98,"neow_bonus":"TWO_FIFTY_GOLD","is_prod":false,"is_daily":false,"chose_seed":false,"campfire_upgraded":3,"win_rate":0,"timestamp":1546746400,"path_taken":["M","?","M","?","$","R","M","?","T","R","$","E","?","?","R","BOSS","M","?","?","?","$","R","?","M","T","?","?","?","E","M","R","BOSS"],"build_version":"2019-01-03v4","purchased_purges":2,"victory":false,"max_hp_per_floor":[63,63,63,63,63,63,63,63,63,63,63,63,63,63,63,63,63,63,63,63,63,63,63,63,63,63,63,63,63,63,63,63,63],"card_choices":[{"not_picked":["Poisoned Stab","Bane"],"picked":"Blade Dance","floor":1.0},{"not_picked":["Dash","Flying Knee"],"picked":"Well Laid Plans","floor":3.0},{"not_picked":["Deadly Poison","Terror","Poisoned Stab"],"picked":"SKIP","floor":7.0},{"not_picked":["Concentrate","Slice","Deflect"],"picked":"SKIP","floor":12.0},{"not_picked":["Riddle With Holes","Storm of Steel"],"picked":"Acrobatics","floor":14.0},{"not_picked":["Doppelganger","Grand Finale"],"picked":"Envenom","floor":16.0},{"not_picked":["Skewer","Slice+1","Deadly Poison"],"picked":"SKIP","floor":18.0},{"not_picked":["Dodge and Roll","Reflex"],"picked":"Prepared","floor":25.0},{"not_picked":["PiercingWail","Endless Agony"],"picked":"Burst","floor":30.0},{"not_picked":["Expertise","Riddle With Holes+1"],"picked":"PiercingWail+1","floor":31.0}],"player_experience":113838,"relics_obtained":[{"floor":9.0,"key":"Nunchaku"},{"floor":12.0,"key":"Blood Vial"},{"floor":21.0,"key":"WingedGreaves"},{"floor":26.0,"key":"PreservedInsect"},{"floor":30.0,"key":"Darkstone Periapt"}],"event_choices":[{"damage_healed":0.0,"max_hp_gain":0.0,"max_hp_loss":0.0,"gold_gain":0.0,"event_name":"Living Wall","player_choice":"Grow","floor":2.0,"gold_loss":0.0,"damage_taken":0.0,"cards_upgraded":["Blade Dance"]},{"damage_healed":0.0,"max_hp_gain":0.0,"max_hp_loss":0.0,"gold_gain":0.0,"event_name":"Golden Idol","player_choice":"Take Damage","floor":4.0,"gold_loss":0.0,"damage_taken":15.0,"relics_obtained":["Golden Idol"]},{"damage_healed":0.0,"max_hp_gain":0.0,"max_hp_loss":0.0,"gold_gain":75.0,"event_name":"FaceTrader","player_choice":"Touch","floor":13.0,"gold_loss":0.0,"damage_taken":6.0},{"cards_removed":["Strike_G"],"damage_healed":0.0,"max_hp_gain":0.0,"max_hp_loss":0.0,"gold_gain":0.0,"event_name":"Beggar","player_choice":"Gave Gold","floor":19.0,"gold_loss":75.0,"damage_taken":0.0},{"cards_removed":["Strike_G"],"damage_healed":0.0,"max_hp_gain":0.0,"max_hp_loss":0.0,"gold_gain":0.0,"event_name":"Back to Basics","player_choice":"Elegance","floor":20.0,"gold_loss":0.0,"damage_taken":0.0},{"damage_healed":0.0,"max_hp_gain":0.0,"max_hp_loss":0.0,"gold_gain":0.0,"event_name":"Vampires","player_choice":"Ignored","floor":24.0,"gold_loss":0.0,"damage_taken":0.0},{"damage_healed":0.0,"max_hp_gain":0.0,"max_hp_loss":0.0,"gold_gain":0.0,"event_name":"The Mausoleum","player_choice":"Opened","floor":27.0,"gold_loss":0.0,"damage_taken":0.0,"relics_obtained":["Pen Nib"]},{"damage_healed":0.0,"max_hp_gain":0.0,"max_hp_loss":0.0,"gold_gain":0.0,"event_name":"Colosseum","player_choice":"Fight","floor":28.0,"gold_loss":0.0,"damage_taken":0.0},{"damage_healed":0.0,"max_hp_gain":0.0,"max_hp_loss":0.0,"gold_gain":0.0,"event_name":"Colosseum","player_choice":"Fled From Nobs","floor":28.0,"gold_loss":0.0,"damage_taken":0.0}],"is_beta":false,"boss_relics":[{"not_picked":["Runic Pyramid","Fusion Hammer"],"picked":"Sozu"}],"items_purged_floors":[5,8],"is_endless":false,"potions_floor_spawned":[3,16,25,28],"killed_by":"Collector","ascension_level":0}