{"gold_per_floor":[18,35,110,130,144,144,170,189,241,35,35,35,48,78,78,179,179,194,207,223,64,64],"floor_reached":22,"playtime":1730,"items_purged":[],"score":248,"play_id":"31ed6069-0d38-47b2-b142-ad7450994684","local_time":"20190319001053","is_ascension_mode":true,"campfire_choices":[{"data":"Zap","floor":6,"key":"SMITH"},{"floor":12,"key":"REST"},{"floor":15,"key":"REST"}],"neow_cost":"NO_GOLD","seed_source_timestamp":260837927458943,"circlet_count":0,"master_deck":["Strike_B","Defend_B","Defend_B","Defend_B","Zap+1","Dualcast","Seek","Hello World","Conserve Battery","Gash","Redo","Go for the Eyes","Leap","Electrodynamics","Leap","Cold Snap","White Noise","Biased Cognition","Melter+1","Rip and Tear+1","Static Discharge+1","Undo","Self Repair","Defragment","Bandage Up"],"relics":["Cracked Core","Pocketwatch","DataDisk","Blue Candle","Astrolabe"],"potions_floor_usage":[],"damage_taken":[{"damage":0,"enemies":"2 Louse","floor":1,"turns":2},{"damage":7,"enemies":"Jaw Worm","floor":2,"turns":4},{"damage":0,"enemies":"Small Slimes","floor":4,"turns":4},{"damage":6,"enemies":"Blue Slaver","floor":5,"turns":3},{"damage":14,"enemies":"Lagavulin","floor":7,"turns":6},{"damage":8,"enemies":"Large Slime","floor":8,"turns":5},{"damage":1,"enemies":"2 Fungi Beasts","floor":13,"turns":2},{"damage":20,"enemies":"Gremlin Nob","floor":14,"turns":4},{"damage":29,"enemies":"The Guardian","floor":16,"turns":11},{"damage":12,"enemies":"Shell Parasite","floor":18,"turns":2},{"damage":0,"enemies":"3 Byrds","floor":19,"turns":1},{"damage":40,"enemies":"Shelled Parasite and Fungi","floor":20,"turns":5}],"seed_played":"-4641029617297923916","potions_obtained":[{"floor":2,"key":"Poison Potion"},{"floor":4,"key":"Ancient Potion"},{"floor":7,"key":"FearPotion"},{"floor":13,"key":"Explosive Potion"},{"floor":16,"key":"Energy Potion"}],"is_trial":false,"path_per_floor":["?","?","?"],"character_chosen":"DEFECT","items_purchased":["Electrodynamics","Leap","Defragment","Bandage Up"],"campfire_rested":2,"item_purchase_floors":[10,10,21,21],"current_hp_per_floor":[75,68,57,57,51,51,37,29,29,29,22,44,43,23,45,16,60,48,48,8,8,0],"gold":64,"neow_bonus":"THREE_RARE_CARDS","is_prod":false,"is_daily":false,"chose_seed":false,"campfire_upgraded":1,"win_rate":0,"timestamp":1552968653,"path_taken":["M","M","?","M","M","R","E","M","T","$","?","R","M","E","R","BOSS","M","M","M","$","?"],"build_version":"2019-01-23","purchased_purges":0,"victory":false,"max_hp_per_floor":[75,75,75,75,75,75,75,75,75,75,75,75,75,75,75,75,75,75,75,75,75,80],"card_choices":[{"not_picked":["Amplify","Reboot"],"picked":"Seek","floor":0},{"not_picked":["Redo","Aggregate"],"picked":"Hello World","floor":1},{"not_picked":["Hello World","Rebound"],"picked":"Conserve Battery","floor":2},{"not_picked":["Darkness","Sweeping Beam"],"picked":"Gash","floor":4},{"not_picked":["Lockon","Streamline"],"picked":"Redo","floor":5},{"not_picked":["Rebound","Skim"],"picked":"Go for the Eyes","floor":7},{"not_picked":["Storm","Rebound"],"picked":"Leap","floor":8},{"not_picked":["Barrage","Coolheaded"],"picked":"Cold Snap","floor":13},{"not_picked":["Consume","Streamline"],"picked":"White Noise","floor":14},{"not_picked":["Amplify","Core Surge"],"picked":"Biased Cognition","floor":16},{"not_picked":["Rebound","Doom and Gloom"],"picked":"Undo","floor":18},{"not_picked":["Redo","Sweeping Beam","Coolheaded"],"picked":"SKIP","floor":19},{"not_picked":["Ball Lightning","Beam Cell"],"picked":"Self Repair","floor":20}],"player_experience":782296,"relics_obtained":[{"floor":7,"key":"Pocketwatch"},{"floor":9,"key":"DataDisk"},{"floor":14,"key":"Blue Candle"}],"event_choices":[{"damage_healed":0,"gold_gain":75,"player_choice":"Gather Gold","damage_taken":11,"max_hp_gain":0,"max_hp_loss":0,"event_name":"World of Goop","floor":3,"gold_loss":0},{"cards_removed":["Strike_B"],"damage_healed":0,"gold_gain":0,"player_choice":"Card Removal","damage_taken":7,"max_hp_gain":0,"max_hp_loss":0,"event_name":"Golden Wing","floor":11,"gold_loss":0}],"is_beta":false,"boss_relics":[{"not_picked":["Coffee Dripper","Cursed Key"],"picked":"Astrolabe"}],"items_purged_floors":[],"is_endless":false,"potions_floor_spawned":[2,4,7,13,16,18,19],"ascension_level":5}