{"gold_per_floor":[118,12,27,27,27,62,62,95,95,95,129,142,142,160,160,256,256,276,31,31,52,16,16,57,57,57,57,82,113,113,149,149,239,239,257,270,1269,1159,538,572,572,572],"floor_reached":42,"playtime":3002,"items_purged":["Normality"],"score":993,"play_id":"ee17c4cd-2e46-4b45-a32f-2957c037d48a","local_time":"20190407144332","is_ascension_mode":true,"campfire_choices":[{"data":"Noxious Fumes","floor":7,"key":"SMITH"},{"floor":10,"key":"REST"},{"data":"Deadly Poison","floor":15,"key":"SMITH"},{"data":"Backstab","floor":23,"key":"SMITH"},{"data":"Dodge and Roll","floor":25,"key":"SMITH"},{"data":"Leg Sweep","floor":27,"key":"SMITH"},{"floor":32,"key":"REST"},{"data":"Leg Sweep","floor":41,"key":"SMITH"}],"neow_cost":"NONE","seed_source_timestamp":1953521231477931,"circlet_count":0,"master_deck":["AscendersBane","Defend_G","Defend_G","Defend_G","Defend_G","Defend_G","Strike_G","Strike_G","Strike_G","Strike_G","Strike_G","Survivor","Neutralize+1","Deadly Poison+1","Leg Sweep","PiercingWail","Noxious Fumes+1","Well Laid Plans","Deadly Poison+1","PiercingWail","Adrenaline","Leg Sweep+1","Deflect","Backstab+1","Dodge and Roll+1","Leg Sweep+1","After Image","Noxious Fumes+1","After Image+1"],"relics":["Ring of the Snake","Bag of Preparation","Golden Idol","Letter Opener","Vajra","Regal Pillow","Meat on the Bone","Velvet Choker","Bronze Scales","Smiling Mask","Singing Bowl","Boot","Bird Faced Urn","Orrery","Frozen Egg 2","Darkstone Periapt","Nunchaku"],"potions_floor_usage":[33,42],"damage_taken":[{"damage":0,"enemies":"Cultist","floor":1,"turns":4},{"damage":0,"enemies":"2 Louse","floor":3,"turns":6},{"damage":28,"enemies":"Lagavulin","floor":6,"turns":11},{"damage":14,"enemies":"3 Sentries","floor":8,"turns":7},{"damage":0,"enemies":"Lagavulin","floor":11,"turns":8},{"damage":9,"enemies":"Small Slimes","floor":12,"turns":3},{"damage":0,"enemies":"Red Slaver","floor":14,"turns":3},{"damage":4,"enemies":"Hexaghost","floor":16,"turns":9},{"damage":0,"enemies":"3 Byrds","floor":18,"turns":4},{"damage":0,"enemies":"Spheric Guardian","floor":21,"turns":5},{"damage":13,"enemies":"Book of Stabbing","floor":24,"turns":6},{"damage":3,"enemies":"Cultist and Chosen","floor":28,"turns":7},{"damage":16,"enemies":"Gremlin Leader","floor":29,"turns":8},{"damage":26,"enemies":"Slavers","floor":31,"turns":6},{"damage":60,"enemies":"Champ","floor":33,"turns":15},{"damage":23,"enemies":"3 Darklings","floor":35,"turns":5},{"damage":6,"enemies":"Orb Walker","floor":36,"turns":5},{"damage":9,"enemies":"Nemesis","floor":40,"turns":8},{"damage":78,"enemies":"Giant Head","floor":42,"turns":10}],"seed_played":"-2377664948755394745","potions_obtained":[{"floor":3,"key":"SkillPotion"},{"floor":12,"key":"Fire Potion"},{"floor":14,"key":"GhostInAJar"}],"is_trial":false,"path_per_floor":["T","?","?","$","?","M","?","?","?"],"character_chosen":"THE_SILENT","items_purchased":["Leg Sweep","PiercingWail","Bronze Scales","Leg Sweep","Backstab","Frozen Egg 2","Darkstone Periapt"],"campfire_rested":2,"item_purchase_floors":[2,2,19,19,22,39,39],"current_hp_per_floor":[59,59,59,59,59,31,31,17,17,50,50,41,41,41,41,37,54,54,54,54,54,54,54,41,41,41,41,38,36,36,24,58,14,62,47,47,47,47,47,46,46,0],"gold":572,"neow_bonus":"RANDOM_COMMON_RELIC","is_prod":false,"is_daily":false,"chose_seed":false,"campfire_upgraded":6,"win_rate":0,"timestamp":1554662612,"path_taken":["M","$","M","?","?","E","R","E","T","R","E","M","?","M","R","BOSS","M","?","?","?","$","R","E","R","T","R","M","E","?","E","R","BOSS","M","M","?","?","$","E","R","E"],"build_version":"2019-01-23","purchased_purges":1,"victory":false,"max_hp_per_floor":[66,66,66,66,60,60,60,60,60,60,60,60,60,60,60,60,60,60,60,60,60,60,60,60,60,60,60,60,62,62,64,64,64,74,76,76,76,76,76,76,76,76],"card_choices":[{"not_picked":["Blade Dance","Bane"],"picked":"Deadly Poison","floor":1},{"not_picked":["Blade Dance","Underhanded Strike","Prepared"],"picked":"SKIP","floor":3},{"not_picked":["Acrobatics","Flying Knee"],"picked":"Noxious Fumes","floor":6},{"not_picked":["Deflect","Crippling Poison"],"picked":"Well Laid Plans","floor":8},{"not_picked":["Quick Slash","Masterful Stab","Tools of the Trade"],"picked":"SKIP","floor":11},{"not_picked":["Acrobatics","Deflect"],"picked":"Deadly Poison","floor":12},{"not_picked":["Deflect","Quick Slash"],"picked":"PiercingWail","floor":14},{"not_picked":["Venomology","A Thousand Cuts"],"picked":"Adrenaline","floor":16},{"not_picked":["Deflect","Cloak And Dagger","Deadly Poison"],"picked":"SKIP","floor":18},{"not_picked":["Finisher","Blade Dance","Cloak And Dagger"],"picked":"SKIP","floor":21},{"not_picked":["Terror+1","Night Terror"],"picked":"Dodge and Roll","floor":24},{"not_picked":["Poisoned Stab+1","Setup"],"picked":"Leg Sweep","floor":28},{"not_picked":["Tactician","Deadly Poison","Predator"],"picked":"Singing Bowl","floor":29},{"not_picked":["Quick Slash","Deadly Poison","Dagger Spray"],"picked":"Singing Bowl","floor":31},{"not_picked":["Phantasmal Killer","Burst"],"picked":"After Image","floor":33},{"not_picked":["Dagger Throw","Blade Dance","PiercingWail"],"picked":"Singing Bowl","floor":34},{"not_picked":["Sucker Punch","Poisoned Stab","Dagger Throw"],"picked":"Singing Bowl","floor":34},{"not_picked":["Dagger Throw","Leg Sweep","Accuracy"],"picked":"Singing Bowl","floor":34},{"not_picked":["Underhanded Strike","Dash","Predator"],"picked":"Singing Bowl","floor":34},{"not_picked":["Prepared","Choke","Deadly Poison"],"picked":"Singing Bowl","floor":34},{"not_picked":["Blade Dance","Concentrate","Tactician"],"picked":"Singing Bowl","floor":35},{"not_picked":["Expertise","Reflex"],"picked":"Noxious Fumes+1","floor":36},{"not_picked":["Venomology","Escape Plan+1"],"picked":"After Image+1","floor":40}],"player_experience":1592644,"relics_obtained":[{"floor":6,"key":"Letter Opener"},{"floor":8,"key":"Vajra"},{"floor":9,"key":"Regal Pillow"},{"floor":11,"key":"Meat on the Bone"},{"floor":24,"key":"Smiling Mask"},{"floor":26,"key":"Singing Bowl"},{"floor":29,"key":"Boot"},{"floor":31,"key":"Bird Faced Urn"},{"floor":40,"key":"Nunchaku"}],"event_choices":[{"damage_healed":0,"gold_gain":0,"player_choice":"Lose Max HP","damage_taken":0,"relics_obtained":["Golden Idol"],"max_hp_gain":0,"max_hp_loss":6,"event_name":"Golden Idol","floor":5,"gold_loss":0},{"damage_healed":0,"gold_gain":0,"player_choice":"Upgraded","damage_taken":0,"max_hp_gain":0,"max_hp_loss":0,"event_name":"Upgrade Shrine","floor":13,"gold_loss":0,"cards_upgraded":["Neutralize"]},{"damage_healed":0,"gold_gain":0,"player_choice":"1 cards matched","damage_taken":0,"max_hp_gain":0,"max_hp_loss":0,"event_name":"Match and Keep!","floor":20,"gold_loss":0,"cards_obtained":["Deflect"]},{"damage_healed":0,"gold_gain":0,"player_choice":"Ignored","damage_taken":0,"max_hp_gain":0,"max_hp_loss":0,"event_name":"Ghosts","floor":30,"gold_loss":0},{"damage_healed":0,"gold_gain":999,"player_choice":"Gold","damage_taken":0,"max_hp_gain":0,"max_hp_loss":0,"event_name":"MindBloom","floor":37,"gold_loss":0,"cards_obtained":["Normality","Normality"]},{"cards_removed":["Normality"],"damage_healed":0,"gold_gain":0,"player_choice":"Upgrade and Remove","damage_taken":0,"max_hp_gain":0,"max_hp_loss":0,"event_name":"Designer","floor":38,"gold_loss":110,"cards_upgraded":["Deadly Poison"]}],"is_beta":false,"boss_relics":[{"not_picked":["Philosopher\u0027s Stone","Lizard Tail"],"picked":"Velvet Choker"},{"not_picked":["HoveringKite","Runic Dome"],"picked":"Orrery"}],"items_purged_floors":[39],"is_endless":false,"potions_floor_spawned":[3,12,14,16,18,29],"killed_by":"Giant Head","ascension_level":17}