{"gold_per_floor":[10,30,44,55,75,109,109,143,169,169,94,94,94,108,108,207,207,223,243,243,262,280,280],"floor_reached":23,"playtime":1408,"items_purged":["Strike_R"],"score":297,"play_id":"e8e387a1-8d0c-4ea7-a7c8-cb5b96c197ae","local_time":"20190325111132","is_ascension_mode":true,"campfire_choices":[{"data":"True Grit","floor":7,"key":"SMITH"},{"data":"Shockwave","floor":10,"key":"SMITH"},{"data":"Twin Strike","floor":12,"key":"SMITH"},{"data":"Flame Barrier","floor":15,"key":"SMITH"}],"neow_cost":"NO_GOLD","seed_source_timestamp":819198288261458,"circlet_count":0,"master_deck":["Strike_R","Strike_R","Defend_R","Defend_R","Defend_R","Defend_R","Bash","Clothesline","Twin Strike+1","True Grit+1","Metallicize","Pummel","Shockwave+1","Iron Wave","Flame Barrier+1","Feel No Pain","Spot Weakness","Feel No Pain","Dark Embrace","Havoc","Whirlwind","True Grit+1","True Grit","Rampage+1","Corruption"],"relics":["Black Blood","Prayer Wheel","PreservedInsect","Shuriken","Blood Vial"],"potions_floor_usage":[19,22,22,23],"damage_taken":[{"damage":1,"enemies":"Jaw Worm","floor":1,"turns":5},{"damage":15,"enemies":"Small Slimes","floor":2,"turns":3},{"damage":0,"enemies":"2 Louse","floor":3,"turns":4},{"damage":5,"enemies":"Looter","floor":4,"turns":4},{"damage":15,"enemies":"Exordium Wildlife","floor":5,"turns":5},{"damage":31,"enemies":"Lagavulin","floor":6,"turns":9},{"damage":17,"enemies":"3 Sentries","floor":8,"turns":13},{"damage":0,"enemies":"Blue Slaver","floor":14,"turns":5},{"damage":13,"enemies":"Hexaghost","floor":16,"turns":13},{"damage":0,"enemies":"3 Byrds","floor":18,"turns":4},{"damage":29,"enemies":"2 Thieves","floor":19,"turns":5},{"damage":37,"enemies":"Snake Plant","floor":21,"turns":6},{"damage":36,"enemies":"3 Cultists","floor":22,"turns":6},{"damage":29,"enemies":"Slavers","floor":23,"turns":1}],"seed_played":"-2885935266363473179","potions_obtained":[{"floor":2,"key":"Block Potion"},{"floor":4,"key":"Regen Potion"},{"floor":8,"key":"Ancient Potion"},{"floor":14,"key":"AttackPotion"},{"floor":21,"key":"SteroidPotion"}],"is_trial":false,"path_per_floor":["?","?"],"character_chosen":"IRONCLAD","items_purchased":[],"campfire_rested":0,"item_purchase_floors":[],"current_hp_per_floor":[77,68,74,75,66,41,41,30,30,30,30,30,23,31,31,26,67,79,61,61,36,12,0],"gold":280,"neow_bonus":"ONE_RARE_RELIC","is_prod":false,"is_daily":false,"chose_seed":false,"campfire_upgraded":4,"win_rate":0,"timestamp":1553526692,"path_taken":["M","M","M","M","M","E","R","E","T","R","$","R","?","M","R","BOSS","M","M","?","M","M","E"],"build_version":"2019-01-23","purchased_purges":1,"victory":false,"max_hp_per_floor":[80,80,80,80,80,80,80,80,80,80,80,80,80,80,80,80,80,80,80,80,80,80,80],"card_choices":[{"not_picked":["Headbutt","Flex"],"picked":"Clothesline","floor":1},{"not_picked":["Pommel Strike","Clash"],"picked":"Twin Strike","floor":1},{"not_picked":["Carnage","Sword Boomerang"],"picked":"True Grit","floor":2},{"not_picked":["Perfected Strike","Heavy Blade"],"picked":"Metallicize","floor":2},{"not_picked":["Cleave","Fire Breathing","Sentinel"],"picked":"SKIP","floor":3},{"not_picked":["Body Slam","Thunderclap","Cleave"],"picked":"SKIP","floor":3},{"not_picked":["Body Slam","Heavy Blade"],"picked":"Pummel","floor":4},{"not_picked":["Second Wind","Searing Blow"],"picked":"Shockwave","floor":4},{"not_picked":["Sentinel","Exhume"],"picked":"Iron Wave","floor":5},{"not_picked":["Headbutt","True Grit"],"picked":"Flame Barrier","floor":5},{"not_picked":["Hemokinesis","Carnage"],"picked":"Feel No Pain","floor":6},{"not_picked":["Havoc","Rampage"],"picked":"Spot Weakness","floor":8},{"not_picked":["Rupture","Shrug It Off"],"picked":"Feel No Pain","floor":14},{"not_picked":["Headbutt","Sever Soul","Sword Boomerang"],"picked":"SKIP","floor":14},{"not_picked":["Exhume","Offering"],"picked":"Dark Embrace","floor":16},{"not_picked":["Iron Wave+1","Heavy Blade"],"picked":"Havoc","floor":18},{"not_picked":["Wild Strike+1","Sword Boomerang"],"picked":"Whirlwind","floor":18},{"not_picked":["Wild Strike+1","Reckless Charge"],"picked":"True Grit+1","floor":19},{"not_picked":["Heavy Blade","Sword Boomerang+1","Searing Blow"],"picked":"SKIP","floor":19},{"not_picked":["Entrench+1","Armaments"],"picked":"True Grit","floor":21},{"not_picked":["Flex","Sword Boomerang"],"picked":"Rampage+1","floor":21},{"not_picked":["Carnage","Bloodletting"],"picked":"Corruption","floor":22},{"not_picked":["Evolve","Iron Wave","Searing Blow"],"picked":"SKIP","floor":22}],"player_experience":984927,"relics_obtained":[{"floor":6,"key":"PreservedInsect"},{"floor":8,"key":"Shuriken"},{"floor":9,"key":"Blood Vial"}],"event_choices":[{"cards_removed":["Strike_R"],"damage_healed":0,"gold_gain":0,"player_choice":"Card Removal","damage_taken":7,"max_hp_gain":0,"max_hp_loss":0,"event_name":"Golden Wing","floor":13,"gold_loss":0},{"cards_removed":["Strike_R"],"damage_healed":0,"gold_gain":0,"player_choice":"Elegance","damage_taken":0,"max_hp_gain":0,"max_hp_loss":0,"event_name":"Back to Basics","floor":20,"gold_loss":0}],"is_beta":false,"boss_relics":[{"not_picked":["Ectoplasm","Sozu"],"picked":"Black Blood"}],"items_purged_floors":[11],"is_endless":false,"potions_floor_spawned":[2,4,8,14,21],"killed_by":"Slavers","ascension_level":9}