{"gold_per_floor":[115,58,74,89,89,89,108,128,174,185,185,205,205,57,57,57],"floor_reached":16,"playtime":1324,"items_purged":["Strike_R"],"score":92,"play_id":"aca30019-22ed-482f-877e-d8ea55bee644","local_time":"20190331191627","is_ascension_mode":false,"campfire_choices":[{"data":"Shrug It Off","floor":6,"key":"SMITH"},{"floor":15,"key":"REST"}],"neow_cost":"NONE","seed_source_timestamp":114464722489100,"circlet_count":0,"master_deck":["Strike_R","Strike_R","Strike_R","Defend_R","Defend_R","Defend_R","Defend_R","Bash","Shrug It Off+1","Metallicize"],"relics":["Burning Blood","NeowsBlessing","Art of War","Odd Mushroom","Vajra","Bottled Tornado"],"potions_floor_usage":[8,12,16,16],"damage_taken":[{"damage":0,"enemies":"Cultist","floor":1,"turns":1},{"damage":0,"enemies":"Jaw Worm","floor":3,"turns":1},{"damage":0,"enemies":"Small Slimes","floor":4,"turns":1},{"damage":8,"enemies":"2 Fungi Beasts","floor":7,"turns":4},{"damage":19,"enemies":"The Mushroom Lair","floor":8,"turns":6},{"damage":0,"enemies":"Large Slime","floor":10,"turns":7},{"damage":20,"enemies":"Lots of Slimes","floor":12,"turns":5},{"damage":85,"enemies":"Slime Boss","floor":16,"turns":12}],"seed_played":"6474747389624358115","potions_obtained":[{"floor":3,"key":"Poison Potion"},{"floor":7,"key":"Poison Potion"},{"floor":10,"key":"Energy Potion"}],"is_trial":false,"path_per_floor":["M","?","M","M","?","R","M","?","T","M","?","M","T","$","R","B"],"character_chosen":"IRONCLAD","items_purchased":["BloodPotion"],"campfire_rested":1,"item_purchase_floors":[14],"current_hp_per_floor":[80,80,80,80,73,73,71,58,58,64,64,50,50,50,74,0],"gold":57,"neow_bonus":"THREE_ENEMY_KILL","is_prod":false,"is_daily":false,"chose_seed":false,"campfire_upgraded":1,"win_rate":0.0,"timestamp":1554074187,"path_taken":["M","?","?","M","?","R","M","?","T","M","?","M","?","$","R","BOSS"],"build_version":"2019-01-23","purchased_purges":1,"victory":false,"max_hp_per_floor":[80,80,80,80,80,80,80,80,80,80,80,80,80,80,80,80],"card_choices":[{"not_picked":["Clash","True Grit","Armaments"],"picked":"SKIP","floor":1},{"not_picked":["Corruption","Reckless Charge","Infernal Blade"],"picked":"SKIP","floor":3},{"not_picked":["Clash","Twin Strike"],"picked":"Shrug It Off","floor":4},{"not_picked":["Searing Blow","Shrug It Off","Flex"],"picked":"SKIP","floor":7},{"not_picked":["Flame Barrier","Clash","Searing Blow"],"picked":"SKIP","floor":10},{"not_picked":["Rupture","Pommel Strike"],"picked":"Metallicize","floor":12}],"player_experience":68054,"relics_obtained":[{"floor":8,"key":"Odd Mushroom"},{"floor":9,"key":"Vajra"},{"floor":13,"key":"Bottled Tornado"}],"event_choices":[{"damage_healed":0,"gold_gain":0,"player_choice":"Paid Gold","damage_taken":0,"relics_obtained":["Art of War"],"max_hp_gain":0,"max_hp_loss":0,"event_name":"WeMeetAgain","floor":2,"gold_loss":57},{"cards_removed":["Strike_R"],"damage_healed":0,"gold_gain":0,"player_choice":"Card Removal","damage_taken":7,"max_hp_gain":0,"max_hp_loss":0,"event_name":"Golden Wing","floor":5,"gold_loss":0},{"damage_healed":0,"gold_gain":0,"player_choice":"Fought Mushrooms","damage_taken":0,"max_hp_gain":0,"max_hp_loss":0,"event_name":"Mushrooms","floor":8,"gold_loss":0},{"damage_healed":0,"gold_gain":0,"player_choice":"Ignored","damage_taken":0,"max_hp_gain":0,"max_hp_loss":0,"event_name":"Shining Light","floor":11,"gold_loss":0}],"is_beta":false,"boss_relics":[],"items_purged_floors":[14],"is_endless":false,"potions_floor_spawned":[3,7,10],"killed_by":"Slime Boss","ascension_level":0}