{"gold_per_floor":[109,109,109,109,135,135,9,43,43,56,68,68,143,161,161,258,258,268,268,279,33,47,47,12,12,12,12,27,27,4,16,16,16],"floor_reached":33,"playtime":932,"items_purged":["Regret"],"score":341,"play_id":"6a47da29-e451-4b65-8169-6b34f15bbdd8","local_time":"20181026223916","is_ascension_mode":true,"campfire_choices":[{"data":"Twin Strike","floor":6,"key":"SMITH"},{"data":"Shrug It Off","floor":12,"key":"SMITH"},{"data":"Anger","floor":15,"key":"SMITH"},{"floor":23,"key":"REST"},{"data":"Ghostly","floor":29,"key":"SMITH"},{"floor":32,"key":"REST"}],"neow_cost":"NONE","seed_source_timestamp":1399917167397707,"circlet_count":0,"master_deck":["Bash","Fire Breathing+1","Twin Strike+1","Shrug It Off+1","Clothesline","Iron Wave","Anger+1","Demon Form","Twin Strike","Perfected Strike","Ghostly Armor","Bloodletting","Armaments","Pommel Strike","Dual Wield","Body Slam","Flame Barrier","Necronomicurse","Body Slam+1","Anger+1","Shrug It Off","Shrug It Off","Rupture","Ghostly+1","Ghostly","Ghostly","Ghostly","Ghostly","Immolate","Flex"],"relics":["Burning Blood","Bag of Marbles","Whetstone","Dodecahedron","Oddly Smooth Stone","Pandora\u0027s Box","Necronomicon","DollysMirror","Du-Vu Doll"],"potions_floor_usage":[14,16,28,33],"damage_taken":[{"damage":3,"enemies":"2 Louse","floor":1,"turns":4},{"damage":13,"enemies":"Gremlin Nob","floor":8,"turns":3},{"damage":0,"enemies":"Small Slimes","floor":10,"turns":2},{"damage":0,"enemies":"Jaw Worm","floor":11,"turns":3},{"damage":0,"enemies":"Looter","floor":14,"turns":2},{"damage":44,"enemies":"Hexaghost","floor":16,"turns":10},{"damage":33,"enemies":"Shell Parasite","floor":18,"turns":5},{"damage":7,"enemies":"2 Thieves","floor":20,"turns":4},{"damage":17,"enemies":"Snake Plant","floor":22,"turns":3},{"damage":23,"enemies":"Cultist and Chosen","floor":28,"turns":9},{"damage":14,"enemies":"Shelled Parasite and Fungi","floor":31,"turns":4},{"damage":37,"enemies":"Automaton","floor":33,"turns":6}],"seed_played":"1383569143935856446","potions_obtained":[{"floor":10,"key":"BloodPotion"},{"floor":11,"key":"GamblersBrew"},{"floor":18,"key":"EssenceOfSteel"},{"floor":31,"key":"Swift Potion"}],"is_trial":false,"path_per_floor":["M","?","?","?","T","R","$","E","T","M","M","R","?","M","R","B",null,"M","?","M","$","M","R","$","?","T","?","M","R","$","M","R"],"character_chosen":"IRONCLAD","items_purchased":["Shrug It Off","DollysMirror","Shrug It Off","Rupture","Flex"],"campfire_rested":2,"item_purchase_floors":[7,21,21,24,30],"current_hp_per_floor":[75,68,68,68,68,68,68,61,61,67,73,73,62,76,76,38,70,43,27,26,26,15,39,39,39,39,39,22,22,22,14,26,0],"gold":16,"neow_bonus":"THREE_CARDS","is_prod":false,"is_daily":false,"chose_seed":false,"campfire_upgraded":4,"win_rate":0,"timestamp":1540615156,"path_taken":["M","?","?","?","?","R","$","E","T","M","M","R","?","M","R","BOSS","M","?","M","$","?","R","$","?","T","?","M","R","?","M","R","BOSS"],"build_version":"2018-10-25v2","purchased_purges":1,"victory":false,"max_hp_per_floor":[80,80,80,80,80,80,80,80,80,80,80,80,80,80,80,80,80,80,80,80,80,80,80,80,80,80,40,40,40,40,40,40,40],"card_choices":[{"not_picked":["Clothesline","Thunderclap"],"picked":"Fire Breathing","floor":0},{"not_picked":["Cleave","Dual Wield"],"picked":"Twin Strike","floor":1},{"not_picked":["Offering","Combust"],"picked":"Clothesline","floor":8},{"not_picked":["Pummel","Headbutt"],"picked":"Iron Wave","floor":10},{"not_picked":["Blood for Blood","Dual Wield","Sentinel"],"picked":"SKIP","floor":11},{"not_picked":["Dropkick","Sword Boomerang"],"picked":"Anger","floor":14},{"not_picked":["Dark Embrace","Bludgeon"],"picked":"Demon Form","floor":16},{"not_picked":["Cleave","Body Slam"],"picked":"Flame Barrier","floor":18},{"not_picked":["Cleave","Twin Strike"],"picked":"Body Slam+1","floor":20},{"not_picked":["Headbutt","Cleave"],"picked":"Shrug It Off","floor":22},{"not_picked":["Pommel Strike","Iron Wave+1"],"picked":"Immolate","floor":28},{"not_picked":["Dual Wield","True Grit+1","Second Wind"],"picked":"SKIP","floor":31}],"player_experience":887783,"relics_obtained":[{"floor":5,"key":"Whetstone"},{"floor":8,"key":"Dodecahedron"},{"floor":9,"key":"Oddly Smooth Stone"},{"floor":19,"key":"Necronomicon"},{"floor":26,"key":"Du-Vu Doll"}],"event_choices":[{"cards_removed":["Strike_R"],"damage_healed":0,"gold_gain":0,"player_choice":"Card Removal","damage_taken":7,"max_hp_gain":0,"max_hp_loss":0,"event_name":"Golden Wing","floor":2,"gold_loss":0},{"damage_healed":0,"gold_gain":0,"player_choice":"Box","damage_taken":0,"relics_obtained":["Bag of Marbles"],"max_hp_gain":0,"max_hp_loss":0,"event_name":"Big Fish","floor":3,"gold_loss":0,"cards_obtained":["Regret"]},{"damage_healed":0,"gold_gain":0,"player_choice":"Grow","damage_taken":0,"max_hp_gain":0,"max_hp_loss":0,"event_name":"Living Wall","floor":4,"gold_loss":0,"cards_upgraded":["Fire Breathing"]},{"damage_healed":0,"gold_gain":75,"player_choice":"Gather Gold","damage_taken":11,"max_hp_gain":0,"max_hp_loss":0,"event_name":"World of Goop","floor":13,"gold_loss":0},{"damage_healed":0,"gold_gain":0,"player_choice":"Obtained Book","damage_taken":16,"max_hp_gain":0,"max_hp_loss":0,"event_name":"Cursed Tome","floor":19,"gold_loss":0},{"damage_healed":0,"gold_gain":0,"player_choice":"Ignored","damage_taken":0,"max_hp_gain":0,"max_hp_loss":0,"event_name":"Beggar","floor":25,"gold_loss":0},{"damage_healed":0,"gold_gain":0,"player_choice":"Became a Ghost","damage_taken":0,"max_hp_gain":0,"max_hp_loss":40,"event_name":"Ghosts","floor":27,"gold_loss":0,"cards_obtained":["Ghostly","Ghostly","Ghostly","Ghostly","Ghostly"]}],"is_beta":false,"boss_relics":[{"not_picked":["Runic Dome","Black Star"],"picked":"Pandora\u0027s Box"}],"items_purged_floors":[7],"is_endless":false,"potions_floor_spawned":[10,11,18,31],"killed_by":"Automaton","ascension_level":6}