{"gold_per_floor":[111,125,125,143,160,188,363,398,451,465,415,415,746,523,523,619,619,639,639,288,299,319,352,352,352,352,371,371,384,384,395,395,395],"floor_reached":33,"playtime":1491,"items_purged":["Strike_B","Strike_B"],"score":287,"play_id":"4f452604-4830-4401-8cb9-08af99104f93","local_time":"20190331214421","is_ascension_mode":false,"campfire_choices":[{"data":"Zap","floor":15,"key":"SMITH"},{"data":"Gash","floor":28,"key":"SMITH"},{"data":"Gash","floor":32,"key":"SMITH"}],"neow_cost":"NONE","seed_source_timestamp":1375481519724642,"circlet_count":0,"master_deck":["Defend_B","Defend_B","Defend_B","Defend_B","Zap+1","Dualcast","Gash+1","Ball Lightning","Leap","Gash+1","Coolheaded","Go for the Eyes","Cold Snap","Go for the Eyes","Gash","Compile Driver","Ball Lightning","Cold Snap+1"],"relics":["Cracked Core","Orichalcum","Pen Nib","PreservedInsect","Juzu Bracelet","Tiny Chest","Old Coin","Omamori","Black Star","Toolbox","Lantern","DataDisk","The Courier"],"potions_floor_usage":[8,33,33],"damage_taken":[{"damage":6,"enemies":"Jaw Worm","floor":1,"turns":4},{"damage":0,"enemies":"2 Louse","floor":2,"turns":2},{"damage":2,"enemies":"Small Slimes","floor":4,"turns":3},{"damage":4,"enemies":"Blue Slaver","floor":5,"turns":3},{"damage":8,"enemies":"3 Sentries","floor":6,"turns":7},{"damage":9,"enemies":"Gremlin Nob","floor":8,"turns":3},{"damage":6,"enemies":"3 Louse","floor":10,"turns":3},{"damage":2,"enemies":"Lagavulin","floor":13,"turns":4},{"damage":29,"enemies":"Slime Boss","floor":16,"turns":12},{"damage":5,"enemies":"Shell Parasite","floor":18,"turns":5},{"damage":0,"enemies":"Chosen","floor":21,"turns":4},{"damage":0,"enemies":"Snecko","floor":22,"turns":4},{"damage":12,"enemies":"Book of Stabbing","floor":23,"turns":4},{"damage":8,"enemies":"Centurion and Healer","floor":27,"turns":5},{"damage":4,"enemies":"Shelled Parasite and Fungi","floor":29,"turns":6},{"damage":0,"enemies":"Chosen and Byrds","floor":31,"turns":4},{"damage":60,"enemies":"Automaton","floor":33,"turns":6}],"seed_played":"7351106322979788080","potions_obtained":[{"floor":2,"key":"Swift Potion"},{"floor":5,"key":"PowerPotion"},{"floor":13,"key":"Poison Potion"},{"floor":21,"key":"Dexterity Potion"},{"floor":22,"key":"SmokeBomb"}],"is_trial":false,"path_per_floor":["?","?","?","?","?","?","?","?"],"character_chosen":"DEFECT","items_purchased":["Omamori","Gash","Toolbox"],"campfire_rested":0,"item_purchase_floors":[14,20,20],"current_hp_per_floor":[69,69,69,67,63,55,55,46,46,40,40,33,31,31,31,2,75,70,70,70,70,70,58,58,58,58,50,50,46,46,46,46,0],"gold":395,"neow_bonus":"RANDOM_COMMON_RELIC","is_prod":false,"is_daily":false,"chose_seed":false,"campfire_upgraded":3,"win_rate":0,"timestamp":1554083061,"path_taken":["M","M","?","M","M","E","?","E","T","M","?","?","E","$","R","BOSS","M","?","$","M","M","E","?","?","T","M","R","M","?","M","R","BOSS"],"build_version":"2019-01-23","purchased_purges":2,"victory":false,"max_hp_per_floor":[75,75,75,75,75,75,75,75,75,75,75,75,75,75,75,75,75,75,75,75,75,75,75,75,75,75,75,75,75,75,75,75,75],"card_choices":[{"not_picked":["Rebound","Steam"],"picked":"Gash","floor":1},{"not_picked":["Double Energy","Go for the Eyes"],"picked":"Ball Lightning","floor":2},{"not_picked":["Consume","Creative AI"],"picked":"Leap","floor":4},{"not_picked":["Darkness","Rebound"],"picked":"Gash","floor":5},{"not_picked":["Recycle","Skim"],"picked":"Coolheaded","floor":6},{"not_picked":["Doom and Gloom","Chaos"],"picked":"Go for the Eyes","floor":8},{"not_picked":["Ball Lightning","Rebound"],"picked":"Cold Snap","floor":10},{"not_picked":["Streamline","Aggregate"],"picked":"Go for the Eyes","floor":13},{"not_picked":["Stack","Blizzard","Darkness"],"picked":"SKIP","floor":18},{"not_picked":["Redo+1","Go for the Eyes+1"],"picked":"Compile Driver","floor":21},{"not_picked":["Tempest","Steam+1","Lockon"],"picked":"SKIP","floor":22},{"not_picked":["Sunder+1","Steam"],"picked":"Ball Lightning","floor":23},{"not_picked":["Heatsinks","Sweeping Beam"],"picked":"Cold Snap+1","floor":27},{"not_picked":["Leap","Steam","Storm"],"picked":"SKIP","floor":29},{"not_picked":["Rip and Tear","Capacitor","Storm"],"picked":"SKIP","floor":31}],"player_experience":1355423,"relics_obtained":[{"floor":6,"key":"PreservedInsect"},{"floor":8,"key":"Juzu Bracelet"},{"floor":9,"key":"Tiny Chest"},{"floor":13,"key":"Old Coin"},{"floor":23,"key":"Lantern"},{"floor":23,"key":"DataDisk"},{"floor":26,"key":"The Courier"}],"event_choices":[{"damage_healed":0,"gold_gain":0,"player_choice":"Box","damage_taken":0,"relics_obtained":["Pen Nib"],"max_hp_gain":0,"max_hp_loss":0,"event_name":"Big Fish","floor":3,"gold_loss":0,"cards_obtained":["Regret"]},{"damage_healed":0,"gold_gain":175,"player_choice":"AGREE","damage_taken":0,"max_hp_gain":0,"max_hp_loss":0,"event_name":"Liars Game","floor":7,"gold_loss":0,"cards_obtained":["Doubt"]},{"cards_removed":["Regret"],"damage_healed":0,"gold_gain":0,"player_choice":"Card Removal","damage_taken":0,"max_hp_gain":0,"max_hp_loss":0,"event_name":"The Cleric","floor":11,"gold_loss":50},{"cards_removed":["Doubt"],"damage_healed":0,"gold_gain":0,"player_choice":"Card Removal","damage_taken":7,"max_hp_gain":0,"max_hp_loss":0,"event_name":"Golden Wing","floor":12,"gold_loss":0},{"damage_healed":0,"gold_gain":0,"player_choice":"Ignored","damage_taken":0,"max_hp_gain":0,"max_hp_loss":0,"event_name":"Ghosts","floor":19,"gold_loss":0},{"cards_removed":["Strike_B"],"damage_healed":0,"gold_gain":0,"player_choice":"Elegance","damage_taken":0,"max_hp_gain":0,"max_hp_loss":0,"event_name":"Back to Basics","floor":24,"gold_loss":0},{"cards_removed":["Strike_B"],"damage_healed":0,"gold_gain":0,"player_choice":"Offered Basic","damage_taken":0,"max_hp_gain":0,"max_hp_loss":0,"event_name":"Bonfire Elementals","floor":25,"gold_loss":0},{"damage_healed":0,"gold_gain":0,"player_choice":"Bought 0 Potions","damage_taken":0,"max_hp_gain":0,"max_hp_loss":0,"event_name":"The Woman in Blue","floor":30,"gold_loss":0}],"is_beta":false,"boss_relics":[{"not_picked":["Nuclear Battery","Lizard Tail"],"picked":"Black Star"}],"items_purged_floors":[14,20],"is_endless":false,"potions_floor_spawned":[2,5,13,21,22,27,31],"killed_by":"Automaton","ascension_level":0}