{"gold_per_floor":[365,383,20,39,39,39,15,26,51,226,246,211,243,243,243,340,340,322,48,48,67,84,84,104,115,115,125,125,0,0,0,0,97,97,109,125,200,215,226,226,236,251,251,270,270,290,290,307,307,307],"floor_reached":51,"playtime":2007,"items_purged":["Strike_B","Doubt"],"score":947,"play_id":"8430e25a-347f-4ae6-972c-5767bd918350","local_time":"20190102090036","is_ascension_mode":true,"campfire_choices":[{"data":"Tempest","floor":6,"key":"SMITH"},{"data":"Consume","floor":15,"key":"SMITH"},{"floor":23,"key":"REST"},{"data":"Hologram","floor":28,"key":"SMITH"},{"floor":32,"key":"REST"},{"floor":40,"key":"REST"},{"floor":45,"key":"REST"},{"floor":47,"key":"REST"},{"floor":49,"key":"REST"}],"neow_cost":"PERCENT_DAMAGE","seed_source_timestamp":134742658474479,"circlet_count":0,"master_deck":["Strike_B","Strike_B","Strike_B","Defend_B","Defend_B","Defend_B","Defend_B","Zap","Dualcast","White Noise","Conserve Battery","Cold Snap","Tempest+1","Hologram","Hologram+1","Consume+1","Defragment","Echo Form","Gash+1","FTL+1","Skim","Necronomicurse","Hologram","Gash+1","Rebound+1","Glacier","Leap","Electrodynamics","Streamline+1","Streamline+1","Gash+1","Coolheaded+1","Steam+1","Redo+1","FTL+1"],"relics":["Cracked Core","Meat on the Bone","Blood Vial","Art of War","Molten Egg 2","Runic Dome","Necronomicon","Dead Branch","Ice Cream","Fusion Hammer","Frozen Egg 2"],"potions_floor_usage":[8,11,16,16,27,27,33,38,44,50,50,50],"damage_taken":[{"damage":0,"enemies":"2 Louse","floor":1,"turns":2},{"damage":0,"enemies":"Cultist","floor":2,"turns":4},{"damage":10,"enemies":"Jaw Worm","floor":4,"turns":3},{"damage":1,"enemies":"Looter","floor":8,"turns":2},{"damage":6,"enemies":"Red Slaver","floor":11,"turns":4},{"damage":21,"enemies":"Lagavulin","floor":13,"turns":8},{"damage":25,"enemies":"Hexaghost","floor":16,"turns":11},{"damage":19,"enemies":"2 Thieves","floor":18,"turns":5},{"damage":30,"enemies":"Shell Parasite","floor":21,"turns":6},{"damage":16,"enemies":"Chosen and Byrds","floor":22,"turns":4},{"damage":30,"enemies":"Shelled Parasite and Fungi","floor":24,"turns":6},{"damage":8,"enemies":"3 Cultists","floor":25,"turns":3},{"damage":11,"enemies":"Snake Plant","floor":27,"turns":2},{"damage":14,"enemies":"Automaton","floor":33,"turns":9},{"damage":3,"enemies":"Orb Walker","floor":35,"turns":2},{"damage":32,"enemies":"3 Shapes","floor":36,"turns":4},{"damage":29,"enemies":"Transient","floor":38,"turns":5},{"damage":18,"enemies":"Spire Growth","floor":39,"turns":5},{"damage":0,"enemies":"Sphere and 2 Shapes","floor":41,"turns":4},{"damage":21,"enemies":"Jaw Worm Horde","floor":42,"turns":6},{"damage":0,"enemies":"4 Shapes","floor":44,"turns":2},{"damage":26,"enemies":"Sphere and 2 Shapes","floor":46,"turns":3},{"damage":34,"enemies":"Spire Growth","floor":48,"turns":4},{"damage":63,"enemies":"Donu and Deca","floor":50,"turns":7}],"seed_played":"-6837930991017145526","potions_obtained":[{"floor":2,"key":"Fire Potion"},{"floor":5,"key":"AttackPotion"},{"floor":5,"key":"FocusPotion"},{"floor":8,"key":"Weak Potion"},{"floor":13,"key":"Poison Potion"},{"floor":22,"key":"Strength Potion"},{"floor":25,"key":"EntropicBrew"},{"floor":27,"key":"Energy Potion"},{"floor":33,"key":"Block Potion"},{"floor":36,"key":"PowerPotion"},{"floor":39,"key":"SneckoOil"},{"floor":46,"key":"PowerPotion"},{"floor":48,"key":"Poison Potion"}],"is_trial":false,"path_per_floor":["M","M","$","M","?","R","$","M","T","?","M","?","E","?","R","B",null,"M","$","?","M","M","R","M","M","T","M","R","?","?","T","R","B",null,"M","M","?","M","M","R","M","M","T","M","R","M","R","M","R","B",null],"character_chosen":"DEFECT","items_purchased":["Meat on the Bone","Cold Snap","Hologram","Gash+1","FTL+1","Skim"],"campfire_rested":6,"item_purchase_floors":[3,3,7,19,19,19],"current_hp_per_floor":[50,50,50,40,40,40,40,39,39,39,47,65,46,46,46,35,65,48,48,32,16,14,36,20,26,26,29,29,29,29,29,51,39,66,65,47,40,25,21,43,45,38,38,40,62,38,60,40,62,13],"gold":307,"neow_bonus":"TWO_FIFTY_GOLD","is_prod":false,"is_daily":false,"chose_seed":false,"campfire_upgraded":3,"win_rate":0,"timestamp":1546437636,"path_taken":["M","M","$","M","?","R","$","?","T","?","M","?","E","?","R","BOSS","M","$","?","M","M","R","M","M","T","M","R","?","?","?","R","BOSS","M","M","?","?","M","R","M","M","T","M","R","M","R","M","R","BOSS"],"build_version":"2019-01-01v2","purchased_purges":2,"victory":true,"max_hp_per_floor":[75,75,75,75,75,75,75,75,75,75,75,75,75,75,75,75,75,75,75,75,75,75,75,75,75,75,75,75,75,75,75,75,75,75,75,75,75,75,75,75,75,75,75,75,75,75,75,75,75,75],"card_choices":[{"not_picked":["Coolheaded","Reinforced Body"],"picked":"White Noise","floor":1},{"not_picked":["Stack","Turbo"],"picked":"Conserve Battery","floor":2},{"not_picked":["Barrage","Static Discharge"],"picked":"Tempest","floor":4},{"not_picked":["Compile Driver","Gash"],"picked":"Hologram","floor":8},{"not_picked":["Barrage","Streamline"],"picked":"Consume","floor":11},{"not_picked":["Streamline","Double Energy"],"picked":"Defragment","floor":13},{"not_picked":["Multi-Cast","Biased Cognition"],"picked":"Echo Form","floor":16},{"not_picked":["Barrage+1","Stack","Reprogram"],"picked":"SKIP","floor":18},{"not_picked":["Rebound+1","Compile Driver+1"],"picked":"Hologram","floor":21},{"not_picked":["Tempest+1","Blizzard+1"],"picked":"Gash+1","floor":22},{"not_picked":["Sunder+1","Darkness"],"picked":"Rebound+1","floor":24},{"not_picked":["Rip and Tear+1","Barrage+1"],"picked":"Glacier","floor":25},{"not_picked":["Melter+1","Tempest"],"picked":"Leap","floor":27},{"not_picked":["Biased Cognition","Fission"],"picked":"Electrodynamics","floor":33},{"not_picked":["Turbo","Beam Cell+1","Reprogram+1"],"picked":"SKIP","floor":35},{"not_picked":["Coolheaded+1","Leap"],"picked":"Streamline+1","floor":36},{"not_picked":["Reprogram+1","Hologram"],"picked":"Streamline+1","floor":38},{"not_picked":["Barrage+1","Stack+1"],"picked":"Gash+1","floor":39},{"not_picked":["Turbo","Cold Snap+1"],"picked":"Coolheaded+1","floor":41},{"not_picked":["Barrage+1","Cold Snap+1","Doom and Gloom+1"],"picked":"SKIP","floor":42},{"not_picked":["Glacier","Redo"],"picked":"Steam+1","floor":44},{"not_picked":["Self Repair+1","Chill"],"picked":"Redo+1","floor":46},{"not_picked":["Thunder Strike+1","Redo"],"picked":"FTL+1","floor":48}],"player_experience":495389,"relics_obtained":[{"floor":9,"key":"Blood Vial"},{"floor":13,"key":"Art of War"},{"floor":20,"key":"Necronomicon"},{"floor":26,"key":"Dead Branch"},{"floor":31,"key":"Ice Cream"},{"floor":43,"key":"Frozen Egg 2"}],"event_choices":[{"damage_healed":0,"gold_gain":0,"player_choice":"Got Potions","damage_taken":0,"max_hp_gain":0,"max_hp_loss":0,"event_name":"Lab","floor":5,"gold_loss":0},{"damage_healed":0,"gold_gain":175,"player_choice":"AGREE","damage_taken":0,"max_hp_gain":0,"max_hp_loss":0,"event_name":"Liars Game","floor":10,"gold_loss":0,"cards_obtained":["Doubt"]},{"damage_healed":18,"gold_gain":0,"player_choice":"Healed","damage_taken":0,"max_hp_gain":0,"max_hp_loss":0,"event_name":"The Cleric","floor":12,"gold_loss":35},{"damage_healed":0,"gold_gain":0,"player_choice":"Gave Potion","damage_taken":0,"relics_obtained":["Molten Egg 2"],"max_hp_gain":0,"max_hp_loss":0,"event_name":"WeMeetAgain","floor":14,"gold_loss":0},{"damage_healed":0,"gold_gain":0,"player_choice":"Obtained Book","damage_taken":16,"max_hp_gain":0,"max_hp_loss":0,"event_name":"Cursed Tome","floor":20,"gold_loss":0},{"damage_healed":0,"gold_gain":0,"player_choice":"Paid Fearfully","damage_taken":0,"max_hp_gain":0,"max_hp_loss":0,"event_name":"Masked Bandits","floor":29,"gold_loss":125},{"damage_healed":0,"gold_gain":0,"player_choice":"Ignored","damage_taken":0,"max_hp_gain":0,"max_hp_loss":0,"event_name":"Beggar","floor":30,"gold_loss":0},{"damage_healed":0,"gold_gain":75,"player_choice":"Touch","damage_taken":7,"max_hp_gain":0,"max_hp_loss":0,"event_name":"FaceTrader","floor":37,"gold_loss":0}],"is_beta":true,"boss_relics":[{"not_picked":["Cursed Key","Runic Pyramid"],"picked":"Runic Dome"},{"not_picked":["FrozenCore","Black Star"],"picked":"Fusion Hammer"}],"items_purged_floors":[3,19],"is_endless":false,"potions_floor_spawned":[2,8,13,22,25,27,33,36,39,41,46,48],"ascension_level":8}