{"gold_per_floor":[127,139,30,62,74,100,112,153,165,177,189,259,286,298,310,417,429,453,465,490,532,544,621,645,657],"floor_reached":25,"playtime":1116,"items_purged":[],"score":219,"play_id":"781eb6ca-db0f-4a56-85c1-8a9b3929a24d","local_time":"20190217215020","is_ascension_mode":false,"campfire_choices":[{"data":"Zap","floor":7,"key":"SMITH"},{"data":"Dualcast","floor":11,"key":"SMITH"},{"data":"Electrodynamics","floor":15,"key":"SMITH"}],"neow_cost":"NONE","seed_source_timestamp":336286128110066,"circlet_count":0,"master_deck":["Strike_B","Strike_B","Strike_B","Strike_B","Defend_B","Defend_B","Defend_B","Defend_B","Zap+1","Dualcast+1","Gash","Gash","Electrodynamics+1","Ball Lightning+1","RitualDagger","Gash+1","Defragment+1"],"relics":["Cracked Core","MawBank","Dead Branch","Bag of Preparation","Kunai","Inserter","Red Mask","Tiny Chest"],"potions_floor_usage":[12,18,20,23,25],"damage_taken":[{"damage":4,"enemies":"2 Louse","floor":1,"turns":3},{"damage":1,"enemies":"Cultist","floor":4,"turns":4},{"damage":0,"enemies":"Small Slimes","floor":6,"turns":4},{"damage":29,"enemies":"Gremlin Nob","floor":8,"turns":4},{"damage":12,"enemies":"3 Sentries","floor":12,"turns":5},{"damage":0,"enemies":"Looter","floor":13,"turns":3},{"damage":49,"enemies":"Hexaghost","floor":16,"turns":9},{"damage":10,"enemies":"2 Thieves","floor":18,"turns":2},{"damage":0,"enemies":"Spheric Guardian","floor":20,"turns":3},{"damage":0,"enemies":"Masked Bandits","floor":21,"turns":2},{"damage":36,"enemies":"Slavers","floor":23,"turns":4},{"damage":11,"enemies":"Chosen and Byrds","floor":24,"turns":4},{"damage":14,"enemies":"Book of Stabbing","floor":25,"turns":2}],"seed_played":"-4348071852635862323","potions_obtained":[{"floor":4,"key":"AttackPotion"},{"floor":6,"key":"Explosive Potion"},{"floor":12,"key":"Swift Potion"},{"floor":16,"key":"EssenceOfSteel"},{"floor":18,"key":"Explosive Potion"},{"floor":21,"key":"SteroidPotion"}],"is_trial":false,"path_per_floor":["?","M","?","M","$","?","?","?","?","$"],"character_chosen":"DEFECT","items_purchased":[],"campfire_rested":0,"item_purchase_floors":[],"current_hp_per_floor":[71,71,71,70,70,70,70,41,41,41,41,29,29,54,54,5,75,65,59,59,59,59,23,12,0],"gold":657,"neow_bonus":"RANDOM_COMMON_RELIC","is_prod":false,"is_daily":false,"chose_seed":false,"campfire_upgraded":3,"win_rate":0,"timestamp":1550458220,"path_taken":["M","$","?","?","?","?","R","E","T","?","R","?","M","?","R","BOSS","M","?","M","?","?","E","M","E"],"build_version":"2019-01-23","purchased_purges":0,"victory":false,"max_hp_per_floor":[75,75,75,75,75,75,75,75,75,75,75,75,75,75,75,75,75,75,75,75,75,75,75,75,75],"card_choices":[{"not_picked":["Turbo","Stack"],"picked":"Gash","floor":1},{"not_picked":["Stack","Barrage","Darkness"],"picked":"SKIP","floor":4},{"not_picked":["Stack","Self Repair"],"picked":"Gash","floor":6},{"not_picked":["Barrage","Aggregate","Stack"],"picked":"SKIP","floor":8},{"not_picked":["Ball Lightning","Go for the Eyes"],"picked":"Electrodynamics","floor":13},{"not_picked":["Barrage+1","Sweeping Beam"],"picked":"Ball Lightning+1","floor":18},{"not_picked":["Sweeping Beam","Heatsinks","Tempest"],"picked":"SKIP","floor":20},{"not_picked":["Beam Cell+1","Scrape+1"],"picked":"Gash+1","floor":21},{"not_picked":["Hyperbeam","Stack+1","Hello World"],"picked":"SKIP","floor":23},{"not_picked":["Beam Cell","Conserve Battery"],"picked":"Defragment+1","floor":24}],"player_experience":489331,"relics_obtained":[{"floor":8,"key":"Bag of Preparation"},{"floor":12,"key":"Kunai"},{"floor":21,"key":"Red Mask"},{"floor":23,"key":"Tiny Chest"}],"event_choices":[{"damage_healed":0,"gold_gain":0,"player_choice":"Paid Gold","damage_taken":0,"relics_obtained":["Dead Branch"],"max_hp_gain":0,"max_hp_loss":0,"event_name":"WeMeetAgain","floor":3,"gold_loss":121},{"damage_healed":0,"gold_gain":0,"player_choice":"Ignored","damage_taken":0,"max_hp_gain":0,"max_hp_loss":0,"event_name":"NoteForYourself","floor":5,"gold_loss":0},{"damage_healed":0,"gold_gain":0,"player_choice":"Searched \u00272\u0027 times","damage_taken":0,"max_hp_gain":0,"max_hp_loss":0,"event_name":"Dead Adventurer","floor":12,"gold_loss":0},{"damage_healed":25,"gold_gain":0,"player_choice":"Banana","damage_taken":0,"max_hp_gain":0,"max_hp_loss":0,"event_name":"Big Fish","floor":14,"gold_loss":0},{"damage_healed":0,"gold_gain":0,"player_choice":"Joined the Cult","damage_taken":6,"max_hp_gain":0,"max_hp_loss":0,"event_name":"Nest","floor":19,"gold_loss":0,"cards_obtained":["RitualDagger"]},{"damage_healed":0,"gold_gain":0,"player_choice":"Fought Bandits","damage_taken":0,"max_hp_gain":0,"max_hp_loss":0,"event_name":"Masked Bandits","floor":21,"gold_loss":0}],"is_beta":false,"boss_relics":[{"not_picked":["White Beast Statue","Orrery"],"picked":"Inserter"}],"items_purged_floors":[],"is_endless":false,"potions_floor_spawned":[4,6,12,16,18,21],"killed_by":"Book of Stabbing","ascension_level":0}