{"gold_per_floor":[113,126,126,126,141,141,160,191,191,191,209,209,223,26,26,145,145,158,181,206,219,243,243,243],"floor_reached":24,"playtime":753,"items_purged":[],"score":202,"play_id":"4e263d32-31ee-4f47-a5bd-67d1ff7ea1ec","local_time":"20181116145604","is_ascension_mode":false,"campfire_choices":[{"data":"White Noise","floor":6.0,"key":"SMITH"},{"floor":10,"key":"REST"},{"data":"Storm","floor":15,"key":"SMITH"},{"data":"Magnetism","floor":23,"key":"SMITH"}],"neow_cost":"CURSE","seed_source_timestamp":108098354967443,"circlet_count":0,"master_deck":["Strike_B","Strike_B","Defend_B","Defend_B","Defend_B","Defend_B","Zap+1","Dualcast+1","Magnetism+1","Writhe","White Noise+1","Skim","Ball Lightning","Ball Lightning","Hologram","Hologram","Storm+1","Darkness","Force Field","Buffer","Purity+1","White Noise+1","Hyperbeam+1","Chaos+1","Conserve Battery","Conserve Battery+1","Reprogram+1","Hologram"],"special_seed":0,"relics":["Cracked Core","Golden Idol","Dodecahedron","Meat on the Bone","DataDisk","Astrolabe"],"potions_floor_usage":[8,16,24,24,24],"damage_taken":[{"damage":6.0,"enemies":"Cultist","floor":1.0,"turns":3.0},{"damage":0.0,"enemies":"Small Slimes","floor":2.0,"turns":3.0},{"damage":1.0,"enemies":"2 Louse","floor":5.0,"turns":2.0},{"damage":14.0,"enemies":"2 Fungi Beasts","floor":7.0,"turns":4.0},{"damage":35,"enemies":"3 Sentries","floor":8,"turns":6},{"damage":0,"enemies":"3 Louse","floor":11,"turns":3},{"damage":4,"enemies":"Blue Slaver","floor":13,"turns":2},{"damage":34,"enemies":"The Guardian","floor":16,"turns":6},{"damage":5,"enemies":"Chosen","floor":18,"turns":4},{"damage":7,"enemies":"3 Byrds","floor":19,"turns":2},{"damage":19,"enemies":"3 Cultists","floor":20,"turns":4},{"damage":3,"enemies":"Centurion and Healer","floor":21,"turns":6},{"damage":14,"enemies":"Snake Plant","floor":22,"turns":3},{"damage":44,"enemies":"Slavers","floor":24,"turns":2}],"seed_played":"3776313681667367257","potions_obtained":[{"floor":1.0,"key":"Dexterity Potion"},{"floor":5.0,"key":"Dexterity Potion"},{"floor":7.0,"key":"AttackPotion"},{"floor":8,"key":"AttackPotion"},{"floor":11,"key":"Regen Potion"},{"floor":21,"key":"FocusPotion"},{"floor":22,"key":"Swift Potion"}],"is_trial":false,"path_per_floor":["M","M","?","?","M","R","M","E","T","R","M","?","M","$","R","B",null,"M","M","M","M","M","R","E"],"character_chosen":"DEFECT","items_purchased":["Storm","Darkness","Force Field"],"campfire_rested":1,"item_purchase_floors":[14,14,14],"current_hp_per_floor":[69,69,54,54,53,53,39,4,4,24,36,29,37,37,37,15,69,64,57,38,35,33,33,0],"gold":243,"neow_bonus":"RANDOM_COLORLESS_2","is_prod":false,"is_daily":false,"chose_seed":false,"campfire_upgraded":3,"win_rate":0,"timestamp":1542398164,"path_taken":["M","?","?","?","M","R","M","E","T","R","M","?","M","$","R","BOSS","M","M","M","M","M","R","E"],"build_version":"2018-11-15","purchased_purges":0,"victory":false,"max_hp_per_floor":[75,75,75,69,69,69,69,69,69,69,69,69,69,69,69,69,69,69,69,69,69,69,69,69],"card_choices":[{"not_picked":["Ball Lightning","Defragment"],"picked":"White Noise","floor":1.0},{"not_picked":["Barrage","Streamline","Sweeping Beam"],"picked":"SKIP","floor":2.0},{"not_picked":["Compile Driver","Heatsinks"],"picked":"Skim","floor":5.0},{"not_picked":["Stack","Coolheaded"],"picked":"Ball Lightning","floor":7.0},{"not_picked":["Sunder","Beam Cell"],"picked":"Ball Lightning","floor":8},{"not_picked":["Double Energy","BootSequence"],"picked":"Hologram","floor":11},{"not_picked":["Compile Driver","FTL"],"picked":"Hologram","floor":13},{"not_picked":["All For One","Reboot"],"picked":"Buffer","floor":16},{"not_picked":["Go for the Eyes","Barrage"],"picked":"Chaos+1","floor":18},{"not_picked":["Sweeping Beam","Leap"],"picked":"Conserve Battery","floor":19},{"not_picked":["Cold Snap","Rebound+1"],"picked":"Conserve Battery+1","floor":20},{"not_picked":["Compile Driver","Double Energy"],"picked":"Reprogram+1","floor":21},{"not_picked":["Coolheaded","FTL+1"],"picked":"Hologram","floor":22}],"player_experience":459237,"relics_obtained":[{"floor":8,"key":"Dodecahedron"},{"floor":9,"key":"Meat on the Bone"}],"event_choices":[{"damage_healed":0.0,"max_hp_gain":0.0,"max_hp_loss":0.0,"gold_gain":0.0,"event_name":"Shining Light","player_choice":"Entered Light","floor":3.0,"gold_loss":0.0,"damage_taken":15.0,"cards_upgraded":["Dualcast","Zap"]},{"damage_healed":0.0,"max_hp_gain":0.0,"max_hp_loss":6.0,"gold_gain":0.0,"event_name":"Golden Idol","player_choice":"Lose Max HP","floor":4.0,"gold_loss":0.0,"damage_taken":0.0,"relics_obtained":["Golden Idol"]},{"damage_healed":0,"gold_gain":0,"player_choice":"Success","damage_taken":7,"relics_obtained":["DataDisk"],"max_hp_gain":0,"max_hp_loss":0,"event_name":"Scrap Ooze","floor":12,"gold_loss":0}],"is_beta":true,"boss_relics":[{"not_picked":["Cursed Key","Coffee Dripper"],"picked":"Astrolabe"}],"items_purged_floors":[],"is_endless":false,"potions_floor_spawned":[1,5,7,8,11,21,22],"killed_by":"Slavers","ascension_level":0}