{"gold_per_floor":[115,115,5,80,97,126,126,157,184,184,207,234,253,264,264,364,364,377,390,405,174,191,220,220,250,273,273,473,159,193,210,210,314,314,333,351,236,236,336,336,364,376,414,438,466,525,537,549,561,593,605,617,25,85,85],"floor_reached":56,"playtime":7463,"items_purged":["Strike_R","Strike_R"],"score":1706,"play_id":"0ae1a68f-029c-4abb-9350-7967d0682467","local_time":"20190318202922","is_ascension_mode":true,"campfire_choices":[{"data":"Uppercut","floor":7,"key":"SMITH"},{"data":"Shockwave","floor":10,"key":"SMITH"},{"data":"True Grit","floor":15,"key":"SMITH"},{"floor":24,"key":"REST"},{"floor":27,"key":"REST"},{"data":"Feel No Pain","floor":32,"key":"SMITH"},{"floor":40,"key":"RECALL"},{"data":"Bloodletting","floor":49,"key":"SMITH"},{"data":"Disarm","floor":52,"key":"SMITH"}],"neow_cost":"NONE","seed_source_timestamp":241806130147566,"circlet_count":0,"master_deck":["Strike_R+1","Strike_R","Strike_R","Defend_R+1","Defend_R","Defend_R","Defend_R","Bash","Uppercut+1","Corruption","Disarm","Headbutt","Anger","Shockwave+1","Feel No Pain","Metallicize","True Grit+1","Offering","Inflame","Pummel","Seeing Red","Seeing Red","Warcry","Intimidate+1","Combust","Disarm+1","Shockwave+1","Feel No Pain","Dark Embrace","Feel No Pain+1","Seeing Red+1","Dropkick","Barricade","Bloodletting+1","Feel No Pain","Madness","Madness","Havoc+1","Dropkick","HandOfGreed","Secret Technique","Disarm"],"relics":["Burning Blood","NeowsBlessing","Bag of Preparation","Champion Belt","Potion Belt","Odd Mushroom","PreservedInsect","Orrery","Anchor","Pear","Self Forming Clay","Ancient Tea Set","Bottled Tornado","Juzu Bracelet","Snecko Eye","Dead Branch","MawBank","Calipers","Blue Candle","Shuriken","Oddly Smooth Stone"],"potions_floor_usage":[22,23,25,33,50,55],"damage_taken":[{"damage":0,"enemies":"Small Slimes","floor":1,"turns":1},{"damage":0,"enemies":"Jaw Worm","floor":5,"turns":1},{"damage":0,"enemies":"Gremlin Nob","floor":6,"turns":1},{"damage":27,"enemies":"3 Sentries","floor":8,"turns":6},{"damage":12,"enemies":"The Mushroom Lair","floor":11,"turns":4},{"damage":5,"enemies":"Lagavulin","floor":12,"turns":7},{"damage":0,"enemies":"Cultist","floor":13,"turns":3},{"damage":10,"enemies":"3 Louse","floor":14,"turns":3},{"damage":30,"enemies":"Hexaghost","floor":16,"turns":10},{"damage":8,"enemies":"Shell Parasite","floor":18,"turns":6},{"damage":29,"enemies":"2 Thieves","floor":19,"turns":4},{"damage":24,"enemies":"Cultist and Chosen","floor":20,"turns":8},{"damage":29,"enemies":"Snake Plant","floor":22,"turns":6},{"damage":18,"enemies":"Gremlin Leader","floor":23,"turns":6},{"damage":29,"enemies":"Slavers","floor":25,"turns":7},{"damage":8,"enemies":"Book of Stabbing","floor":30,"turns":7},{"damage":3,"enemies":"Snecko","floor":31,"turns":7},{"damage":16,"enemies":"Champ","floor":33,"turns":12},{"damage":6,"enemies":"3 Shapes","floor":35,"turns":4},{"damage":9,"enemies":"Orb Walker","floor":36,"turns":4},{"damage":3,"enemies":"Mind Bloom Boss Battle","floor":39,"turns":10},{"damage":0,"enemies":"Nemesis","floor":41,"turns":3},{"damage":3,"enemies":"Maw","floor":44,"turns":6},{"damage":0,"enemies":"3 Darklings","floor":45,"turns":3},{"damage":6,"enemies":"2 Orb Walkers","floor":46,"turns":5},{"damage":7,"enemies":"Awakened One","floor":50,"turns":5},{"damage":24,"enemies":"Shield and Spear","floor":54,"turns":5},{"damage":35,"enemies":"The Heart","floor":55,"turns":8}],"seed_played":"4229580841938722928","potions_obtained":[{"floor":5,"key":"Block Potion"},{"floor":6,"key":"Regen Potion"},{"floor":13,"key":"SkillPotion"},{"floor":14,"key":"FearPotion"},{"floor":19,"key":"Poison Potion"},{"floor":22,"key":"SpeedPotion"},{"floor":25,"key":"PowerPotion"},{"floor":30,"key":"Explosive Potion"},{"floor":36,"key":"GamblersBrew"},{"floor":46,"key":"PowerPotion"}],"is_trial":false,"path_per_floor":["?","?","M","?","?","?","?","?","?","?","?"],"character_chosen":"IRONCLAD","items_purchased":["Corruption","Disarm","Disarm","Anchor","Feel No Pain","Bottled Tornado","Feel No Pain","Blue Candle","Shuriken"],"campfire_rested":2,"item_purchase_floors":[3,3,21,21,29,29,37,53,53],"current_hp_per_floor":[80,64,64,53,59,65,65,44,44,44,38,39,45,41,41,17,80,78,55,37,37,28,26,53,30,30,57,57,57,55,58,58,48,90,90,87,87,76,79,79,85,85,85,88,90,90,80,80,80,79,90,90,90,72,43],"gold":85,"neow_bonus":"THREE_ENEMY_KILL","is_prod":false,"is_daily":false,"chose_seed":false,"campfire_upgraded":6,"win_rate":0,"timestamp":1552955362,"path_taken":["M","?","$","?","?","E","R","E","T","R","?","E","M","M","R","BOSS","M","M","M","$","M","E","R","E","T","R","?","$","E","M","R","BOSS","M","M","$","?","?","R","E","?","T","M","M","?","?","?","R","BOSS","R","$","E","BOSS"],"build_version":"2019-01-23","purchased_purges":2,"victory":true,"max_hp_per_floor":[80,80,80,80,80,80,80,80,80,80,80,80,80,80,80,80,80,80,80,80,80,80,90,90,90,90,90,90,90,90,90,90,90,90,90,90,90,90,90,90,90,90,90,90,90,90,90,90,90,90,90,90,90,90,90],"card_choices":[{"not_picked":["Armaments","Iron Wave"],"picked":"Uppercut","floor":1},{"not_picked":["Heavy Blade","Searing Blow"],"picked":"Headbutt","floor":5},{"not_picked":["Body Slam","Sever Soul"],"picked":"Anger","floor":6},{"not_picked":["Battle Trance","Blood for Blood"],"picked":"Shockwave","floor":8},{"not_picked":["Whirlwind","Power Through"],"picked":"Feel No Pain","floor":11},{"not_picked":["Searing Blow","Shockwave"],"picked":"Metallicize","floor":12},{"not_picked":["Sword Boomerang","Perfected Strike","Clothesline"],"picked":"SKIP","floor":13},{"not_picked":["Sword Boomerang","Searing Blow"],"picked":"True Grit","floor":14},{"not_picked":["Fiend Fire","Barricade"],"picked":"Offering","floor":16},{"not_picked":["Hemokinesis","Twin Strike"],"picked":"Inflame","floor":17},{"not_picked":["Sword Boomerang","Body Slam"],"picked":"Pummel","floor":17},{"not_picked":["Sword Boomerang","Clothesline"],"picked":"Seeing Red","floor":17},{"not_picked":["Havoc","Dual Wield"],"picked":"Seeing Red","floor":17},{"not_picked":["Armaments","Juggernaut"],"picked":"Warcry","floor":17},{"not_picked":["Flex+1","Cleave+1"],"picked":"Intimidate+1","floor":18},{"not_picked":["Clothesline","Evolve+1"],"picked":"Combust","floor":19},{"not_picked":["Clothesline","Twin Strike","Whirlwind"],"picked":"SKIP","floor":20},{"not_picked":["Iron Wave","Inflame"],"picked":"Shockwave+1","floor":22},{"not_picked":["Body Slam","Flame Barrier"],"picked":"Feel No Pain","floor":23},{"not_picked":["Sentinel","Cleave"],"picked":"Dark Embrace","floor":25},{"not_picked":["Twin Strike","Wild Strike"],"picked":"Seeing Red+1","floor":30},{"not_picked":["Cleave","Shrug It Off+1"],"picked":"Dropkick","floor":31},{"not_picked":["Immolate","Dark Embrace"],"picked":"Barricade","floor":33},{"not_picked":["Intimidate+1","Clothesline+1"],"picked":"Bloodletting","floor":35},{"not_picked":["Wild Strike","Infernal Blade","True Grit"],"picked":"SKIP","floor":36},{"not_picked":["Fire Breathing+1","Hemokinesis+1"],"picked":"Havoc+1","floor":39},{"not_picked":["Heavy Blade+1","Warcry","Perfected Strike"],"picked":"SKIP","floor":41},{"not_picked":["Perfected Strike+1","Iron Wave+1"],"picked":"Dropkick","floor":44},{"not_picked":["Warcry+1","Dual Wield+1","Uppercut+1"],"picked":"SKIP","floor":45},{"not_picked":["Good Instincts","Blind"],"picked":"HandOfGreed","floor":47},{"not_picked":["The Bomb","Impatience"],"picked":"Secret Technique","floor":47},{"not_picked":["Shockwave","Wild Strike"],"picked":"Disarm","floor":54}],"player_experience":763410,"relics_obtained":[{"floor":6,"key":"Bag of Preparation"},{"floor":8,"key":"Champion Belt"},{"floor":9,"key":"Potion Belt"},{"floor":11,"key":"Odd Mushroom"},{"floor":12,"key":"PreservedInsect"},{"floor":23,"key":"Pear"},{"floor":25,"key":"Self Forming Clay"},{"floor":26,"key":"Ancient Tea Set"},{"floor":30,"key":"Juzu Bracelet"},{"floor":39,"key":"Dead Branch"},{"floor":41,"key":"MawBank"},{"floor":46,"key":"Calipers"},{"floor":54,"key":"Oddly Smooth Stone"}],"event_choices":[{"damage_healed":0,"gold_gain":0,"player_choice":"Entered Light","damage_taken":16,"max_hp_gain":0,"max_hp_loss":0,"event_name":"Shining Light","floor":2,"gold_loss":0,"cards_upgraded":["Defend_R","Strike_R"]},{"damage_healed":0,"gold_gain":75,"player_choice":"Gather Gold","damage_taken":11,"max_hp_gain":0,"max_hp_loss":0,"event_name":"World of Goop","floor":4,"gold_loss":0},{"damage_healed":0,"gold_gain":0,"player_choice":"Fought Mushrooms","damage_taken":0,"max_hp_gain":0,"max_hp_loss":0,"event_name":"Mushrooms","floor":11,"gold_loss":0},{"damage_healed":0,"gold_gain":200,"player_choice":"Gold","damage_taken":0,"max_hp_gain":0,"max_hp_loss":0,"event_name":"Wheel of Change","floor":28,"gold_loss":0},{"damage_healed":0,"gold_gain":0,"player_choice":"Embrace Madness","damage_taken":11,"max_hp_gain":0,"max_hp_loss":0,"event_name":"Winding Halls","floor":38,"gold_loss":0,"cards_obtained":["Madness","Madness"]},{"damage_healed":0,"gold_gain":0,"player_choice":"Fight","damage_taken":0,"max_hp_gain":0,"max_hp_loss":0,"event_name":"MindBloom","floor":39,"gold_loss":0},{"damage_healed":0,"gold_gain":0,"player_choice":"0 cards matched","damage_taken":0,"max_hp_gain":0,"max_hp_loss":0,"event_name":"Match and Keep!","floor":42,"gold_loss":0,"cards_obtained":[]},{"damage_healed":0,"gold_gain":0,"player_choice":"Fight","damage_taken":0,"max_hp_gain":0,"max_hp_loss":0,"event_name":"Mysterious Sphere","floor":46,"gold_loss":0},{"damage_healed":0,"gold_gain":0,"player_choice":"Memory 3","damage_taken":10,"max_hp_gain":0,"max_hp_loss":0,"event_name":"SensoryStone","floor":47,"gold_loss":0},{"damage_healed":0,"gold_gain":0,"player_choice":"Ignored","damage_taken":0,"max_hp_gain":0,"max_hp_loss":0,"event_name":"Tomb of Lord Red Mask","floor":48,"gold_loss":0}],"is_beta":false,"boss_relics":[{"not_picked":["Mark of Pain","Runic Pyramid"],"picked":"Orrery"},{"not_picked":["Eternal Feather","Pandora\u0027s Box"],"picked":"Snecko Eye"}],"items_purged_floors":[37,53],"is_endless":false,"potions_floor_spawned":[5,6,13,14,19,22,25,30,36,46],"ascension_level":4}