{"gold_per_floor":[114,194,209,209,174,204,204,219,244,274,289,304,319,349,349,449,449,464,514,62,77,92,92,122,122,122,152,152,182,32,47,47,147,147,162,162,177,192,42,72,72,0,25,67,129,171,283,310,322,334],"floor_reached":51,"playtime":7111,"items_purged":[],"score":1038,"play_id":"dceefb92-a52f-4738-a1e7-228f2979d5b0","local_time":"20190311180725","daily_mods":["Draft","Time Dilation","Elite Swarm"],"is_ascension_mode":false,"campfire_choices":[{"data":"Loop","floor":7,"key":"SMITH"},{"data":"Echo Form","floor":15,"key":"SMITH"},{"data":"Transmutation","floor":23,"key":"SMITH"},{"data":"Self Repair","floor":25,"key":"SMITH"},{"floor":28,"key":"REST"},{"floor":32,"key":"REST"},{"data":"Aggregate","floor":41,"key":"SMITH"},{"data":"1","floor":49,"key":"LIFT"}],"neow_cost":"","seed_source_timestamp":0,"circlet_count":0,"master_deck":["Storm","Force Field","Turbo","Reinforced Body","Genetic Algorithm","Coolheaded","Capacitor","Aggregate+1","Melter","Sweeping Beam","Self Repair+1","Sunder","Genetic Algorithm","Loop+1","Cold Snap","Cold Snap","Blizzard","Meteor Strike","Go for the Eyes","Electrodynamics","Ball Lightning","Compile Driver","Thunder Strike","Echo Form+1","All For One","Glacier+1","Hello World","Transmutation+1","Turbo+1","Rebound","Creative AI","Seek+1","Seek","Leap","Reprogram","Seek","Turbo","Turbo+1","Apotheosis","Dramatic Entrance","Mind Blast","Sunder","Heatsinks+1","Auto Shields+1","Ball Lightning+1","Meteor Strike","All For One","Defragment+1","Echo Form","Redo+1","Self Repair+1","FTL+1"],"special_seed":17966,"relics":["Cracked Core","Centennial Puzzle","FossilizedHelix","Bag of Preparation","Ice Cream","Pen Nib","Eternal Feather","HandDrill","Prayer Wheel","Darkstone Periapt","Omamori","Matryoshka","War Paint","Nuclear Battery","Boot","Cables","Red Mask","MawBank","Potion Belt","StoneCalendar","Unceasing Top","DataDisk","Girya"],"potions_floor_usage":[6,16,16,22,29,33,33,33,45,50,50],"damage_taken":[{"damage":7,"enemies":"2 Louse","floor":1,"turns":2},{"damage":9,"enemies":"Jaw Worm","floor":3,"turns":4},{"damage":19,"enemies":"Gremlin Nob","floor":6,"turns":4},{"damage":0,"enemies":"Cultist","floor":8,"turns":3},{"damage":0,"enemies":"Lagavulin","floor":10,"turns":6},{"damage":0,"enemies":"Red Slaver","floor":11,"turns":3},{"damage":0,"enemies":"Looter","floor":12,"turns":2},{"damage":0,"enemies":"Blue Slaver","floor":13,"turns":4},{"damage":0,"enemies":"Gremlin Nob","floor":14,"turns":5},{"damage":17,"enemies":"The Guardian","floor":16,"turns":6},{"damage":0,"enemies":"Chosen","floor":18,"turns":4},{"damage":0,"enemies":"Shell Parasite","floor":21,"turns":2},{"damage":0,"enemies":"Snake Plant","floor":22,"turns":4},{"damage":7,"enemies":"Gremlin Leader","floor":24,"turns":5},{"damage":45,"enemies":"Book of Stabbing","floor":27,"turns":4},{"damage":25,"enemies":"Gremlin Leader","floor":29,"turns":7},{"damage":0,"enemies":"Chosen and Byrds","floor":31,"turns":4},{"damage":53,"enemies":"Collector","floor":33,"turns":7},{"damage":6,"enemies":"3 Darklings","floor":35,"turns":2},{"damage":0,"enemies":"3 Shapes","floor":37,"turns":2},{"damage":0,"enemies":"3 Darklings","floor":38,"turns":2},{"damage":0,"enemies":"Giant Head","floor":40,"turns":5},{"damage":0,"enemies":"Nemesis","floor":44,"turns":3},{"damage":4,"enemies":"2 Orb Walkers","floor":45,"turns":3},{"damage":0,"enemies":"Giant Head","floor":46,"turns":1},{"damage":7,"enemies":"Mind Bloom Boss Battle","floor":47,"turns":4},{"damage":10,"enemies":"Spire Growth","floor":48,"turns":3},{"damage":34,"enemies":"Donu and Deca","floor":50,"turns":5}],"seed_played":"-4617565889114114574","potions_obtained":[{"floor":1,"key":"Energy Potion"},{"floor":6,"key":"SteroidPotion"},{"floor":10,"key":"EssenceOfSteel"},{"floor":11,"key":"Fire Potion"},{"floor":16,"key":"Weak Potion"},{"floor":21,"key":"AttackPotion"},{"floor":24,"key":"Dexterity Potion"},{"floor":31,"key":"Poison Potion"},{"floor":38,"key":"SmokeBomb"},{"floor":40,"key":"Dexterity Potion"},{"floor":44,"key":"GamblersBrew"},{"floor":46,"key":"LiquidBronze"}],"is_trial":false,"path_per_floor":["M","?","M","?","?","E","R","M","T","E","M","M","M","E","R","B",null,"M","?","$","M","M","R","E","R","T","E","R","E","$","M","R","B",null,"M","?","M","M","$","E","R","?","T","E","?","E","?","M","R","B",null],"character_chosen":"DEFECT","items_purchased":["HandDrill","Hello World","Transmutation","War Paint","Boot"],"campfire_rested":2,"item_purchase_floors":[20,20,20,30,39],"current_hp_per_floor":[75,75,73,61,75,63,63,70,70,75,75,75,75,75,75,65,75,75,75,75,75,75,75,68,75,75,30,70,55,55,65,75,22,75,69,59,59,69,69,69,75,75,75,75,71,75,75,75,75,61],"gold":346,"neow_bonus":"","is_prod":false,"is_daily":true,"chose_seed":false,"campfire_upgraded":5,"win_rate":0.0,"timestamp":1552327645,"path_taken":["M","?","M","?","?","E","R","M","T","E","M","M","M","E","R","BOSS","M","?","$","?","M","R","E","R","T","E","R","E","?","M","R","BOSS","M","?","M","M","$","E","R","?","T","E","?","E","?","M","R","BOSS"],"build_version":"2019-01-23","purchased_purges":0,"victory":true,"max_hp_per_floor":[75,75,75,75,75,75,75,75,75,75,75,75,75,75,75,75,75,75,75,75,75,75,75,75,75,75,75,75,75,75,75,75,75,75,75,75,75,75,75,75,75,75,75,75,75,75,75,75,75,75],"card_choices":[{"not_picked":["Beam Cell","Barrage"],"picked":"Storm","floor":0},{"not_picked":["Undo","Leap"],"picked":"Force Field","floor":0},{"not_picked":["Beam Cell","Streamline"],"picked":"Turbo","floor":0},{"not_picked":["Compile Driver","Steam"],"picked":"Reinforced Body","floor":0},{"not_picked":["Stack","Redo"],"picked":"Genetic Algorithm","floor":0},{"not_picked":["Turbo","Storm"],"picked":"Coolheaded","floor":0},{"not_picked":["Beam Cell","Rebound"],"picked":"Capacitor","floor":0},{"not_picked":["Go for the Eyes","Ball Lightning"],"picked":"Aggregate","floor":0},{"not_picked":["Rip and Tear","Conserve Battery"],"picked":"Melter","floor":0},{"not_picked":["Reprogram","Aggregate"],"picked":"Sweeping Beam","floor":0},{"not_picked":["Redo","Doom and Gloom"],"picked":"Self Repair","floor":0},{"not_picked":["Barrage","Reinforced Body"],"picked":"Sunder","floor":0},{"not_picked":["Gash","Sweeping Beam"],"picked":"Genetic Algorithm","floor":0},{"not_picked":["Rebound","Turbo"],"picked":"Loop","floor":0},{"not_picked":["Beam Cell","Reprogram"],"picked":"Cold Snap","floor":0},{"not_picked":["Redo","Coolheaded"],"picked":"Cold Snap","floor":1},{"not_picked":["Turbo","Chaos"],"picked":"Blizzard","floor":3},{"not_picked":["Machine Learning","Multi-Cast"],"picked":"Meteor Strike","floor":6},{"not_picked":["Aggregate","Barrage"],"picked":"Go for the Eyes","floor":8},{"not_picked":["All For One","Fission"],"picked":"Electrodynamics","floor":10},{"not_picked":["Streamline","Rebound"],"picked":"Ball Lightning","floor":11},{"not_picked":["Steam","Beam Cell"],"picked":"Compile Driver","floor":12},{"not_picked":["Turbo","Consume"],"picked":"Thunder Strike","floor":13},{"not_picked":["Thunder Strike","Seek"],"picked":"Echo Form","floor":14},{"not_picked":["Electrodynamics","Multi-Cast"],"picked":"All For One","floor":16},{"not_picked":["Leap","Ball Lightning"],"picked":"Glacier","floor":18},{"not_picked":["Beam Cell","Gash"],"picked":"Turbo+1","floor":21},{"not_picked":["Go for the Eyes","Gash+1"],"picked":"Rebound","floor":22},{"not_picked":["Thunder Strike","Echo Form"],"picked":"Creative AI","floor":24},{"not_picked":["Meteor Strike","Biased Cognition"],"picked":"Seek","floor":27},{"not_picked":["Thunder Strike","Amplify"],"picked":"Seek","floor":29},{"not_picked":["Cold Snap","Rebound"],"picked":"Leap","floor":31},{"not_picked":["Lockon","Coolheaded"],"picked":"Reprogram","floor":31},{"not_picked":["Biased Cognition","Echo Form"],"picked":"Seek","floor":33},{"not_picked":["Compile Driver","Barrage"],"picked":"Turbo","floor":35},{"not_picked":["Rip and Tear","Cold Snap+1"],"picked":"Turbo+1","floor":35},{"not_picked":["Bandage Up","Sadistic Nature"],"picked":"Apotheosis","floor":36},{"not_picked":["Enlightenment","Forethought"],"picked":"Dramatic Entrance","floor":36},{"not_picked":["Bandage Up","Panacea"],"picked":"Mind Blast","floor":36},{"not_picked":["Sweeping Beam","Hologram+1"],"picked":"Sunder","floor":37},{"not_picked":["Leap+1","Barrage+1"],"picked":"Heatsinks+1","floor":37},{"not_picked":["Barrage+1","Ball Lightning"],"picked":"Auto Shields+1","floor":38},{"not_picked":["Steam","Sweeping Beam"],"picked":"Ball Lightning+1","floor":38},{"not_picked":["Hyperbeam","Machine Learning"],"picked":"Meteor Strike","floor":40},{"not_picked":["Machine Learning","Hyperbeam"],"picked":"All For One","floor":44},{"not_picked":["Coolheaded+1","Redo+1"],"picked":"Defragment+1","floor":45},{"not_picked":["Creative AI","Amplify"],"picked":"Echo Form","floor":46},{"not_picked":["Rebound+1","Gash"],"picked":"Redo+1","floor":47},{"not_picked":["Ball Lightning","Glacier"],"picked":"Self Repair+1","floor":48},{"not_picked":["Compile Driver","Sweeping Beam+1"],"picked":"FTL+1","floor":48}],"player_experience":258514,"relics_obtained":[{"floor":6,"key":"FossilizedHelix"},{"floor":9,"key":"Bag of Preparation"},{"floor":10,"key":"Ice Cream"},{"floor":14,"key":"Pen Nib"},{"floor":24,"key":"Prayer Wheel"},{"floor":26,"key":"Darkstone Periapt"},{"floor":27,"key":"Omamori"},{"floor":29,"key":"Matryoshka"},{"floor":40,"key":"Cables"},{"floor":43,"key":"MawBank"},{"floor":43,"key":"Potion Belt"},{"floor":44,"key":"StoneCalendar"},{"floor":45,"key":"Unceasing Top"},{"floor":46,"key":"DataDisk"},{"floor":47,"key":"Girya"}],"event_choices":[{"damage_healed":0,"gold_gain":80,"player_choice":"Gained Gold","damage_taken":0,"max_hp_gain":0,"max_hp_loss":0,"event_name":"Golden Wing","floor":2,"gold_loss":0},{"damage_healed":0,"gold_gain":0,"player_choice":"Success","damage_taken":12,"relics_obtained":["Centennial Puzzle"],"max_hp_gain":0,"max_hp_loss":0,"event_name":"Scrap Ooze","floor":4,"gold_loss":0},{"damage_healed":18,"gold_gain":0,"player_choice":"Healed","damage_taken":0,"max_hp_gain":0,"max_hp_loss":0,"event_name":"The Cleric","floor":5,"gold_loss":35},{"damage_healed":0,"gold_gain":100,"player_choice":"Bet on Murderer","damage_taken":0,"max_hp_gain":0,"max_hp_loss":0,"event_name":"The Joust","floor":19,"gold_loss":50},{"damage_healed":0,"gold_gain":0,"player_choice":"Memory 3","damage_taken":10,"max_hp_gain":0,"max_hp_loss":0,"event_name":"SensoryStone","floor":36,"gold_loss":0},{"damage_healed":0,"gold_gain":0,"player_choice":"Paid","damage_taken":0,"relics_obtained":["Red Mask"],"max_hp_gain":0,"max_hp_loss":0,"event_name":"Tomb of Lord Red Mask","floor":42,"gold_loss":72},{"damage_healed":0,"gold_gain":0,"player_choice":"Fight","damage_taken":0,"max_hp_gain":0,"max_hp_loss":0,"event_name":"Mysterious Sphere","floor":45,"gold_loss":0},{"damage_healed":0,"gold_gain":0,"player_choice":"Fight","damage_taken":0,"max_hp_gain":0,"max_hp_loss":0,"event_name":"MindBloom","floor":47,"gold_loss":0}],"is_beta":false,"boss_relics":[{"not_picked":["Philosopher\u0027s Stone","Coffee Dripper"],"picked":"Eternal Feather"},{"not_picked":["Lizard Tail","Empty Cage"],"picked":"Nuclear Battery"}],"items_purged_floors":[],"is_endless":false,"potions_floor_spawned":[1,6,10,11,16,21,24,31,38,40,44,46],"ascension_level":0}