{"path_per_floor":["M","?","?","M","M","R","E","M","T","M","?","E","R","M","R"],"character_chosen":"THE_SILENT","items_purchased":[],"gold_per_floor":[115,115,115,134,152,152,183,208,208,224,224,260,260,281,281],"floor_reached":16,"campfire_rested":2,"playtime":809,"current_hp_per_floor":[69,62,45,44,38,59,46,46,56,54,54,54,54,34,60],"items_purged":[],"gold":281,"score":162,"play_id":"685da1d3-0729-4913-95b2-44437218a2db","is_prod":false,"is_daily":false,"is_ascension_mode":false,"campfire_upgraded":1,"path_taken":["M","?","?","M","M","R","E","M","T","M","?","E","R","M","R","BOSS"],"build_version":"2018-02-15-PROD1","purchased_purges":0,"victory":false,"master_deck":["Defend_G","Defend_G","Defend_G","Defend_G","Strike_G","Strike_G","Strike_G","Strike_G","Survivor","Neutralize","Calculated Gamble","Sucker Punch","Underhanded Strike","All Out Attack","Escape Plan","Adrenaline+1","Prepared","Outmaneuver","Infinite Blades"],"max_hp_per_floor":[70,70,70,70,70,70,77,77,87,87,87,87,87,87,87],"relics":["Ring of the Snake","Golden Idol","Strawberry","Pear","Bag of Preparation"],"card_choices":[{"not_picked":["Cloak And Dagger","Dagger Throw"],"picked":"Calculated Gamble"},{"not_picked":["Deadly Poison","Bane"],"picked":"Sucker Punch"},{"not_picked":["Dagger Throw","Caltrops"],"picked":"Underhanded Strike"},{"not_picked":["Prepared","Dagger Throw"],"picked":"All Out Attack"},{"not_picked":["Cloak And Dagger","Slice"],"picked":"Escape Plan"},{"not_picked":["Cloak And Dagger","Eviscerate"],"picked":"Adrenaline"},{"not_picked":["Slice","Bane"],"picked":"Outmaneuver"},{"not_picked":["Poisoned Stab","Deadly Poison"],"picked":"Infinite Blades"}],"player_experience":154499,"potions_floor_usage":[7,12,12],"damage_taken":[{"damage":1,"enemies":"2 Louse","floor":1,"turns":3},{"damage":1,"enemies":"Cultist","floor":4,"turns":5},{"damage":6,"enemies":"Jaw Worm","floor":5,"turns":4},{"damage":20,"enemies":"Gremlin Nob","floor":7,"turns":4},{"damage":0,"enemies":"3 Louse","floor":8,"turns":2},{"damage":2,"enemies":"Looter","floor":10,"turns":4},{"damage":0,"enemies":"3 Sentries","floor":12,"turns":3},{"damage":20,"enemies":"Exordium Thugs","floor":14,"turns":4},{"damage":61,"enemies":"Hexaghost","floor":16,"turns":12}],"event_choices":[{"event_name":"Golden Wing","player_choice":"Card Removal","floor":2,"damage_taken":0},{"event_name":"Golden Idol","player_choice":"Take Damage","floor":3,"damage_taken":0},{"event_name":"Living Wall","player_choice":"Change","floor":11,"damage_taken":0}],"boss_relics":[],"potions_floor_spawned":[4,8,10,14],"seed_played":"-8220516751086854171","killed_by":"Hexaghost","ascension_level":0,"is_trial":false}