{"gold_per_floor":[109,284,284,284,300,325,34,34,60,84,96,120,132,155,167,283,295,318,340,352,1,16,16,26,59,84,19,31,31,49,49,49,147,147,161,176,83,101,117,117,117,117,117,0,14,14,25,43,43,43],"floor_reached":51,"playtime":3232,"items_purged":["Defend_B","Strike_B"],"score":883,"play_id":"191b2474-e0ef-4d63-8fee-853513c519f4","local_time":"20190119133516","is_ascension_mode":true,"campfire_choices":[{"data":"Secret Technique","floor":8.0,"key":"SMITH"},{"data":"Genetic Algorithm","floor":11.0,"key":"SMITH"},{"data":"Zap","floor":13.0,"key":"SMITH"},{"data":"Dualcast","floor":15.0,"key":"SMITH"},{"floor":23.0,"key":"REST"},{"floor":29.0,"key":"REST"},{"floor":32.0,"key":"REST"},{"data":"Recycle","floor":40.0,"key":"SMITH"},{"floor":42.0,"key":"REST"},{"floor":49.0,"key":"REST"}],"neow_cost":"NONE","seed_source_timestamp":570061624648821,"circlet_count":0,"master_deck":["Strike_B","Strike_B","Strike_B","Defend_B","Defend_B","Defend_B","Zap+1","Dualcast+1","BootSequence","Coolheaded","Genetic Algorithm+1","Coolheaded","Secret Technique+1","Rebound","All For One","Gash","Beam Cell","Gash","Undo","Go for the Eyes","Hologram","FTL+1","Recycle+1","Skim+1","Gash","Echo Form","Consume+1","Madness","Redo+1","Compile Driver","Hologram+1","White Noise+1","Electrodynamics","Auto Shields+1","Conserve Battery+1","Trip","Reprogram","Chaos+1","Compile Driver+1","Cold Snap+1"],"special_seed":0,"relics":["Cracked Core","NeowsBlessing","Bag of Preparation","MawBank","Orrery","Membership Card","Dream Catcher","Omamori","Mango","Bronze Scales","Nilry\u0027s Codex","Inserter","Lantern","Red Mask"],"potions_floor_usage":[],"damage_taken":[{"damage":0.0,"enemies":"2 Louse","floor":1.0,"turns":1.0},{"damage":0.0,"enemies":"Small Slimes","floor":5.0,"turns":1.0},{"damage":0.0,"enemies":"Gremlin Nob","floor":6.0,"turns":1.0},{"damage":0.0,"enemies":"Jaw Worm","floor":10.0,"turns":4.0},{"damage":0.0,"enemies":"Blue Slaver","floor":12.0,"turns":5.0},{"damage":1.0,"enemies":"3 Louse","floor":14.0,"turns":3.0},{"damage":71.0,"enemies":"Hexaghost","floor":16.0,"turns":12.0},{"damage":5.0,"enemies":"Chosen","floor":18.0,"turns":4.0},{"damage":10.0,"enemies":"2 Thieves","floor":19.0,"turns":4.0},{"damage":13.0,"enemies":"Cultist and Chosen","floor":22.0,"turns":5.0},{"damage":8.0,"enemies":"3 Cultists","floor":24.0,"turns":5.0},{"damage":18.0,"enemies":"Gremlin Leader","floor":25.0,"turns":4.0},{"damage":19.0,"enemies":"Snake Plant","floor":28.0,"turns":2.0},{"damage":0.0,"enemies":"Centurion and Healer","floor":30.0,"turns":4.0},{"damage":21.0,"enemies":"Automaton","floor":33.0,"turns":10.0},{"damage":5.0,"enemies":"Orb Walker","floor":35.0,"turns":4.0},{"damage":5.0,"enemies":"3 Shapes","floor":36.0,"turns":3.0},{"damage":4.0,"enemies":"Sphere and 2 Shapes","floor":38.0,"turns":4.0},{"damage":24.0,"enemies":"Transient","floor":39.0,"turns":5.0},{"damage":1.0,"enemies":"Jaw Worm Horde","floor":45.0,"turns":3.0},{"damage":34.0,"enemies":"Sphere and 2 Shapes","floor":47.0,"turns":5.0},{"damage":7.0,"enemies":"4 Shapes","floor":48.0,"turns":3.0},{"damage":34,"enemies":"Time Eater","floor":50,"turns":11}],"seed_played":"8325457616171850925","potions_obtained":[{"floor":1.0,"key":"Poison Potion"},{"floor":5.0,"key":"FocusPotion"},{"floor":10.0,"key":"EssenceOfSteel"},{"floor":14.0,"key":"PowerPotion"},{"floor":28.0,"key":"Weak Potion"},{"floor":33.0,"key":"SteroidPotion"},{"floor":38.0,"key":"Poison Potion"},{"floor":39.0,"key":"Fire Potion"}],"is_trial":false,"path_per_floor":["M","?","?","?","M","E","$","R","T","M","R","M","R","M","R","B",null,"M","M","?","$","M","R","M","E","T","$","M","R","M","?","R","B",null,"M","M","$","M","M","R","?","R","T","?","M","$","M","M","R","B",null],"character_chosen":"DEFECT","items_purchased":["Coolheaded","Secret Technique","Membership Card","Dream Catcher","Recycle","Omamori","Madness","Block Potion","Trip"],"campfire_rested":5,"item_purchase_floors":[7,7,21,21,21,21,27,27,37],"current_hp_per_floor":[75,75,80,80,80,80,80,80,80,80,80,80,80,79,79,8,62,57,47,32,32,19,44,36,32,32,32,13,42,42,26,55,34,83,78,73,73,69,45,45,45,74,74,74,73,73,39,32,61,27],"gold":43,"neow_bonus":"THREE_ENEMY_KILL","is_prod":false,"is_daily":false,"chose_seed":false,"campfire_upgraded":5,"win_rate":0,"timestamp":1547933716,"path_taken":["M","?","?","?","?","E","$","R","T","M","R","M","R","M","R","BOSS","M","M","?","$","M","R","M","E","T","$","M","R","M","?","R","BOSS","M","M","$","M","M","R","?","R","T","?","M","?","M","?","R","BOSS"],"build_version":"2019-01-17v2","purchased_purges":2,"victory":true,"max_hp_per_floor":[75,75,80,80,80,80,80,80,80,80,80,80,80,80,80,80,80,80,80,85,85,85,85,85,99,99,99,99,99,99,99,99,99,99,99,99,99,99,99,99,99,99,99,99,99,99,99,99,99,99],"card_choices":[{"not_picked":["Stack","Rebound"],"picked":"BootSequence","floor":1.0},{"not_picked":["Lockon","Melter"],"picked":"Coolheaded","floor":5.0},{"not_picked":["Leap","Rebound"],"picked":"Genetic Algorithm","floor":6.0},{"not_picked":["Chaos","Steam"],"picked":"Rebound","floor":10.0},{"not_picked":["Coolheaded","Steam"],"picked":"All For One","floor":12.0},{"not_picked":["Conserve Battery","Hologram"],"picked":"Gash","floor":14.0},{"not_picked":["Ball Lightning","Storm"],"picked":"Beam Cell","floor":17.0},{"not_picked":["Undo","Barrage"],"picked":"Gash","floor":17.0},{"not_picked":["BootSequence","Rebound"],"picked":"Undo","floor":17.0},{"not_picked":["Ball Lightning","Static Discharge"],"picked":"Go for the Eyes","floor":17.0},{"not_picked":["Steam","Barrage"],"picked":"Hologram","floor":17.0},{"not_picked":["Leap+1","Gash"],"picked":"FTL+1","floor":18.0},{"not_picked":["Rebound+1","Stack","Rip and Tear"],"picked":"SKIP","floor":19.0},{"not_picked":["Lockon","BootSequence+1"],"picked":"Skim+1","floor":22.0},{"not_picked":["Recycle","Undo"],"picked":"Gash","floor":23.0},{"not_picked":["Genetic Algorithm","Rip and Tear+1"],"picked":"Echo Form","floor":24.0},{"not_picked":["Ball Lightning","BootSequence"],"picked":"Consume+1","floor":25.0},{"not_picked":["Recycle","Loop"],"picked":"Redo+1","floor":28.0},{"not_picked":["Redo","Cold Snap"],"picked":"Compile Driver","floor":29.0},{"not_picked":["Fusion","Scrape"],"picked":"Hologram+1","floor":30.0},{"not_picked":["Hello World+1","Melter"],"picked":"White Noise+1","floor":32.0},{"not_picked":["Rainbow","Amplify"],"picked":"Electrodynamics","floor":33.0},{"not_picked":["Force Field+1","Undo+1"],"picked":"Auto Shields+1","floor":35.0},{"not_picked":["Coolheaded","Beam Cell+1"],"picked":"Conserve Battery+1","floor":36.0},{"not_picked":["Melter+1","Chaos+1"],"picked":"Reprogram","floor":38.0},{"not_picked":["Capacitor","Doom and Gloom+1"],"picked":"Chaos+1","floor":39.0},{"not_picked":["Force Field","Conserve Battery+1"],"picked":"Compile Driver+1","floor":42.0},{"not_picked":["Genetic Algorithm+1","Streamline+1","Hologram"],"picked":"SKIP","floor":45.0},{"not_picked":["Melter","Skim+1","Compile Driver+1"],"picked":"SKIP","floor":47.0},{"not_picked":["Rebound","Coolheaded","Chill+1"],"picked":"SKIP","floor":48.0},{"not_picked":["Rebound","Sweeping Beam"],"picked":"Cold Snap+1","floor":49.0}],"player_experience":261112,"relics_obtained":[{"floor":6.0,"key":"Bag of Preparation"},{"floor":9.0,"key":"MawBank"},{"floor":25.0,"key":"Mango"},{"floor":26.0,"key":"Bronze Scales"},{"floor":31.0,"key":"Nilry\u0027s Codex"},{"floor":43.0,"key":"Lantern"}],"event_choices":[{"damage_healed":0.0,"max_hp_gain":0.0,"max_hp_loss":0.0,"gold_gain":175.0,"event_name":"Liars Game","player_choice":"AGREE","floor":2.0,"gold_loss":0.0,"damage_taken":0.0,"cards_obtained":["Doubt"]},{"damage_healed":0.0,"max_hp_gain":5.0,"max_hp_loss":0.0,"gold_gain":0.0,"event_name":"Big Fish","player_choice":"Donut","floor":3.0,"gold_loss":0.0,"damage_taken":0.0},{"cards_removed":["Doubt"],"damage_healed":0.0,"max_hp_gain":0.0,"max_hp_loss":0.0,"gold_gain":0.0,"event_name":"Living Wall","player_choice":"Forget","floor":4.0,"gold_loss":0.0,"damage_taken":0.0},{"damage_healed":0.0,"max_hp_gain":5.0,"max_hp_loss":0.0,"gold_gain":0.0,"event_name":"Forgotten Altar","player_choice":"Shed Blood","floor":20.0,"gold_loss":0.0,"damage_taken":20.0},{"damage_healed":0.0,"max_hp_gain":0.0,"max_hp_loss":0.0,"gold_gain":0.0,"event_name":"Cursed Tome","player_choice":"Obtained Book","floor":31.0,"gold_loss":0.0,"damage_taken":16.0},{"damage_healed":0.0,"max_hp_gain":0.0,"max_hp_loss":0.0,"gold_gain":0.0,"event_name":"Mysterious Sphere","player_choice":"Ignored","floor":41.0,"gold_loss":0.0,"damage_taken":0.0},{"damage_healed":0.0,"max_hp_gain":0.0,"max_hp_loss":0.0,"gold_gain":0.0,"event_name":"Tomb of Lord Red Mask","player_choice":"Paid","floor":44.0,"gold_loss":117.0,"damage_taken":0.0,"relics_obtained":["Red Mask"]}],"is_beta":false,"boss_relics":[{"not_picked":["Astrolabe","Coffee Dripper"],"picked":"Orrery"},{"not_picked":["Lizard Tail","Black Star"],"picked":"Inserter"}],"items_purged_floors":[7,37],"is_endless":false,"potions_floor_spawned":[1,5,10,14,16,19,28,30,33,35,38,39],"ascension_level":5}