{"gold_per_floor":[114,129,144,144,144,174,68,98,148,163,178,178,9,84,84,184,184,199,214,229,229,284,314,329,344,344,359,374,474,504,504,504,604,604,619,634,934,90,105,105,135,150,150,16,16,31,81,96,96,96],"floor_reached":51,"playtime":3146,"items_purged":[],"score":1106,"play_id":"71fd160b-94b6-448a-a0b4-3b951cdb17e4","local_time":"20180730215627","daily_mods":["Brewmaster","Time Dilation","Hoarder"],"is_ascension_mode":false,"campfire_choices":[{"data":"Spot Weakness","floor":12,"key":"SMITH"},{"data":"Bandage Up","floor":15,"key":"SMITH"},{"floor":32,"key":"REST"},{"data":"Bandage Up","floor":40,"key":"SMITH"},{"data":"Apotheosis","floor":49,"key":"SMITH"}],"neow_cost":"","seed_source_timestamp":0,"circlet_count":0,"master_deck":["Strike_R","Strike_R","Strike_R","Strike_R","Strike_R","Defend_R","Defend_R","Defend_R","Defend_R","Bash","Venomology","Venomology","Venomology","Venomology","Venomology","Venomology","Venomology","Venomology","Venomology","Venomology","Venomology","Venomology","Venomology","Venomology","Venomology","Shrug It Off","Shrug It Off","Shrug It Off","Perfected Strike","Perfected Strike","Perfected Strike","Twin Strike","Twin Strike","Twin Strike","Spot Weakness+1","Spot Weakness","Spot Weakness","Perfected Strike","Perfected Strike","Perfected Strike","Havoc","Havoc","Havoc","Inflame","Inflame","Inflame","Warcry","Warcry","Warcry","Perfected Strike","Perfected Strike","Perfected Strike","Bandage Up+1","Bandage Up+1","Bandage Up","Inflame","Inflame","Inflame","Limit Break","Limit Break","Limit Break","Heavy Blade","Heavy Blade","Heavy Blade","Spot Weakness+1","Spot Weakness+1","Spot Weakness+1","Inflame","Inflame","Inflame","Perfected Strike","Perfected Strike","Perfected Strike","Body Slam+1","Body Slam+1","Body Slam+1","Sword Boomerang","Sword Boomerang","Sword Boomerang","Sword Boomerang+1","Sword Boomerang+1","Sword Boomerang+1","Wild Strike","Wild Strike","Wild Strike","Infernal Blade+1","Infernal Blade+1","Infernal Blade+1","Exhume","Exhume","Exhume","Headbutt","Headbutt","Headbutt","Flame Barrier+1","Flame Barrier+1","Flame Barrier+1","Armaments+1","Armaments+1","Armaments+1","Metallicize","Metallicize","Metallicize","Inflame","Inflame","Inflame","Headbutt","Headbutt","Headbutt","Shrug It Off","Shrug It Off","Shrug It Off","Whirlwind","Whirlwind","Whirlwind","Enlightenment","Enlightenment","Enlightenment","Bandage Up","Bandage Up","Bandage Up","Apotheosis","Apotheosis","Apotheosis+1","True Grit","True Grit","True Grit","Spot Weakness","Spot Weakness","Spot Weakness","Anger+1","Anger+1","Anger+1","Feel No Pain+1","Feel No Pain+1","Feel No Pain+1","Feel No Pain","Feel No Pain","Feel No Pain","Madness","Madness","Madness","Evolve+1","Evolve+1","Evolve+1","True Grit+1","True Grit+1","True Grit+1","Rage","Rage","Rage"],"special_seed":17743,"relics":["Burning Blood","White Beast Statue","Blood Vial","Charon\u0027s Ashes","Turnip","Bag of Marbles","Black Star","The Courier","Tiny Chest","Ancient Tea Set","Bronze Scales","StoneCalendar","Gambling Chip","Magic Flower","Blue Candle","Eternal Feather","Old Coin","Anchor","Bottled Flame","Ornamental Fan","Frozen Egg 2","Strawberry"],"potions_floor_usage":[1,1,1,1,2,2,2,2,2,2,3,3,3,3,6,6,6,6,6,6,8,8,10,10,11,16,16,16,18,18,18,19,19,23,23,23,23,24,24,25,25,25,27,28,30,30,30,33,35,35,37,37,37,39,39,39,41,41,41,42,42,42,46,48,48,48,48,50,50],"damage_taken":[{"damage":2,"enemies":"Cultist","floor":1,"turns":6},{"damage":10,"enemies":"Small Slimes","floor":2,"turns":4},{"damage":0,"enemies":"2 Louse","floor":3,"turns":3},{"damage":9,"enemies":"3 Sentries","floor":6,"turns":5},{"damage":0,"enemies":"Lagavulin","floor":8,"turns":3},{"damage":12,"enemies":"Blue Slaver","floor":10,"turns":3},{"damage":0,"enemies":"Exordium Wildlife","floor":11,"turns":2},{"damage":24,"enemies":"The Guardian","floor":16,"turns":5},{"damage":20,"enemies":"3 Byrds","floor":18,"turns":3},{"damage":0,"enemies":"Chosen","floor":19,"turns":1},{"damage":0,"enemies":"Snake Plant","floor":20,"turns":2},{"damage":49,"enemies":"Gremlin Leader","floor":23,"turns":3},{"damage":42,"enemies":"Centurion and Healer","floor":24,"turns":4},{"damage":2,"enemies":"3 Cultists","floor":25,"turns":3},{"damage":0,"enemies":"Snecko","floor":27,"turns":2},{"damage":0,"enemies":"Sentry and Sphere","floor":28,"turns":1},{"damage":23,"enemies":"Slavers","floor":30,"turns":4},{"damage":81,"enemies":"Champ","floor":33,"turns":7},{"damage":23,"enemies":"Flame Bruiser 1 Orb","floor":35,"turns":3},{"damage":24,"enemies":"3 Shapes","floor":36,"turns":3},{"damage":38,"floor":37,"turns":4},{"damage":28,"enemies":"Maw","floor":39,"turns":6},{"damage":53,"enemies":"Giant Head","floor":41,"turns":7},{"damage":44,"enemies":"Spire Growth","floor":42,"turns":4},{"damage":54,"enemies":"Transient","floor":46,"turns":5},{"damage":35,"enemies":"Maw","floor":48,"turns":7},{"damage":120,"enemies":"Time Eater","floor":50,"turns":10}],"seed_played":"4161929215003559377","potions_obtained":[{"floor":1,"key":"FairyPotion"},{"floor":2,"key":"SkillPotion"},{"floor":3,"key":"Block Potion"},{"floor":6,"key":"Dexterity Potion"},{"floor":8,"key":"Ancient Potion"},{"floor":10,"key":"Regen Potion"},{"floor":11,"key":"FearPotion"},{"floor":16,"key":"Explosive Potion"},{"floor":18,"key":"FearPotion"},{"floor":19,"key":"Swift Potion"},{"floor":20,"key":"Strength Potion"},{"floor":23,"key":"AttackPotion"},{"floor":24,"key":"SkillPotion"},{"floor":25,"key":"AttackPotion"},{"floor":27,"key":"Block Potion"},{"floor":28,"key":"Regen Potion"},{"floor":30,"key":"Explosive Potion"},{"floor":33,"key":"BloodPotion"},{"floor":35,"key":"EssenceOfSteel"},{"floor":36,"key":"Swift Potion"},{"floor":37,"key":"SpeedPotion"},{"floor":39,"key":"EssenceOfSteel"},{"floor":41,"key":"SpeedPotion"},{"floor":42,"key":"GamblersBrew"},{"floor":46,"key":"SpeedPotion"}],"is_trial":false,"path_per_floor":["M","M","M","?","?","E","$","E","T","M","M","R","$","?","R","B",null,"M","M","M","T","T","E","M","M","T","M","M","?","E","T","R","B",null,"M","M","?","$","M","R","E","M","T","$","?","M","T","M","R","B"],"character_chosen":"IRONCLAD","items_purchased":["Perfected Strike","Havoc","Bandage Up","Inflame","Metallicize","Inflame","Headbutt","Shrug It Off","Whirlwind","Enlightenment","Bandage Up","Apotheosis","Anchor","True Grit","Spot Weakness","Madness","Evolve+1"],"campfire_rested":1,"item_purchase_floors":[7,7,13,13,38,38,38,38,38,38,38,38,38,38,38,44,44],"current_hp_per_floor":[80,76,80,73,78,85,85,85,85,85,85,85,85,74,74,73,85,75,83,85,85,85,42,16,22,22,36,44,44,41,41,66,12,85,83,70,61,61,45,85,47,15,15,15,74,38,45,46,81,30],"gold":96,"neow_bonus":"","is_prod":false,"is_daily":true,"chose_seed":false,"campfire_upgraded":4,"win_rate":0,"timestamp":1533009387,"path_taken":["M","M","M","?","?","E","?","E","T","M","?","R","$","?","R","BOSS","M","?","M","?","?","E","M","M","T","?","M","?","E","?","R","BOSS","M","M","?","$","M","R","E","M","T","$","?","M","?","?","R","BOSS"],"build_version":"2018-07-26","purchased_purges":0,"victory":true,"max_hp_per_floor":[80,80,80,80,85,85,85,85,85,85,85,85,85,85,85,85,85,85,85,85,85,85,85,85,85,85,85,85,85,85,85,85,85,85,85,85,85,85,85,85,85,85,85,85,74,74,81,81,81,81],"card_choices":[{"not_picked":["Headbutt","Blood for Blood"],"picked":"Shrug It Off","floor":1},{"not_picked":["Metallicize","Sentinel"],"picked":"Perfected Strike","floor":2},{"not_picked":["Body Slam","Feel No Pain"],"picked":"Twin Strike","floor":3},{"not_picked":["Clothesline","Twin Strike"],"picked":"Spot Weakness","floor":6},{"not_picked":["Pommel Strike","Warcry"],"picked":"Inflame","floor":8},{"not_picked":["Hemokinesis","Clothesline"],"picked":"Warcry","floor":10},{"not_picked":["Heavy Blade","Twin Strike"],"picked":"Perfected Strike","floor":11},{"not_picked":["Demon Form","Feed"],"picked":"Limit Break","floor":16},{"not_picked":["Searing Blow","True Grit"],"picked":"Heavy Blade","floor":18},{"not_picked":["Seeing Red","Iron Wave"],"picked":"Spot Weakness+1","floor":19},{"not_picked":["Headbutt+1","Warcry"],"picked":"Inflame","floor":20},{"not_picked":["Shockwave","Clothesline"],"picked":"Perfected Strike","floor":23},{"not_picked":["Shockwave","Sever Soul"],"picked":"Body Slam+1","floor":24},{"not_picked":["Headbutt","Entrench"],"picked":"Sword Boomerang","floor":25},{"not_picked":["Entrench+1","Sever Soul"],"picked":"Sword Boomerang+1","floor":27},{"not_picked":["Warcry","Reckless Charge"],"picked":"Wild Strike","floor":28},{"not_picked":["Intimidate","Entrench"],"picked":"Infernal Blade+1","floor":30},{"not_picked":["Limit Break","Offering"],"picked":"Exhume","floor":33},{"not_picked":["Uppercut+1","Wild Strike"],"picked":"Headbutt","floor":35},{"not_picked":["Headbutt+1","Bludgeon"],"picked":"Flame Barrier+1","floor":36},{"not_picked":["True Grit","Headbutt"],"picked":"Armaments+1","floor":37},{"not_picked":["Armaments+1","Pommel Strike+1"],"picked":"Anger+1","floor":39},{"not_picked":["Flex","Bludgeon"],"picked":"Feel No Pain+1","floor":41},{"not_picked":["Wild Strike","Clash+1"],"picked":"Feel No Pain","floor":42},{"not_picked":["Twin Strike+1","Warcry"],"picked":"True Grit+1","floor":46},{"not_picked":["Sever Soul","Warcry+1"],"picked":"Rage","floor":48}],"player_experience":116779,"relics_obtained":[{"floor":6,"key":"Charon\u0027s Ashes"},{"floor":8,"key":"Turnip"},{"floor":9,"key":"Bag of Marbles"},{"floor":21,"key":"The Courier"},{"floor":22,"key":"Tiny Chest"},{"floor":23,"key":"Ancient Tea Set"},{"floor":23,"key":"Bronze Scales"},{"floor":26,"key":"StoneCalendar"},{"floor":30,"key":"Gambling Chip"},{"floor":30,"key":"Magic Flower"},{"floor":31,"key":"Blue Candle"},{"floor":37,"key":"Old Coin"},{"floor":41,"key":"Bottled Flame"},{"floor":41,"key":"Ornamental Fan"},{"floor":43,"key":"Frozen Egg 2"},{"floor":47,"key":"Strawberry"}],"event_choices":[{"event_name":"Scrap Ooze","player_choice":"success","floor":4,"damage_taken":7},{"event_name":"Big Fish","player_choice":"Donut","floor":5,"damage_taken":0},{"event_name":"World of Goop","player_choice":"Gather Gold","floor":14,"damage_taken":0},{"event_name":"Golden Shrine","player_choice":"Pray","floor":29,"damage_taken":0},{"event_name":"MindBloom","player_choice":"Fight","floor":37,"damage_taken":0},{"event_name":"The Moai Head","player_choice":"Heal","floor":45,"damage_taken":0}],"is_beta":false,"boss_relics":[{"not_picked":["Coffee Dripper","Runic Pyramid"],"picked":"Black Star"},{"not_picked":["Runic Cube","Fusion Hammer"],"picked":"Eternal Feather"}],"items_purged_floors":[],"is_endless":false,"potions_floor_spawned":[1,2,3,6,8,10,11,16,18,19,20,23,24,25,27,28,30,33,35,36,37,39,41,42,46,48],"ascension_level":0}