{"gold_per_floor":[113,128,6,24,37,65,78,109,109,142,142,142,160,85,85,186,186,201,201,212,229,249,284,301,317,363,278,305,320,353,34,34,132,132,146,146,156,176,176,209,227,227],"floor_reached":42,"playtime":4499,"items_purged":["Defend_R"],"score":718,"play_id":"972f15cd-656d-4d51-b588-a3fbd9115a99","local_time":"20190320133946","is_ascension_mode":true,"campfire_choices":[{"data":"Perfected Strike","floor":12,"key":"SMITH"},{"data":"Inflame","floor":15,"key":"SMITH"},{"floor":32,"key":"REST"}],"neow_cost":"NONE","seed_source_timestamp":393004095505369,"circlet_count":0,"master_deck":["Defend_R","Defend_R","Defend_R","Bash+1","Inflame+1","Rage","Perfected Strike+1","Rage","Perfected Strike+1","Twin Strike","Metallicize","Warcry","Inflame","Anger","Impervious","Bite","Bite","Bite","Bite","Bite","Armaments+1","Shrug It Off","Impervious","Twin Strike","Shrug It Off","Flame Barrier","Twin Strike","Spot Weakness+1","Disarm","True Grit+1","Perfected Strike","Inflame","Madness","Madness","Feel No Pain","Metallicize","Reaper"],"relics":["Burning Blood","Anchor","Juzu Bracelet","Pear","Mercury Hourglass","Runic Pyramid","Bag of Preparation","Ancient Tea Set","Turnip","Omamori","Gremlin Horn","Kunai","Orrery","Smiling Mask"],"potions_floor_usage":[13,23,33,37,40,41,41,42],"damage_taken":[{"damage":1,"enemies":"2 Louse","floor":1,"turns":4},{"damage":0,"enemies":"Cultist","floor":2,"turns":3},{"damage":7,"enemies":"Jaw Worm","floor":4,"turns":3},{"damage":16,"enemies":"Exordium Wildlife","floor":5,"turns":6},{"damage":26,"enemies":"Lagavulin","floor":6,"turns":7},{"damage":0,"enemies":"Large Slime","floor":7,"turns":5},{"damage":14,"enemies":"Gremlin Nob","floor":8,"turns":4},{"damage":23,"enemies":"Lagavulin","floor":10,"turns":6},{"damage":5,"enemies":"Lots of Slimes","floor":13,"turns":3},{"damage":34,"enemies":"The Guardian","floor":16,"turns":8},{"damage":0,"enemies":"Spheric Guardian","floor":18,"turns":4},{"damage":0,"enemies":"Chosen","floor":20,"turns":4},{"damage":5,"enemies":"Centurion and Healer","floor":21,"turns":8},{"damage":11,"enemies":"Chosen and Byrds","floor":22,"turns":7},{"damage":34,"enemies":"Slavers","floor":23,"turns":7},{"damage":7,"enemies":"Snake Plant","floor":24,"turns":5},{"damage":4,"enemies":"Shelled Parasite and Fungi","floor":25,"turns":6},{"damage":34,"enemies":"Gremlin Leader","floor":28,"turns":8},{"damage":8,"enemies":"Snecko","floor":29,"turns":6},{"damage":47,"enemies":"Book of Stabbing","floor":30,"turns":7},{"damage":37,"enemies":"Collector","floor":33,"turns":14},{"damage":0,"enemies":"3 Shapes","floor":35,"turns":11},{"damage":0,"enemies":"Orb Walker","floor":37,"turns":5},{"damage":3,"enemies":"Sphere and 2 Shapes","floor":38,"turns":6},{"damage":22,"enemies":"Reptomancer","floor":40,"turns":10},{"damage":61,"enemies":"Jaw Worm Horde","floor":41,"turns":7},{"damage":72,"enemies":"Giant Head","floor":42,"turns":8}],"seed_played":"-5343100965852274744","potions_obtained":[{"floor":1,"key":"Strength Potion"},{"floor":4,"key":"SteroidPotion"},{"floor":5,"key":"Explosive Potion"},{"floor":10,"key":"BloodPotion"},{"floor":16,"key":"Explosive Potion"},{"floor":23,"key":"SpeedPotion"},{"floor":33,"key":"Explosive Potion"},{"floor":40,"key":"Fruit Juice"},{"floor":41,"key":"Energy Potion"}],"is_trial":false,"path_per_floor":["?","?","?","?","?"],"character_chosen":"IRONCLAD","items_purchased":["Rage","Perfected Strike","Flame Barrier","Kunai"],"campfire_rested":1,"item_purchase_floors":[3,3,31,31],"current_hp_per_floor":[77,80,80,79,69,49,55,47,57,40,40,40,50,50,50,22,73,79,63,63,63,63,52,59,63,63,63,50,62,31,31,49,51,60,63,55,63,63,63,62,17,0],"gold":227,"neow_bonus":"UPGRADE_CARD","is_prod":false,"is_daily":false,"chose_seed":false,"campfire_upgraded":2,"win_rate":0,"timestamp":1553103586,"path_taken":["M","M","$","M","M","E","M","E","T","E","?","R","M","$","R","BOSS","M","?","M","M","M","E","M","M","T","?","E","M","E","$","R","BOSS","M","?","M","M","?","E","M","E"],"build_version":"2019-01-23","purchased_purges":1,"victory":false,"max_hp_per_floor":[80,80,80,80,80,80,80,80,90,90,90,90,90,90,90,90,90,90,63,63,63,63,63,63,63,63,63,63,63,63,63,63,63,63,63,63,63,63,63,68,68,68],"card_choices":[{"not_picked":["Sever Soul","Thunderclap","Bloodletting"],"picked":"SKIP","floor":1},{"not_picked":["Shrug It Off","Body Slam"],"picked":"Inflame","floor":2},{"not_picked":["Dual Wield","Entrench"],"picked":"Rage","floor":4},{"not_picked":["Flex","Anger"],"picked":"Perfected Strike","floor":5},{"not_picked":["Anger","Blood for Blood"],"picked":"Twin Strike","floor":6},{"not_picked":["Shrug It Off","Infernal Blade"],"picked":"Metallicize","floor":7},{"not_picked":["Headbutt","Rage"],"picked":"Warcry","floor":8},{"not_picked":["Dropkick","Seeing Red"],"picked":"Inflame","floor":10},{"not_picked":["Flex","Havoc"],"picked":"Anger","floor":13},{"not_picked":["Berserk","Barricade"],"picked":"Impervious","floor":16},{"not_picked":["Reckless Charge","Battle Trance","Pommel Strike"],"picked":"SKIP","floor":18},{"not_picked":["Anger","Flex"],"picked":"Armaments+1","floor":20},{"not_picked":["Havoc","Heavy Blade"],"picked":"Shrug It Off","floor":21},{"not_picked":["True Grit","Heavy Blade","Armaments"],"picked":"SKIP","floor":22},{"not_picked":["Heavy Blade","Thunderclap","Bloodletting"],"picked":"SKIP","floor":23},{"not_picked":["Heavy Blade","Thunderclap","Bloodletting"],"picked":"SKIP","floor":23},{"not_picked":["True Grit","Entrench"],"picked":"Impervious","floor":24},{"not_picked":["Clash","Iron Wave","Sword Boomerang"],"picked":"SKIP","floor":25},{"not_picked":["Sever Soul","Searing Blow"],"picked":"Twin Strike","floor":28},{"not_picked":["Clothesline","Clash+1"],"picked":"Shrug It Off","floor":29},{"not_picked":["Corruption","Carnage","Cleave"],"picked":"SKIP","floor":30},{"not_picked":["Cleave","Shockwave"],"picked":"Twin Strike","floor":34},{"not_picked":["Shrug It Off","Inflame"],"picked":"Spot Weakness+1","floor":34},{"not_picked":["Pommel Strike","Heavy Blade+1"],"picked":"Disarm","floor":34},{"not_picked":["Thunderclap","Sword Boomerang"],"picked":"True Grit","floor":34},{"not_picked":["Uppercut+1","Cleave"],"picked":"Perfected Strike","floor":34},{"not_picked":["Exhume","Ghostly Armor+1"],"picked":"Inflame","floor":35},{"not_picked":["Sentinel","Thunderclap","Headbutt+1"],"picked":"SKIP","floor":37},{"not_picked":["Body Slam","Havoc"],"picked":"Feel No Pain","floor":38},{"not_picked":["Heavy Blade+1","Hemokinesis"],"picked":"Metallicize","floor":40},{"not_picked":["Wild Strike+1","Anger+1"],"picked":"Reaper","floor":41}],"player_experience":827967,"relics_obtained":[{"floor":6,"key":"Anchor"},{"floor":8,"key":"Juzu Bracelet"},{"floor":9,"key":"Pear"},{"floor":10,"key":"Mercury Hourglass"},{"floor":23,"key":"Bag of Preparation"},{"floor":26,"key":"Ancient Tea Set"},{"floor":28,"key":"Omamori"},{"floor":30,"key":"Gremlin Horn"},{"floor":40,"key":"Smiling Mask"}],"event_choices":[{"damage_healed":0,"gold_gain":0,"player_choice":"Upgraded","damage_taken":0,"max_hp_gain":0,"max_hp_loss":0,"event_name":"Upgrade Shrine","floor":11,"gold_loss":0,"cards_upgraded":["Perfected Strike"]},{"damage_healed":0,"gold_gain":0,"player_choice":"Became a vampire","damage_taken":0,"max_hp_gain":0,"max_hp_loss":27,"event_name":"Vampires","floor":19,"gold_loss":0,"cards_obtained":["Bite","Bite","Bite","Bite","Bite"]},{"damage_healed":0,"gold_gain":0,"player_choice":"Obtained Relic","damage_taken":0,"relics_obtained":["Turnip"],"max_hp_gain":0,"max_hp_loss":0,"event_name":"Addict","floor":27,"gold_loss":85},{"damage_healed":0,"gold_gain":0,"player_choice":"Embrace Madness","damage_taken":8,"max_hp_gain":0,"max_hp_loss":0,"event_name":"Winding Halls","floor":36,"gold_loss":0,"cards_obtained":["Madness","Madness"]},{"damage_healed":0,"gold_gain":0,"player_choice":"Upgraded","damage_taken":0,"max_hp_gain":0,"max_hp_loss":0,"event_name":"Upgrade Shrine","floor":39,"gold_loss":0,"cards_upgraded":["True Grit"]}],"is_beta":false,"boss_relics":[{"not_picked":["Coffee Dripper","Ectoplasm"],"picked":"Runic Pyramid"},{"not_picked":["Snecko Eye","Calling Bell"],"picked":"Orrery"}],"items_purged_floors":[14],"is_endless":false,"potions_floor_spawned":[1,4,5,10,16,20,23,25,28,30,33,40,41],"killed_by":"Giant Head","ascension_level":6}