{"path_per_floor":["M","M","?","?","M","E","R","?","T","M","?","E","M","M","R"],"character_chosen":"IRONCLAD","items_purchased":[],"gold_per_floor":[118,131,131,131,144,169,169,169,169,183,258,286,297,313,313],"floor_reached":16,"campfire_rested":1,"playtime":779,"current_hp_per_floor":[80,80,80,80,79,58,58,46,60,62,51,28,27,33,76],"items_purged":[],"gold":313,"score":112,"play_id":"5fb24409-dadb-4d35-a4ca-9de789b830da","local_time":"20180301223209","is_prod":false,"is_daily":false,"is_ascension_mode":false,"campfire_upgraded":1,"timestamp":1519961529,"path_taken":["M","M","?","?","M","E","R","?","T","M","?","E","M","M","R","BOSS"],"build_version":"2018-03-01-BETA1","purchased_purges":0,"victory":false,"master_deck":["Strike_R+1","Strike_R","Strike_R+1","Strike_R","Defend_R","Defend_R","Defend_R","Defend_R","Bash","Pommel Strike","Cleave","Regret","Sentinel","Evolve+1","Shrug It Off","Offering","Flame Barrier","Flex","Cleave"],"max_hp_per_floor":[80,80,80,80,80,80,80,80,94,94,94,94,94,94,94],"relics":["Burning Blood","Dream Catcher","Regal Pillow","Whetstone","Anchor","Mango","Omamori"],"card_choices":[{"not_picked":["Iron Wave","Sever Soul"],"picked":"Pommel Strike"},{"not_picked":["Wild Strike","Armaments"],"picked":"Cleave"},{"not_picked":["Flex","Intimidate"],"picked":"Sentinel"},{"not_picked":["Heavy Blade","Clothesline"],"picked":"Evolve"},{"not_picked":["Reckless Charge","Warcry"],"picked":"Shrug It Off"},{"not_picked":["Anger","Thunderclap"],"picked":"Offering"},{"not_picked":["Wild Strike","Entrench"],"picked":"Flame Barrier"},{"not_picked":["Pommel Strike","Warcry"],"picked":"Flex"},{"not_picked":["Headbutt","True Grit"],"picked":"Cleave"}],"player_experience":41185,"potions_floor_usage":[6,12,13,14],"damage_taken":[{"damage":2,"enemies":"Small Slimes","floor":1,"turns":4},{"damage":6,"enemies":"Cultist","floor":2,"turns":3},{"damage":7,"enemies":"2 Louse","floor":5,"turns":2},{"damage":27,"enemies":"3 Sentries","floor":6,"turns":9},{"damage":4,"enemies":"2 Fungi Beasts","floor":10,"turns":3},{"damage":29,"enemies":"Lagavulin","floor":12,"turns":7},{"damage":7,"enemies":"Looter","floor":13,"turns":3},{"damage":0,"enemies":"3 Louse","floor":14,"turns":1},{"damage":77,"enemies":"Slime Boss","floor":16,"turns":10}],"event_choices":[{"event_name":"Purifier","player_choice":"One Purge","floor":3,"damage_taken":0},{"event_name":"Big Fish","player_choice":"Box","floor":4,"damage_taken":0},{"event_name":"Scrap Ooze","player_choice":"success","floor":8,"damage_taken":12},{"event_name":"World of Goop","player_choice":"Gather Gold","floor":11,"damage_taken":0}],"boss_relics":[],"potions_floor_spawned":[1,6,10,12],"seed_played":"-5368961804815495663","killed_by":"Slime Boss","ascension_level":0,"is_trial":false}