{"gold_per_floor":[115,115,115,290,290,330,330,371,371,392,408,62,83,127,127,252,252,267,90,114,137,137,137,153,194,194,17,31,56,56,80,80,80],"floor_reached":33,"playtime":1116,"items_purged":[],"score":337,"play_id":"4e388d2f-0c43-421c-9909-8023aa21b3a2","local_time":"20181103231236","is_ascension_mode":false,"campfire_choices":[{"data":"Body Slam","floor":7,"key":"SMITH"},{"data":"Armaments","floor":15,"key":"SMITH"},{"data":"Perfected Strike","floor":23,"key":"SMITH"},{"data":"Perfected Strike","floor":32,"key":"SMITH"}],"neow_cost":"NONE","seed_source_timestamp":2092952356609614,"circlet_count":0,"master_deck":["Strike_R+1","Strike_R+1","Strike_R+1","Strike_R+1","Strike_R+1","Defend_R+1","Defend_R+1","Defend_R+1","Defend_R+1","Bash","Pommel Strike","Body Slam+1","Perfected Strike+1","Twin Strike","Pommel Strike","Perfected Strike+1","Armaments+1","Feed","Bludgeon","Wild Strike+1","Flex","Seeing Red+1","Twin Strike","Shrug It Off+1","Pommel Strike","Wild Strike"],"relics":["Black Blood","NeowsBlessing","Golden Idol","Omamori","Regal Pillow","Magic Flower","Orichalcum","Anchor","Nloth\u0027s Gift","FossilizedHelix","Question Card","Vajra"],"potions_floor_usage":[25,25,31,33],"damage_taken":[{"damage":0,"enemies":"2 Louse","floor":1,"turns":1},{"damage":0,"enemies":"3 Sentries","floor":6,"turns":1},{"damage":0,"enemies":"Lagavulin","floor":8,"turns":1},{"damage":7,"enemies":"Small Slimes","floor":10,"turns":3},{"damage":0,"enemies":"Cultist","floor":11,"turns":3},{"damage":0,"enemies":"Large Slime","floor":13,"turns":3},{"damage":8,"enemies":"3 Sentries","floor":14,"turns":4},{"damage":53,"enemies":"Hexaghost","floor":16,"turns":9},{"damage":4,"enemies":"3 Byrds","floor":18,"turns":5},{"damage":4,"enemies":"Spheric Guardian","floor":20,"turns":3},{"damage":21,"enemies":"Centurion and Healer","floor":21,"turns":6},{"damage":11,"enemies":"Snake Plant","floor":24,"turns":2},{"damage":52,"enemies":"Book of Stabbing","floor":25,"turns":7},{"damage":0,"enemies":"Chosen and Byrds","floor":28,"turns":4},{"damage":10,"enemies":"Sentry and Sphere","floor":29,"turns":4},{"damage":0,"enemies":"Shelled Parasite and Fungi","floor":31,"turns":5},{"damage":95,"enemies":"Collector","floor":33,"turns":11}],"seed_played":"6931872114683362425","potions_obtained":[{"floor":1,"key":"EssenceOfSteel"},{"floor":6,"key":"SpeedPotion"},{"floor":11,"key":"FearPotion"},{"floor":20,"key":"Swift Potion"},{"floor":24,"key":"PowerPotion"},{"floor":25,"key":"Swift Potion"},{"floor":29,"key":"LiquidBronze"}],"is_trial":false,"path_per_floor":["M","?","?","?","?","E","R","E","T","M","M","$","M","E","R","B",null,"M","$","M","M","?","R","M","E","T","$","M","M","?","M","R","B"],"character_chosen":"IRONCLAD","items_purchased":["Perfected Strike","Magic Flower","Flex","Anchor","Wild Strike","Vajra"],"campfire_rested":0,"item_purchase_floors":[12,12,19,19,27,27],"current_hp_per_floor":[80,80,73,73,73,79,79,80,80,79,80,80,80,80,80,36,80,83,83,83,77,77,77,81,44,44,44,64,74,74,89,89,0],"gold":80,"neow_bonus":"THREE_ENEMY_KILL","is_prod":false,"is_daily":false,"chose_seed":false,"campfire_upgraded":4,"win_rate":0,"timestamp":1541308356,"path_taken":["M","?","?","?","?","E","R","E","T","M","M","$","M","E","R","BOSS","M","$","M","?","?","R","?","E","T","$","M","M","?","M","R","BOSS"],"build_version":"2018-11-01","purchased_purges":0,"victory":false,"max_hp_per_floor":[80,80,80,80,80,80,80,80,80,80,80,80,80,80,80,80,80,83,83,83,83,83,83,83,83,83,83,86,89,89,89,89,89],"card_choices":[{"not_picked":["Hemokinesis","Havoc"],"picked":"Pommel Strike","floor":1},{"not_picked":["Clothesline","Evolve"],"picked":"Body Slam","floor":6},{"not_picked":["Body Slam","Bloodletting"],"picked":"Perfected Strike","floor":8},{"not_picked":["Iron Wave","Shrug It Off"],"picked":"Twin Strike","floor":10},{"not_picked":["Limit Break","Bloodletting"],"picked":"Pommel Strike","floor":11},{"not_picked":["Fire Breathing","Rampage"],"picked":"Armaments","floor":13},{"not_picked":["Infernal Blade","Anger"],"picked":"Feed","floor":14},{"not_picked":["Limit Break","Offering"],"picked":"Bludgeon","floor":16},{"not_picked":["Thunderclap","Cleave"],"picked":"Wild Strike+1","floor":18},{"not_picked":["Bludgeon","Clothesline"],"picked":"Seeing Red+1","floor":20},{"not_picked":["Shockwave+1","Ghostly Armor"],"picked":"Twin Strike","floor":21},{"not_picked":["Entrench","Iron Wave+1"],"picked":"Shrug It Off+1","floor":24},{"not_picked":["Offering","Demon Form"],"picked":"Pommel Strike","floor":25},{"not_picked":["Hemokinesis","Clothesline","Searing Blow+1","Sever Soul+1"],"picked":"SKIP","floor":28},{"not_picked":["Iron Wave","Clash","Havoc+1","Flex"],"picked":"SKIP","floor":29},{"not_picked":["Barricade","Headbutt","Burning Pact","Clash"],"picked":"SKIP","floor":31}],"player_experience":1000986,"relics_obtained":[{"floor":6,"key":"Omamori"},{"floor":8,"key":"Regal Pillow"},{"floor":9,"key":"Dodecahedron"},{"floor":14,"key":"Orichalcum"},{"floor":25,"key":"FossilizedHelix"},{"floor":26,"key":"Question Card"}],"event_choices":[{"damage_healed":0,"gold_gain":0,"player_choice":"Take Wound","damage_taken":0,"relics_obtained":["Golden Idol"],"max_hp_gain":0,"max_hp_loss":0,"event_name":"Golden Idol","floor":2,"gold_loss":0,"cards_obtained":["Injury"]},{"cards_removed":["Injury"],"damage_healed":0,"gold_gain":0,"player_choice":"Card Removal","damage_taken":7,"max_hp_gain":0,"max_hp_loss":0,"event_name":"Golden Wing","floor":3,"gold_loss":0},{"damage_healed":0,"gold_gain":175,"player_choice":"AGREE","damage_taken":0,"max_hp_gain":0,"max_hp_loss":0,"event_name":"Liars Game","floor":4,"gold_loss":0,"cards_obtained":["Doubt"]},{"cards_removed":["Doubt"],"damage_healed":0,"gold_gain":0,"player_choice":"Removed Curses","damage_taken":0,"max_hp_gain":0,"max_hp_loss":0,"event_name":"Fountain of Cleansing","floor":5,"gold_loss":0},{"damage_healed":0,"gold_gain":0,"player_choice":"Traded Relic","damage_taken":0,"relics_obtained":["Nloth\u0027s Gift"],"max_hp_gain":0,"max_hp_loss":0,"event_name":"N\u0027loth","floor":22,"relics_lost":["Dodecahedron"],"gold_loss":0},{"damage_healed":0,"gold_gain":0,"player_choice":"Simplicity","damage_taken":0,"max_hp_gain":0,"max_hp_loss":0,"event_name":"Back to Basics","floor":30,"gold_loss":0,"cards_upgraded":["Strike_R","Strike_R","Strike_R","Strike_R","Strike_R","Defend_R","Defend_R","Defend_R","Defend_R"]}],"is_beta":false,"boss_relics":[{"not_picked":["Mark of Pain","Tiny House"],"picked":"Black Blood"}],"items_purged_floors":[],"is_endless":false,"potions_floor_spawned":[1,6,11,20,21,24,25,29],"killed_by":"Collector","ascension_level":0}