{"gold_per_floor":[110,123,143,143,243,255,270,270,270,270,289,317,317,345,345,449,449,467,467,486,502,502,502,535,550,597,597,623,157,169,181,181,276,276],"floor_reached":34,"playtime":2225,"items_purged":["Regret"],"score":429,"play_id":"dfb861b0-9bc3-44d8-8963-61d127680f1a","local_time":"20190210141012","is_ascension_mode":false,"campfire_choices":[{"floor":13,"key":"REST"},{"floor":15,"key":"REST"},{"data":"Barricade","floor":23,"key":"SMITH"},{"data":"Metallicize","floor":27,"key":"SMITH"},{"floor":32,"key":"REST"}],"neow_cost":"TEN_PERCENT_HP_LOSS","seed_source_timestamp":263559123881222,"circlet_count":0,"master_deck":["Strike_R","Strike_R","Strike_R","Strike_R","Defend_R","Defend_R+1","Defend_R+1","Bash","Dark Shackles","Cleave","Battle Trance","Anger","Ghostly Armor","Anger","Barricade+1","Dramatic Entrance+1","Anger+1","Uppercut+1","Metallicize+1","Battle Trance+1","Twin Strike+1","Anger","Ghostly Armor","Dramatic Entrance","Shrug It Off","Iron Wave+1","Feed"],"relics":["Burning Blood","Torii","Unceasing Top","Champion Belt","Art of War","Dodecahedron","Ornamental Fan","Astrolabe","Bag of Marbles","Pen Nib","War Paint","Shuriken","Lizard Tail"],"potions_floor_usage":[12,12,20,24,28,30,33,33],"damage_taken":[{"damage":0,"enemies":"Jaw Worm","floor":1,"turns":3},{"damage":0,"enemies":"2 Louse","floor":2,"turns":2},{"damage":0,"enemies":"Cultist","floor":3,"turns":3},{"damage":10,"enemies":"Blue Slaver","floor":6,"turns":3},{"damage":11,"enemies":"Looter","floor":7,"turns":3},{"damage":3,"enemies":"Exordium Thugs","floor":11,"turns":4},{"damage":14,"enemies":"Gremlin Nob","floor":12,"turns":4},{"damage":24,"enemies":"3 Sentries","floor":14,"turns":9},{"damage":57,"enemies":"Hexaghost","floor":16,"turns":14},{"damage":3,"enemies":"Chosen","floor":18,"turns":4},{"damage":9,"enemies":"Spheric Guardian","floor":20,"turns":6},{"damage":4,"enemies":"Centurion and Healer","floor":21,"turns":5},{"damage":15,"enemies":"Book of Stabbing","floor":24,"turns":5},{"damage":7,"enemies":"3 Cultists","floor":25,"turns":5},{"damage":4,"enemies":"Gremlin Leader","floor":28,"turns":7},{"damage":19,"enemies":"Snecko","floor":30,"turns":6},{"damage":8,"enemies":"Snake Plant","floor":31,"turns":4},{"damage":24,"enemies":"Collector","floor":33,"turns":10}],"seed_played":"-155146943840535876","potions_obtained":[{"floor":1,"key":"Swift Potion"},{"floor":2,"key":"Ancient Potion"},{"floor":7,"key":"PowerPotion"},{"floor":12,"key":"PowerPotion"},{"floor":19,"key":"Fruit Juice"},{"floor":21,"key":"Dexterity Potion"},{"floor":25,"key":"Swift Potion"},{"floor":28,"key":"Dexterity Potion"},{"floor":31,"key":"SkillPotion"}],"is_trial":false,"path_per_floor":["?","?","M","?","?","M","?","M","?","$","M"],"character_chosen":"IRONCLAD","items_purchased":["Shuriken","Dramatic Entrance","Shrug It Off"],"campfire_rested":3,"item_purchase_floors":[29,29,29],"current_hp_per_floor":[72,72,72,72,72,68,63,56,56,56,59,51,72,54,72,21,72,72,72,74,76,76,76,67,66,66,66,68,68,55,53,76,58,77],"gold":276,"neow_bonus":"RANDOM_COLORLESS_2","is_prod":false,"is_daily":false,"chose_seed":false,"campfire_upgraded":2,"win_rate":0,"timestamp":1549825812,"path_taken":["M","M","M","?","?","?","M","?","T","?","?","E","R","E","R","BOSS","M","?","M","?","?","R","E","M","T","R","E","?","?","M","R","BOSS"],"build_version":"2019-01-23","purchased_purges":1,"victory":false,"max_hp_per_floor":[72,72,72,72,72,72,72,72,72,72,72,72,72,72,72,72,72,72,72,77,77,77,77,77,77,77,77,77,77,77,77,77,77,77],"card_choices":[{"not_picked":["Whirlwind","Headbutt"],"picked":"Cleave","floor":1},{"not_picked":["Thunderclap","Armaments","Body Slam"],"picked":"SKIP","floor":2},{"not_picked":["Burning Pact","Pommel Strike"],"picked":"Battle Trance","floor":3},{"not_picked":["Evolve","Clothesline"],"picked":"Anger","floor":6},{"not_picked":["Body Slam","Flame Barrier"],"picked":"Ghostly Armor","floor":7},{"not_picked":["Pummel","Rage","Wild Strike"],"picked":"SKIP","floor":11},{"not_picked":["Thunderclap","Havoc"],"picked":"Anger","floor":12},{"not_picked":["Dropkick","Heavy Blade","Flex"],"picked":"SKIP","floor":14},{"not_picked":["Double Tap","Brutality"],"picked":"Barricade","floor":16},{"not_picked":["Pommel Strike","Searing Blow"],"picked":"Metallicize","floor":18},{"not_picked":["Second Wind","Clothesline"],"picked":"Battle Trance+1","floor":20},{"not_picked":["Headbutt","Sentinel","Battle Trance"],"picked":"SKIP","floor":21},{"not_picked":["Pommel Strike","Headbutt+1"],"picked":"Twin Strike+1","floor":24},{"not_picked":["Combust","Warcry"],"picked":"Anger","floor":25},{"not_picked":["Battle Trance","Pummel"],"picked":"Ghostly Armor","floor":28},{"not_picked":["Burning Pact","Armaments"],"picked":"Iron Wave+1","floor":30},{"not_picked":["Armaments","Headbutt","Second Wind"],"picked":"SKIP","floor":31},{"not_picked":["Double Tap","Fiend Fire"],"picked":"Feed","floor":33}],"player_experience":375565,"relics_obtained":[{"floor":9,"key":"Champion Belt"},{"floor":10,"key":"Art of War"},{"floor":12,"key":"Dodecahedron"},{"floor":14,"key":"Ornamental Fan"},{"floor":24,"key":"Bag of Marbles"},{"floor":26,"key":"Pen Nib"},{"floor":28,"key":"War Paint"}],"event_choices":[{"damage_healed":0,"gold_gain":0,"player_choice":"Box","damage_taken":0,"relics_obtained":["Torii"],"max_hp_gain":0,"max_hp_loss":0,"event_name":"Big Fish","floor":4,"gold_loss":0,"cards_obtained":["Regret"]},{"damage_healed":0,"gold_gain":100,"player_choice":"Pray","damage_taken":0,"max_hp_gain":0,"max_hp_loss":0,"event_name":"Golden Shrine","floor":5,"gold_loss":0},{"damage_healed":0,"gold_gain":0,"player_choice":"Success","damage_taken":7,"relics_obtained":["Unceasing Top"],"max_hp_gain":0,"max_hp_loss":0,"event_name":"Scrap Ooze","floor":8,"gold_loss":0},{"damage_healed":0,"gold_gain":0,"player_choice":"Relic","damage_taken":0,"max_hp_gain":0,"max_hp_loss":0,"event_name":"Wheel of Change","floor":10,"gold_loss":0},{"damage_healed":0,"gold_gain":0,"player_choice":"Got Potions","damage_taken":0,"max_hp_gain":0,"max_hp_loss":0,"event_name":"Lab","floor":19,"gold_loss":0},{"damage_healed":0,"gold_gain":0,"player_choice":"Bought 0 Potions","damage_taken":0,"max_hp_gain":0,"max_hp_loss":0,"event_name":"The Woman in Blue","floor":22,"gold_loss":0}],"is_beta":false,"boss_relics":[{"not_picked":["Fusion Hammer","Runic Cube"],"picked":"Astrolabe"},{"not_picked":["Busted Crown","Cursed Key"],"picked":"Lizard Tail"}],"items_purged_floors":[29],"is_endless":false,"potions_floor_spawned":[1,2,7,11,12,21,25,28,31],"ascension_level":0}