{"gold_per_floor":[113,113,128,143,158,158,198,212,238,250,337,387,424,457,469,481],"floor_reached":16,"playtime":488,"items_purged":[],"score":254,"play_id":"93795a7f-c921-4996-bd97-0ba4cec042fe","local_time":"20181108111728","is_ascension_mode":true,"campfire_choices":[{"data":"Perfected Strike","floor":6,"key":"SMITH"},{"floor":15,"key":"REST"}],"neow_cost":"NONE","seed_source_timestamp":2486281378348444,"circlet_count":0,"master_deck":["AscendersBane","Strike_R","Strike_R","Strike_R","Strike_R","Strike_R","Defend_R","Defend_R","Defend_R","Defend_R","Bash","Pommel Strike","Injury","Wild Strike","Perfected Strike+1","Wild Strike","Spot Weakness+1","Wild Strike","Dropkick","Twin Strike","Warcry+1"],"relics":["Burning Blood","Golden Idol","Toxic Egg 2","MawBank","Pen Nib"],"potions_floor_usage":[7,7,12],"damage_taken":[{"damage":14,"enemies":"Jaw Worm","floor":1,"turns":3},{"damage":10,"enemies":"Small Slimes","floor":3,"turns":4},{"damage":0,"enemies":"2 Louse","floor":4,"turns":2},{"damage":7,"enemies":"2 Fungi Beasts","floor":5,"turns":3},{"damage":30,"enemies":"3 Sentries","floor":7,"turns":7},{"damage":9,"enemies":"Large Slime","floor":8,"turns":4},{"damage":23,"enemies":"Lagavulin","floor":12,"turns":4},{"damage":9,"enemies":"3 Louse","floor":13,"turns":3},{"damage":7,"enemies":"Exordium Wildlife","floor":14,"turns":2}],"seed_played":"-1757212554039067858","potions_obtained":[{"floor":1,"key":"GamblersBrew"},{"floor":3,"key":"Energy Potion"},{"floor":8,"key":"Block Potion"}],"is_trial":false,"path_per_floor":["M","?","M","M","M","R","E","M","T","?","?","E","M","M","R","B"],"character_chosen":"IRONCLAD","items_purchased":[],"campfire_rested":1,"item_purchase_floors":[],"current_hp_per_floor":[72,72,68,74,73,73,49,46,46,75,64,47,44,43,69,0],"gold":481,"neow_bonus":"TEN_PERCENT_HP_BONUS","is_prod":false,"is_daily":false,"chose_seed":false,"campfire_upgraded":1,"win_rate":0,"timestamp":1541701048,"path_taken":["M","?","M","M","M","R","E","M","T","?","?","E","M","M","R","BOSS"],"build_version":"2018-11-01","purchased_purges":0,"victory":false,"max_hp_per_floor":[88,88,88,88,88,88,88,88,88,88,88,88,88,88,88,88],"card_choices":[{"not_picked":["Sever Soul","Sword Boomerang"],"picked":"Pommel Strike","floor":1},{"not_picked":["Clash","Combust"],"picked":"Wild Strike","floor":3},{"not_picked":["Flex","Metallicize"],"picked":"Perfected Strike","floor":4},{"not_picked":["Sword Boomerang","Anger"],"picked":"Wild Strike","floor":5},{"not_picked":["Dual Wield","Bloodletting"],"picked":"Spot Weakness","floor":7},{"not_picked":["Cleave","Spot Weakness+1"],"picked":"Wild Strike","floor":8},{"not_picked":["Feel No Pain","Thunderclap"],"picked":"Dropkick","floor":12},{"not_picked":["Heavy Blade","Sword Boomerang"],"picked":"Twin Strike","floor":13},{"not_picked":["Brutality","Rampage"],"picked":"Warcry+1","floor":14}],"player_experience":1028731,"relics_obtained":[{"floor":7,"key":"Toxic Egg 2"},{"floor":9,"key":"MawBank"},{"floor":12,"key":"Pen Nib"}],"event_choices":[{"damage_healed":0,"gold_gain":0,"player_choice":"Take Wound","damage_taken":0,"relics_obtained":["Golden Idol"],"max_hp_gain":0,"max_hp_loss":0,"event_name":"Golden Idol","floor":2,"gold_loss":0,"cards_obtained":["Injury"]},{"damage_healed":29,"gold_gain":0,"player_choice":"Banana","damage_taken":0,"max_hp_gain":0,"max_hp_loss":0,"event_name":"Big Fish","floor":10,"gold_loss":0},{"damage_healed":0,"gold_gain":75,"player_choice":"Gather Gold","damage_taken":11,"max_hp_gain":0,"max_hp_loss":0,"event_name":"World of Goop","floor":11,"gold_loss":0}],"is_beta":false,"boss_relics":[],"items_purged_floors":[],"is_endless":false,"potions_floor_spawned":[1,3,8],"killed_by":"The Guardian","ascension_level":11}