{"path_per_floor":["M","M","?","M","M","R","M","R","T","M","M","?","R","$","R","B",null],"character_chosen":"THE_SILENT","items_purchased":["Mind Blast","Pen Nib","Strength Potion","PiercingWail","Weak Potion"],"gold_per_floor":[112,129,129,145,164,164,183,183,232,249,259,434,434,56,56,158,158],"floor_reached":18,"campfire_rested":1,"playtime":1322,"current_hp_per_floor":[67,62,62,56,45,45,35,35,35,33,31,31,31,31,52,9,70],"items_purged":[],"gold":98,"play_id":"d817d937-e61e-4ce2-8d0e-126dc7546837","is_prod":false,"is_daily":false,"campfire_rituals":0,"campfire_upgraded":3,"is_hardmode":false,"path_taken":["M","M","?","M","M","R","M","R","T","M","M","?","R","$","R","BOSS","M"],"build_version":"2018-01-04-PROD1","purchased_purges":0,"victory":false,"master_deck":["Defend_G","Defend_G","Defend_G","Defend_G","Defend_G","Strike_G","Strike_G","Strike_G","Strike_G","Strike_G","Survivor","Neutralize","Caltrops","Distraction","Quick Slash","Adrenaline","Outmaneuver","Finisher","Footwork","Doubt","Mind Blast","PiercingWail","Wraith Form"],"max_hp_per_floor":[70,70,70,70,70,70,70,70,70,70,70,70,70,70,70,70,70],"relics":["Ring of the Snake","Happy Flower","Pen Nib","Philosopher\u0027s Stone"],"campfire_meditates":0,"card_choices":[{"not_picked":["Dagger Spray","Well Laid Plans"],"picked":"Caltrops"},{"not_picked":["Acrobatics","Sucker Punch"],"picked":"Distraction"},{"not_picked":["Well Laid Plans","Prepared"],"picked":"Quick Slash"},{"not_picked":["Bane","Prepared"],"picked":"Adrenaline"},{"not_picked":["Flying Knee","Poisoned Stab"],"picked":"Outmaneuver"},{"not_picked":["Outmaneuver","Poisoned Stab"],"picked":"Finisher"},{"not_picked":["Choke","Endless Agony"],"picked":"Footwork"},{"not_picked":["Adrenaline","After Image"],"picked":"Wraith Form"}],"player_experience":25123,"potions_floor_usage":[16,16],"damage_taken":[{"damage":3,"enemies":"Small Slimes","floor":1,"turns":5},{"damage":5,"enemies":"Jaw Worm","floor":2,"turns":5},{"damage":6,"enemies":"Blue Slaver","floor":4,"turns":5},{"damage":11,"enemies":"2 Fungi Beasts","floor":5,"turns":5},{"damage":10,"enemies":"Exordium Wildlife","floor":7,"turns":7},{"damage":2,"enemies":"3 Louse","floor":10,"turns":3},{"damage":2,"enemies":"Exordium Thugs","floor":11,"turns":5},{"damage":58,"enemies":"The Guardian","floor":16,"turns":13},{"damage":35,"enemies":"2 Thieves","floor":18,"turns":4}],"event_choices":[{"event_name":"The Cleric","player_choice":"Leave","floor":3,"damage_taken":0},{"event_name":"Liars Game","player_choice":"agreed","floor":12,"damage_taken":0}],"boss_relics":[{"not_picked":["White Beast Statue","Velvet Choker"],"picked":"Philosopher\u0027s Stone"}],"potions_floor_spawned":[2,5,11,16],"seed_played":"-204649776545660942","killed_by":"2 Thieves","is_trial":false}