{"gold_per_floor":[109,43,56,75,92,92,153,153,177,202,216,216,248,261,261,361,361,344,344,344,17,33,62,80,80,80,80,112,112,122,89,89,193,193,203,203,203,222,45,45,56,56,82,82,113,53,53,69,69,69,69,69,5,32,32],"floor_reached":56,"playtime":5421,"items_purged":["Bloodletting"],"score":1741,"play_id":"893dc127-673d-4fe9-b2e5-e663b496b902","local_time":"20190323234658","is_ascension_mode":true,"campfire_choices":[{"data":"Carnage","floor":6,"key":"SMITH"},{"floor":8,"key":"REST"},{"floor":15,"key":"REST"},{"data":"Corruption","floor":29,"key":"SMITH"},{"floor":32,"key":"REST"},{"data":"Armaments","floor":40,"key":"SMITH"},{"floor":42,"key":"RECALL"},{"data":"Flame Barrier","floor":44,"key":"SMITH"},{"data":"Metallicize","floor":47,"key":"SMITH"},{"data":"Barricade","floor":49,"key":"SMITH"},{"data":"Feel No Pain","floor":52,"key":"SMITH"}],"neow_cost":"NONE","seed_source_timestamp":687696379191855,"circlet_count":0,"master_deck":["Bash+1","Carnage+1","Feel No Pain+1","Warcry","Dark Embrace","Rampage","Corruption+1","Feel No Pain","Shrug It Off","Feed","Entrench","Armaments+1","Dual Wield","Clash","Flame Barrier+1","True Grit","Infernal Blade","Clothesline","Warcry","RitualDagger","Bloodletting","Havoc","Havoc","Flame Barrier","Sentinel+1","Warcry","True Grit+1","True Grit","Dropkick","Warcry+1","Sentinel+1","Metallicize+1","Impervious","Shrug It Off","Shrug It Off+1","Madness","Madness","Shockwave+1","Metallicize","Shrug It Off","Shrug It Off","Shrug It Off","Feel No Pain","Barricade+1","Feel No Pain"],"relics":["Burning Blood","Bag of Preparation","Tiny Chest","Ancient Tea Set","Happy Flower","Mummified Hand","Pandora\u0027s Box","Prayer Wheel","Blood Vial","Sundial","The Courier","Boot","Coffee Dripper","Dream Catcher","Champion Belt","Art of War"],"potions_floor_usage":[14,14,16,45,45,48,55,55],"damage_taken":[{"damage":3,"enemies":"Jaw Worm","floor":1,"turns":4},{"damage":1,"enemies":"Cultist","floor":3,"turns":3},{"damage":14,"enemies":"Small Slimes","floor":4,"turns":5},{"damage":16,"enemies":"Looter","floor":5,"turns":4},{"damage":61,"enemies":"Lagavulin","floor":7,"turns":8},{"damage":8,"enemies":"Gremlin Nob","floor":10,"turns":3},{"damage":18,"enemies":"Lots of Slimes","floor":11,"turns":6},{"damage":16,"enemies":"Lagavulin","floor":13,"turns":6},{"damage":3,"enemies":"Large Slime","floor":14,"turns":6},{"damage":24,"enemies":"Hexaghost","floor":16,"turns":9},{"damage":19,"enemies":"2 Thieves","floor":18,"turns":4},{"damage":0,"enemies":"Shell Parasite","floor":22,"turns":5},{"damage":12,"enemies":"Book of Stabbing","floor":23,"turns":4},{"damage":6,"enemies":"Centurion and Healer","floor":24,"turns":4},{"damage":21,"enemies":"Gremlin Leader","floor":28,"turns":9},{"damage":16,"enemies":"Snake Plant","floor":30,"turns":4},{"damage":50,"enemies":"Champ","floor":33,"turns":12},{"damage":0,"enemies":"3 Shapes","floor":35,"turns":7},{"damage":23,"enemies":"3 Darklings","floor":38,"turns":6},{"damage":3,"enemies":"4 Shapes","floor":41,"turns":3},{"damage":72,"enemies":"Reptomancer","floor":45,"turns":8},{"damage":3,"enemies":"Jaw Worm Horde","floor":48,"turns":6},{"damage":47,"enemies":"Awakened One","floor":50,"turns":19},{"damage":0,"enemies":"Shield and Spear","floor":54,"turns":5},{"damage":24,"enemies":"The Heart","floor":55,"turns":7}],"seed_played":"-5603298794973594646","potions_obtained":[{"floor":4,"key":"Poison Potion"},{"floor":5,"key":"EssenceOfSteel"},{"floor":11,"key":"PowerPotion"},{"floor":14,"key":"Swift Potion"},{"floor":16,"key":"Strength Potion"},{"floor":18,"key":"Weak Potion"},{"floor":30,"key":"Regen Potion"},{"floor":45,"key":"Regen Potion"},{"floor":48,"key":"LiquidBronze"}],"is_trial":false,"path_per_floor":["?","M","?","?","?","M","?","$","$","?","T","$"],"character_chosen":"IRONCLAD","items_purchased":["Prayer Wheel","Havoc","Metallicize","Metallicize","Shrug It Off","Shrug It Off","Shrug It Off","Feel No Pain"],"campfire_rested":3,"item_purchase_floors":[21,21,31,39,39,39,39,53],"current_hp_per_floor":[75,75,80,72,62,62,7,31,31,29,17,17,7,10,34,16,64,54,48,48,48,58,52,57,57,57,57,47,47,39,39,66,24,76,87,75,75,60,60,60,68,68,68,68,22,22,22,50,50,14,88,88,88,100,84],"gold":32,"neow_bonus":"UPGRADE_CARD","is_prod":false,"is_daily":false,"chose_seed":false,"campfire_upgraded":7,"win_rate":0,"timestamp":1553399218,"path_taken":["M","?","?","M","M","R","E","R","T","E","M","?","E","M","R","BOSS","M","?","?","$","?","E","M","?","T","?","E","R","M","?","R","BOSS","M","?","?","M","$","R","M","R","T","R","E","?","R","M","R","BOSS","R","$","E","BOSS"],"build_version":"2019-01-23","purchased_purges":1,"victory":true,"max_hp_per_floor":[80,80,80,80,80,80,80,80,80,80,80,80,80,80,80,80,80,83,83,83,83,87,87,90,90,90,90,93,93,93,93,93,93,93,96,96,96,96,96,96,99,99,99,99,102,102,102,110,110,113,113,113,113,117,117],"card_choices":[{"not_picked":["Flex","Warcry"],"picked":"Carnage","floor":1},{"not_picked":["Sever Soul","Clash"],"picked":"Feel No Pain","floor":3},{"not_picked":["Body Slam","Pommel Strike"],"picked":"Warcry","floor":4},{"not_picked":["Cleave","Intimidate"],"picked":"Dark Embrace","floor":5},{"not_picked":["Armaments","Heavy Blade","Sword Boomerang"],"picked":"SKIP","floor":7},{"not_picked":["Evolve","Headbutt"],"picked":"Rampage","floor":10},{"not_picked":["Clothesline","Burning Pact"],"picked":"Corruption","floor":11},{"not_picked":["Armaments","Shockwave"],"picked":"Feel No Pain","floor":13},{"not_picked":["Fire Breathing","Wild Strike"],"picked":"Shrug It Off","floor":14},{"not_picked":["Demon Form","Double Tap"],"picked":"Feed","floor":16},{"not_picked":["Anger","Infernal Blade"],"picked":"Warcry","floor":18},{"not_picked":["Twin Strike","Thunderclap+1"],"picked":"Flame Barrier","floor":22},{"not_picked":["Perfected Strike","Battle Trance+1"],"picked":"Sentinel+1","floor":22},{"not_picked":["Twin Strike","Headbutt+1"],"picked":"Warcry","floor":23},{"not_picked":["Entrench+1","Havoc"],"picked":"True Grit+1","floor":24},{"not_picked":["Iron Wave","Bludgeon"],"picked":"True Grit","floor":24},{"not_picked":["Impervious","Cleave"],"picked":"Dropkick","floor":28},{"not_picked":["Headbutt","Clothesline"],"picked":"Warcry+1","floor":30},{"not_picked":["Iron Wave","Intimidate"],"picked":"Sentinel+1","floor":30},{"not_picked":["Berserk","Brutality"],"picked":"Impervious","floor":33},{"not_picked":["Pommel Strike","Iron Wave"],"picked":"Shrug It Off","floor":35},{"not_picked":["Flex","Thunderclap"],"picked":"Shrug It Off+1","floor":35},{"not_picked":["Sever Soul","Heavy Blade+1"],"picked":"Shockwave+1","floor":38},{"not_picked":["Heavy Blade","Sword Boomerang+1","Double Tap"],"picked":"SKIP","floor":38},{"not_picked":["Iron Wave+1","Thunderclap+1","Carnage"],"picked":"SKIP","floor":41},{"not_picked":["Headbutt","Clash+1","Infernal Blade+1"],"picked":"SKIP","floor":41},{"not_picked":["Anger+1","Sever Soul","Havoc+1"],"picked":"SKIP","floor":45},{"not_picked":["Sword Boomerang+1","Perfected Strike"],"picked":"Feel No Pain","floor":48},{"not_picked":["Cleave+1","Searing Blow+1"],"picked":"Barricade","floor":48},{"not_picked":["Armaments","Cleave","Clothesline+1"],"picked":"SKIP","floor":54}],"player_experience":960092,"relics_obtained":[{"floor":7,"key":"Tiny Chest"},{"floor":9,"key":"Ancient Tea Set"},{"floor":10,"key":"Happy Flower"},{"floor":13,"key":"Mummified Hand"},{"floor":23,"key":"Blood Vial"},{"floor":26,"key":"The Courier"},{"floor":28,"key":"Boot"},{"floor":43,"key":"Dream Catcher"},{"floor":45,"key":"Champion Belt"},{"floor":54,"key":"Art of War"}],"event_choices":[{"damage_healed":0,"gold_gain":0,"player_choice":"Paid Gold","damage_taken":0,"relics_obtained":["Bag of Preparation"],"max_hp_gain":0,"max_hp_loss":0,"event_name":"WeMeetAgain","floor":2,"gold_loss":66},{"damage_healed":0,"gold_gain":0,"player_choice":"Ignored","damage_taken":0,"max_hp_gain":0,"max_hp_loss":0,"event_name":"Liars Game","floor":12,"gold_loss":0},{"damage_healed":0,"gold_gain":0,"player_choice":"Joined the Cult","damage_taken":6,"max_hp_gain":0,"max_hp_loss":0,"event_name":"Nest","floor":19,"gold_loss":0,"cards_obtained":["RitualDagger"]},{"damage_healed":0,"gold_gain":0,"player_choice":"2 cards matched","damage_taken":0,"max_hp_gain":0,"max_hp_loss":0,"event_name":"Match and Keep!","floor":20,"gold_loss":0,"cards_obtained":["Bloodletting","Havoc"]},{"damage_healed":0,"gold_gain":0,"player_choice":"Opened","damage_taken":0,"relics_obtained":["Sundial"],"max_hp_gain":0,"max_hp_loss":0,"event_name":"The Mausoleum","floor":25,"gold_loss":0},{"damage_healed":0,"gold_gain":0,"player_choice":"Embrace Madness","damage_taken":12,"max_hp_gain":0,"max_hp_loss":0,"event_name":"Winding Halls","floor":36,"gold_loss":0,"cards_obtained":["Madness","Madness"]}],"is_beta":false,"boss_relics":[{"not_picked":["Mark of Pain","Velvet Choker"],"picked":"Pandora\u0027s Box"},{"not_picked":["Busted Crown","Black Blood"],"picked":"Coffee Dripper"}],"items_purged_floors":[46],"is_endless":false,"potions_floor_spawned":[4,5,11,14,16,18,28,30,38,45,48],"ascension_level":8}