{"gold_per_floor":[113,113,138,157,157,157,181,225,298,336,336,27,52,66,66,197,197,220,220,235,255,279,315,315,329,329,329,343,343,358,55,55,185,185,204,228,1227,1250,1268,1287,1287],"floor_reached":41,"playtime":1782,"items_purged":[],"score":524,"play_id":"b31e3729-7357-46e4-87a6-1354bf38f10f","local_time":"20181006025747","is_ascension_mode":true,"campfire_choices":[{"floor":6,"key":"REST"},{"data":"Cloak And Dagger","floor":11,"key":"SMITH"},{"floor":15,"key":"REST"},{"data":"After Image","floor":24,"key":"SMITH"},{"data":"Accuracy","floor":29,"key":"SMITH"},{"floor":32,"key":"REST"}],"neow_cost":"TEN_PERCENT_HP_LOSS","seed_source_timestamp":27845463578321,"circlet_count":0,"master_deck":["Defend_G+1","Defend_G+1","Defend_G+1","Defend_G+1","Defend_G+1","Strike_G+1","Strike_G+1","Strike_G+1","Strike_G+1","Strike_G+1","Survivor","Neutralize","All Out Attack+1","Backstab","Dagger Throw","Escape Plan","Cloak And Dagger+1","Backstab","Dagger Spray","Backflip","After Image+1","Cloak And Dagger","Expertise+1","Flying Knee","Deflect","Accuracy+1","Masterful Stab+1","Master of Strategy","Choke","Backflip","Die Die Die","Accuracy+1","Dagger Throw","Normality","Normality","Cloak And Dagger","Adrenaline","Reflex"],"relics":["Ring of the Snake","Nunchaku","Golden Idol","Pocketwatch","Whetstone","Question Card","Sundial","WingedGreaves","Busted Crown","Tingsha","Pantograph","Runic Dome"],"potions_floor_usage":[8,10,16,33,33,33,39,39],"damage_taken":[{"damage":4,"enemies":"2 Louse","floor":1,"turns":5},{"damage":2,"enemies":"Small Slimes","floor":3,"turns":3},{"damage":0,"enemies":"Cultist","floor":4,"turns":3},{"damage":4,"enemies":"Blue Slaver","floor":7,"turns":3},{"damage":6,"enemies":"Gremlin Nob","floor":8,"turns":3},{"damage":9,"enemies":"3 Sentries","floor":10,"turns":4},{"damage":0,"enemies":"Large Slime","floor":13,"turns":4},{"damage":0,"enemies":"3 Louse","floor":14,"turns":1},{"damage":19,"enemies":"Slime Boss","floor":16,"turns":7},{"damage":1,"enemies":"Chosen","floor":18,"turns":4},{"damage":1,"enemies":"Shell Parasite","floor":20,"turns":5},{"damage":1,"enemies":"Shelled Parasite and Fungi","floor":21,"turns":5},{"damage":5,"enemies":"Centurion and Healer","floor":22,"turns":5},{"damage":22,"enemies":"Gremlin Leader","floor":23,"turns":6},{"damage":0,"enemies":"Snecko","floor":25,"turns":4},{"damage":14,"enemies":"Chosen and Byrds","floor":28,"turns":6},{"damage":12,"enemies":"Shelled Parasite and Fungi","floor":30,"turns":4},{"damage":40,"enemies":"Automaton","floor":33,"turns":11},{"damage":0,"enemies":"Orb Walker","floor":35,"turns":2},{"damage":0,"enemies":"3 Shapes","floor":36,"turns":2},{"damage":13,"enemies":"Jaw Worm Horde","floor":38,"turns":5},{"damage":25,"enemies":"Spire Growth","floor":39,"turns":6},{"damage":8,"enemies":"4 Shapes","floor":40,"turns":7},{"damage":17,"enemies":"2 Orb Walkers","floor":41,"turns":2}],"seed_played":"-3238265412835538665","potions_obtained":[{"floor":1,"key":"AttackPotion"},{"floor":8,"key":"Fire Potion"},{"floor":10,"key":"PowerPotion"},{"floor":22,"key":"SpeedPotion"},{"floor":28,"key":"FearPotion"},{"floor":30,"key":"Dexterity Potion"},{"floor":33,"key":"Weak Potion"},{"floor":35,"key":"Block Potion"},{"floor":36,"key":"Ancient Potion"},{"floor":39,"key":"Ancient Potion"}],"is_trial":false,"path_per_floor":["M","?","M","M","?","R","M","E","T","E","R","$","M","M","R","B",null,"M","?","M","M","M","E","R","M","T","?","M","R","M","$","R","B",null,"M","M","?","M","M","M"],"character_chosen":"THE_SILENT","items_purchased":["WingedGreaves","Master of Strategy","Choke","Backflip"],"campfire_rested":3,"item_purchase_floors":[12,31,31,31],"current_hp_per_floor":[59,44,42,42,24,42,38,32,32,23,23,23,23,23,41,22,63,62,62,61,60,55,33,33,33,33,33,19,19,7,7,25,10,63,63,63,63,50,25,17,0],"gold":1287,"neow_bonus":"ONE_RARE_RELIC","is_prod":false,"is_daily":false,"chose_seed":false,"campfire_upgraded":3,"win_rate":0,"timestamp":1538809067,"path_taken":["M","?","M","M","?","R","M","E","T","E","R","$","?","?","R","BOSS","M","?","?","M","M","E","R","M","T","?","?","R","?","?","R","BOSS","M","M","?","M","?","M","E"],"build_version":"2018-10-04","purchased_purges":0,"victory":false,"max_hp_per_floor":[63,63,63,63,63,63,63,63,63,63,63,63,63,63,63,63,63,63,63,63,63,63,63,63,63,63,63,63,63,63,63,63,63,63,63,63,63,63,63,63,63],"card_choices":[{"not_picked":["Eviscerate","Poisoned Stab"],"picked":"All Out Attack","floor":1},{"not_picked":["Backflip","Dodge and Roll"],"picked":"Backstab","floor":3},{"not_picked":["Outmaneuver","PiercingWail"],"picked":"Dagger Throw","floor":4},{"not_picked":["Acrobatics","Setup"],"picked":"Escape Plan","floor":7},{"not_picked":["Catalyst","Corpse Explosion"],"picked":"Cloak And Dagger","floor":8},{"not_picked":["PiercingWail","Blade Dance","Cloak And Dagger"],"picked":"Backstab","floor":10},{"not_picked":["Caltrops","Setup","Blade Dance"],"picked":"Dagger Spray","floor":13},{"not_picked":["Finisher","Escape Plan","Flying Knee"],"picked":"Backflip","floor":14},{"not_picked":["Bullet Time","Malaise","Glass Knife"],"picked":"After Image","floor":16},{"not_picked":["Outmaneuver"],"picked":"Cloak And Dagger","floor":18},{"not_picked":["Finisher"],"picked":"Expertise+1","floor":20},{"not_picked":["Underhanded Strike"],"picked":"Flying Knee","floor":21},{"not_picked":["Finisher","Deadly Poison"],"picked":"SKIP","floor":22},{"not_picked":["Dagger Spray"],"picked":"Deflect","floor":23},{"not_picked":["Slice"],"picked":"Accuracy","floor":25},{"not_picked":["Bane","Masterful Stab+1"],"picked":"SKIP","floor":28},{"not_picked":["Bane"],"picked":"Masterful Stab+1","floor":28},{"not_picked":["Prepared","Acrobatics"],"picked":"SKIP","floor":30},{"not_picked":["Envenom"],"picked":"Die Die Die","floor":33},{"not_picked":["Heel Hook+1"],"picked":"Accuracy+1","floor":35},{"not_picked":["Bane+1"],"picked":"Dagger Throw","floor":36},{"not_picked":["Dodge and Roll"],"picked":"Cloak And Dagger","floor":38},{"not_picked":["Flying Knee"],"picked":"Adrenaline","floor":39},{"not_picked":["Deadly Poison+1"],"picked":"Reflex","floor":40}],"player_experience":301263,"relics_obtained":[{"floor":8,"key":"Whetstone"},{"floor":9,"key":"Question Card"},{"floor":10,"key":"Sundial"},{"floor":23,"key":"Tingsha"},{"floor":26,"key":"Pantograph"}],"event_choices":[{"event_name":"Golden Idol","player_choice":"Take Damage","floor":2,"damage_taken":0},{"event_name":"Scrap Ooze","player_choice":"success","floor":5,"damage_taken":18},{"event_name":"Back to Basics","player_choice":"Simplicity","floor":19,"damage_taken":0},{"event_name":"Beggar","player_choice":"Ignored","floor":27,"damage_taken":0},{"event_name":"MindBloom","player_choice":"Gold","floor":37,"damage_taken":0}],"is_beta":true,"boss_relics":[{"not_picked":["Pandora\u0027s Box","WristBlade"],"picked":"Busted Crown"},{"not_picked":["Coffee Dripper","Empty Cage"],"picked":"Runic Dome"}],"items_purged_floors":[],"is_endless":false,"potions_floor_spawned":[1,8,10,22,28,30,33,35,36,39],"killed_by":"2 Orb Walkers","ascension_level":2}