{"path_per_floor":["M","M","M","M","M","E","M","M","T","R","M","$","M","?","R","B",null,"M","M","$","M","M","R","E","M","T","E","T","?","M","?","R","B",null,"M","M","?","M","M","E","$","M","T","M","$","?","$","M","R","B"],"character_chosen":"IRONCLAD","items_purchased":["Inflame","Armaments","Pommel Strike","Limit Break","Dream Catcher","Intimidate","Carnage","Bandage Up","Master of Strategy","Pommel Strike","Apotheosis","Mind Blast","Mind Blast"],"gold_per_floor":[114,129,144,159,174,204,219,234,234,234,249,119,134,384,384,484,484,499,514,9,24,39,39,69,84,134,164,164,191,206,206,206,306,306,321,336,336,351,366,396,251,296,296,311,273,314,9,24,24,24],"floor_reached":51,"campfire_rested":1,"playtime":2616,"current_hp_per_floor":[80,80,80,58,56,32,38,34,34,34,40,40,39,39,39,58,80,70,76,76,81,41,67,51,53,53,38,38,50,56,56,56,78,87,87,87,76,71,77,87,87,87,87,87,87,87,87,87,87,87],"items_purged":[],"gold":24,"score":804,"play_id":"611603d5-098e-47d5-a3fb-8ff625b31f0a","local_time":"20180323015508","daily_mods":["Time Dilation","Binary","Vintage"],"is_prod":false,"is_daily":true,"is_ascension_mode":false,"campfire_upgraded":4,"timestamp":1521784508,"path_taken":["M","M","M","M","M","E","M","M","T","R","M","$","M","?","R","BOSS","M","M","$","M","M","R","E","M","T","E","?","?","?","?","R","BOSS","M","M","?","M","M","E","$","M","T","M","$","?","$","M","R","BOSS"],"build_version":"2018-03-22","purchased_purges":0,"victory":true,"master_deck":["Strike_R","Strike_R","Strike_R","Strike_R","Defend_R+1","Defend_R","Defend_R+1","Defend_R","Bash+1","Flex+1","Inflame+1","Armaments+1","Pommel Strike","Barricade+1","Limit Break+1","Intimidate+1","Carnage+1","Bandage Up+1","Thunderclap","Body Slam+1","Clothesline","Exhume+1","Exhume+1","Madness+1","Madness+1","Body Slam","Master of Strategy+1","Pommel Strike","Flex+1","Apotheosis+1","Mind Blast","Mind Blast+1"],"max_hp_per_floor":[80,80,80,80,80,80,80,80,80,80,80,80,80,80,80,80,80,80,80,80,87,87,87,87,87,87,87,87,87,87,87,87,87,87,87,87,87,87,87,87,87,87,87,87,87,87,87,87,87,87],"relics":["Burning Blood","Toxic Egg 2","Happy Flower","Gambling Chip","Ginger","Mercury Hourglass","Blue Candle","Du-Vu Doll","Pantograph","Omamori","Bottled Flame","War Paint","Shuriken","Philosopher\u0027s Stone","Toolbox","Ice Cream","Dream Catcher","Strawberry","Meat on the Bone","Letter Opener","Art of War","Bronze Scales","Gremlin Horn","Anchor","Red Mask","Whetstone","Girya","Cursed Key","The Courier","Bottled Lightning","Bag of Preparation","Self Forming Clay","Bag of Marbles","Tiny Chest","Bird Faced Urn","Frozen Egg 2","Thread and Needle","Juzu Bracelet"],"card_choices":[{"not_picked":["Carnage"],"picked":"Flex","floor":6},{"not_picked":["Juggernaut"],"picked":"Barricade","floor":16},{"not_picked":["Havoc"],"picked":"Thunderclap","floor":23},{"not_picked":["Wild Strike"],"picked":"Body Slam","floor":24},{"not_picked":["Fire Breathing"],"picked":"Clothesline","floor":27},{"not_picked":["Anger"],"picked":"Exhume","floor":29},{"not_picked":["Limit Break"],"picked":"Exhume","floor":33},{"not_picked":["Armaments"],"picked":"Body Slam","floor":40},{"not_picked":["Headbutt"],"picked":"Flex","floor":46}],"player_experience":79659,"potions_floor_usage":[8,11,16,21,24,38,50,50,50],"damage_taken":[{"damage":6,"enemies":"Jaw Worm","floor":1,"turns":3},{"damage":6,"enemies":"Cultist","floor":2,"turns":3},{"damage":0,"enemies":"2 Louse","floor":3,"turns":4},{"damage":28,"enemies":"Large Slime","floor":4,"turns":8},{"damage":8,"enemies":"Red Slaver","floor":5,"turns":4},{"damage":30,"enemies":"3 Sentries","floor":6,"turns":7},{"damage":0,"enemies":"Looter","floor":7,"turns":1},{"damage":10,"enemies":"Exordium Thugs","floor":8,"turns":3},{"damage":0,"enemies":"3 Louse","floor":11,"turns":1},{"damage":7,"enemies":"Blue Slaver","floor":13,"turns":2},{"damage":12,"enemies":"Slime Boss","floor":16,"turns":7},{"damage":16,"enemies":"Shell Parasite","floor":18,"turns":2},{"damage":0,"enemies":"Chosen","floor":19,"turns":2},{"damage":14,"enemies":"Slaver and Parasite","floor":21,"turns":3},{"damage":52,"enemies":"Cultist and Chosen","floor":22,"turns":5},{"damage":28,"enemies":"Gremlin Leader","floor":24,"turns":4},{"damage":10,"enemies":"Centurion and Healer","floor":25,"turns":2},{"damage":33,"enemies":"Book of Stabbing","floor":27,"turns":4},{"damage":0,"enemies":"Masked Bandits","floor":29,"turns":2},{"damage":0,"enemies":"Snecko","floor":30,"turns":3},{"damage":19,"enemies":"Automaton","floor":33,"turns":6},{"damage":0,"enemies":"Flame Bruiser 1 Orb","floor":35,"turns":2},{"damage":0,"enemies":"Orb Walker","floor":36,"turns":1},{"damage":22,"enemies":"Sphere and 2 Shapes","floor":38,"turns":4},{"damage":0,"enemies":"4 Shapes","floor":39,"turns":1},{"damage":2,"enemies":"2 Orb Walkers","floor":40,"turns":3},{"damage":0,"enemies":"Spire Growth","floor":42,"turns":2},{"damage":0,"enemies":"3 Darklings","floor":44,"turns":1},{"damage":3,"enemies":"Mysterious Sphere","floor":46,"turns":2},{"damage":0,"enemies":"Flame Bruiser 2 Orb","floor":48,"turns":1},{"damage":6,"enemies":"Donu and Deca","floor":50,"turns":4}],"event_choices":[{"event_name":"Golden Shrine","player_choice":"Desecrate","floor":14,"damage_taken":0},{"event_name":"Masked Bandits","player_choice":"Fought over 164 gold","floor":29,"damage_taken":0},{"event_name":"Purifier","player_choice":"One Purge","floor":31,"damage_taken":0},{"event_name":"Winding Halls","player_choice":"Embrace Madness","floor":37,"damage_taken":0},{"event_name":"Mysterious Sphere","player_choice":"Fight","floor":46,"damage_taken":0}],"boss_relics":[{"not_picked":["Black Blood","Question Card"],"picked":"Philosopher\u0027s Stone"},{"not_picked":["Runic Pyramid","Snecko Eye"],"picked":"Cursed Key"}],"potions_floor_spawned":[1,3,8,13,21,25,27,30,33,36,39,44,46],"seed_played":"3670860265742688607","ascension_level":0,"is_trial":false}