{"gold_per_floor":[112,287,306,306,306,306,40,95,119,164,164,164,164,217,217,365,365,403,403,22,22,217,290,339,339,339,399,473,522,546,506,506,672,672,707,762,833,892,951,951,1030,1099,1124,1207,1077,1141,1211,1281,1281,1316,1316,1316,72,142,177],"floor_reached":56,"playtime":3058,"items_purged":["Doubt","blackbeard:DefendBlackbeard","blackbeard:StrikeBlackbeard"],"score":1385,"play_id":"10e357a0-4060-45e4-9cee-ac1dee8bb51e","local_time":"20190117084041","is_ascension_mode":false,"campfire_choices":[{"data":"blackbeard:Cutlass","floor":6,"key":"SMITH"},{"data":"blackbeard:CaptainsCabin","floor":11,"key":"SMITH"},{"data":"blackbeard:IntimidatingStrike","floor":13,"key":"SMITH"},{"data":"blackbeard:FinalBarrage","floor":15,"key":"SMITH"},{"data":"blackbeard:CaptainsCabin","floor":25,"key":"SMITH"},{"data":"blackbeard:Rum","floor":32,"key":"SMITH"},{"floor":40,"key":"RECALL"},{"data":"blackbeard:Parrot","floor":49,"key":"SMITH"},{"data":"Secret Technique","floor":52,"key":"SMITH"}],"neow_cost":"NONE","seed_source_timestamp":141946897359556,"circlet_count":0,"master_deck":["blackbeard:StrikeBlackbeard","blackbeard:StrikeBlackbeard","blackbeard:StrikeBlackbeard","blackbeard:IntimidatingStrike+1","blackbeard:DefendBlackbeard","blackbeard:DefendBlackbeard","blackbeard:DefendBlackbeard","blackbeard:Cutlass+1","blackbeard:ChaoticDefend+1","blackbeard:WiseDefend","blackbeard:CaptainsCabin+1","blackbeard:Eyepatch","blackbeard:FinalBarrage+1","blackbeard:FinalBarrage+1","blackbeard:Toast","blackbeard:Rum+1","blackbeard:BuriedTreasure","Secret Technique+1","blackbeard:WiseDefend","blackbeard:CaptainsCabin+1","blackbeard:TerrorOfTheSeas","blackbeard:PiratesWill+1","blackbeard:PiratesWill","blackbeard:Parrot+1","blackbeard:GoldenDefend","blackbeard:Toast+1","blackbeard:Toast","blackbeard:GoldenDefend+1","blackbeard:GoldenGuillotine","Purity"],"relics":["blackbeard:LoadTheCannons","Golden Idol","blackbeard:TreasureChest","Ice Cream","Happy Flower","Smiling Mask","Runic Dome","Thread and Needle","Bottled Flame","Mummified Hand","beaked:ShinyBauble","Dream Catcher","Potion Belt","Busted Crown","Centennial Puzzle","Bag of Preparation","Du-Vu Doll","Ancient Tea Set","Toy Ornithopter","Bird Faced Urn","Incense Burner","Ginger"],"potions_floor_usage":[3,16,22,33,37,41,47,47,47,50,50,50,55],"damage_taken":[{"damage":1,"enemies":"2 Louse","floor":1,"turns":3},{"damage":3,"enemies":"Jaw Worm","floor":3,"turns":5},{"damage":24,"enemies":"Lagavulin","floor":8,"turns":8},{"damage":0,"enemies":"Small Slimes","floor":10,"turns":2},{"damage":1,"enemies":"Gremlin Nob","floor":14,"turns":5},{"damage":2,"enemies":"Hexaghost","floor":16,"turns":9},{"damage":5,"enemies":"Spheric Guardian","floor":18,"turns":3},{"damage":1,"enemies":"Colosseum Slavers","floor":22,"turns":3},{"damage":0,"enemies":"Colosseum Nobs","floor":22,"turns":4},{"damage":11,"enemies":"Slavers","floor":23,"turns":7},{"damage":0,"enemies":"3 Byrds","floor":24,"turns":5},{"damage":0,"enemies":"Centurion and Healer","floor":27,"turns":5},{"damage":3,"enemies":"Book of Stabbing","floor":28,"turns":5},{"damage":0,"enemies":"Chosen and Byrds","floor":29,"turns":6},{"damage":0,"enemies":"Automaton","floor":33,"turns":6},{"damage":0,"enemies":"Orb Walker","floor":35,"turns":2},{"damage":0,"enemies":"3 Darklings","floor":36,"turns":7},{"damage":2,"enemies":"Sphere and 2 Shapes","floor":37,"turns":5},{"damage":3,"enemies":"Spire Growth","floor":38,"turns":5},{"damage":0,"enemies":"Maw","floor":39,"turns":6},{"damage":10,"enemies":"Nemesis","floor":41,"turns":5},{"damage":0,"enemies":"3 Darklings","floor":42,"turns":5},{"damage":0,"enemies":"beaked:SuperParasite","floor":44,"turns":6},{"damage":11,"enemies":"Transient","floor":46,"turns":5},{"damage":10,"enemies":"Nemesis","floor":47,"turns":5},{"damage":4,"enemies":"Sphere and 2 Shapes","floor":48,"turns":6},{"damage":5,"enemies":"Donu and Deca","floor":50,"turns":8},{"damage":0,"enemies":"Shield and Spear","floor":54,"turns":5},{"damage":27,"enemies":"The Heart","floor":55,"turns":8}],"seed_played":"2779310144435521647","potions_obtained":[{"floor":0,"key":"Strength Potion"},{"floor":0,"key":"FairyPotion"},{"floor":0,"key":"SpeedPotion"},{"floor":3,"key":"Fruit Juice"},{"floor":27,"key":"Fire Potion"},{"floor":31,"key":"Energy Potion"},{"floor":31,"key":"EssenceOfSteel"},{"floor":31,"key":"Explosive Potion"},{"floor":33,"key":"FearPotion"},{"floor":35,"key":"Swift Potion"},{"floor":37,"key":"Swift Potion"},{"floor":41,"key":"Explosive Potion"},{"floor":47,"key":"BloodPotion"},{"floor":48,"key":"Swift Potion"},{"floor":54,"key":"Poison Potion"}],"is_trial":false,"path_per_floor":["M","?","M","?","?","R","$","E","T","M","R","?","R","E","R","B",null,"M","?","$","$","?","E","M","R","T","M","E","M","T","?","R","B",null,"M","M","M","M","M","R","E","M","T","E","?","M","E","M","R","B",null,"R","$","E","B",null],"character_chosen":"BLACKBEARD_CLASS","items_purchased":["blackbeard:TreasureChest","Dexterity Potion","blackbeard:Rum","blackbeard:BuriedTreasure","SkillPotion","Secret Technique","FearPotion","FairyPotion","GamblersBrew","Toy Ornithopter","blackbeard:GoldenGuillotine","Purity","Bird Faced Urn","Incense Burner"],"campfire_rested":0,"item_purchase_floors":[7,7,20,20,20,20,53,53,53,53,53,53,53,53],"current_hp_per_floor":[74,74,76,74,79,79,79,55,55,55,55,55,55,54,54,52,79,74,74,74,74,73,62,62,62,62,62,59,59,59,59,59,59,79,79,79,77,74,74,74,64,64,64,64,64,53,43,39,39,41,79,79,79,79,60],"gold":177,"neow_bonus":"THREE_SMALL_POTIONS","is_prod":false,"is_daily":false,"chose_seed":false,"campfire_upgraded":8,"win_rate":0.0,"timestamp":1547732441,"path_taken":["M","?","M","?","?","R","$","E","T","M","R","?","R","E","R","BOSS","M","?","?","$","?","E","M","R","T","M","E","M","?","?","R","BOSS","M","M","M","M","M","R","E","M","T","E","?","?","E","M","R","BOSS","R","$","E","BOSS"],"build_version":"2019-01-16","purchased_purges":3,"victory":true,"max_hp_per_floor":[75,75,80,74,79,79,79,79,79,79,79,79,79,79,79,79,79,79,79,79,79,79,79,79,79,79,79,79,79,79,79,79,79,79,79,79,79,79,79,79,79,79,79,79,79,79,79,79,79,79,79,79,79,79,79],"card_choices":[{"not_picked":["blackbeard:Provisioning","blackbeard:PiratesWill"],"picked":"blackbeard:ChaoticDefend","floor":1},{"not_picked":["blackbeard:IntimidatingStrike","blackbeard:Provisioning"],"picked":"blackbeard:WiseDefend","floor":3},{"not_picked":["blackbeard:Shrapnel","blackbeard:SwordDance"],"picked":"blackbeard:CaptainsCabin","floor":8},{"not_picked":["blackbeard:DelayedPain","blackbeard:ArmorUp"],"picked":"blackbeard:Eyepatch","floor":10},{"not_picked":["blackbeard:Shrapnel","blackbeard:Sword"],"picked":"blackbeard:FinalBarrage","floor":14},{"not_picked":["blackbeard:Intoxication","blackbeard:HumongousCannonball"],"picked":"blackbeard:FinalBarrage","floor":16},{"not_picked":["blackbeard:Dagger","blackbeard:Sharpening"],"picked":"blackbeard:Toast","floor":18},{"not_picked":["blackbeard:SwordDance","blackbeard:DelayedPain"],"picked":"blackbeard:WiseDefend","floor":22},{"not_picked":["blackbeard:GoldenDefend","blackbeard:BlindAttacks"],"picked":"blackbeard:CaptainsCabin","floor":23},{"not_picked":["blackbeard:SwordDance+1","blackbeard:CatONineTails+1"],"picked":"blackbeard:TerrorOfTheSeas","floor":24},{"not_picked":["blackbeard:TerrorOfTheSeas","blackbeard:DoubleBottom+1"],"picked":"blackbeard:PiratesWill+1","floor":27},{"not_picked":["blackbeard:RemoveScurvy","blackbeard:WeaponProficiency"],"picked":"blackbeard:PiratesWill","floor":28},{"not_picked":["blackbeard:DoubleBottom","blackbeard:WeaponProficiency+1","blackbeard:ChaoticDefend"],"picked":"SKIP","floor":29},{"not_picked":["blackbeard:Halberd","blackbeard:CaptainsHat"],"picked":"blackbeard:Parrot","floor":33},{"not_picked":["blackbeard:SwordDance+1"],"picked":"SKIP","floor":35},{"not_picked":["blackbeard:IntimidatingStrike"],"picked":"SKIP","floor":36},{"not_picked":[],"picked":"blackbeard:GoldenDefend","floor":37},{"not_picked":[],"picked":"blackbeard:Toast+1","floor":38},{"not_picked":["blackbeard:BeatUp+1"],"picked":"SKIP","floor":39},{"not_picked":["blackbeard:BeatUp"],"picked":"SKIP","floor":41},{"not_picked":["blackbeard:Boarding"],"picked":"SKIP","floor":42},{"not_picked":["blackbeard:PowderKeg"],"picked":"SKIP","floor":44},{"not_picked":[],"picked":"blackbeard:Toast","floor":46},{"not_picked":[],"picked":"blackbeard:GoldenDefend+1","floor":47},{"not_picked":["blackbeard:VengefulSpirit+1"],"picked":"SKIP","floor":48},{"not_picked":["blackbeard:CloakAndCannonball"],"picked":"SKIP","floor":54}],"player_experience":513082,"relics_obtained":[{"floor":8,"key":"Ice Cream"},{"floor":9,"key":"Happy Flower"},{"floor":14,"key":"Smiling Mask"},{"floor":22,"key":"Thread and Needle"},{"floor":22,"key":"Bottled Flame"},{"floor":23,"key":"Mummified Hand"},{"floor":26,"key":"beaked:ShinyBauble"},{"floor":28,"key":"Dream Catcher"},{"floor":30,"key":"Potion Belt"},{"floor":41,"key":"Centennial Puzzle"},{"floor":44,"key":"Bag of Preparation"},{"floor":47,"key":"Ancient Tea Set"},{"floor":54,"key":"Ginger"}],"event_choices":[{"damage_healed":0,"gold_gain":175,"player_choice":"AGREE","damage_taken":0,"max_hp_gain":0,"max_hp_loss":0,"event_name":"Liars Game","floor":2,"gold_loss":0,"cards_obtained":["Doubt"]},{"damage_healed":0,"gold_gain":0,"player_choice":"Lose Max HP","damage_taken":0,"relics_obtained":["Golden Idol"],"max_hp_gain":0,"max_hp_loss":6,"event_name":"Golden Idol","floor":4,"gold_loss":0},{"damage_healed":0,"gold_gain":0,"player_choice":"Donut","damage_taken":0,"max_hp_gain":5,"max_hp_loss":0,"event_name":"Big Fish","floor":5,"gold_loss":0},{"damage_healed":0,"gold_gain":0,"player_choice":"Grow","damage_taken":0,"max_hp_gain":0,"max_hp_loss":0,"event_name":"Living Wall","floor":12,"gold_loss":0,"cards_upgraded":["blackbeard:ChaoticDefend"]},{"damage_healed":0,"gold_gain":0,"player_choice":"Upgraded","damage_taken":0,"max_hp_gain":0,"max_hp_loss":0,"event_name":"Upgrade Shrine","floor":19,"gold_loss":0,"cards_upgraded":["blackbeard:FinalBarrage"]},{"damage_healed":0,"gold_gain":0,"player_choice":"Fight","damage_taken":0,"max_hp_gain":0,"max_hp_loss":0,"event_name":"Colosseum","floor":22,"gold_loss":0},{"damage_healed":0,"gold_gain":0,"player_choice":"Fought Nobs","damage_taken":0,"max_hp_gain":0,"max_hp_loss":0,"event_name":"Colosseum","floor":22,"gold_loss":0},{"damage_healed":0,"gold_gain":0,"player_choice":"Bought 3 Potions","damage_taken":0,"max_hp_gain":0,"max_hp_loss":0,"event_name":"The Woman in Blue","floor":31,"gold_loss":0},{"damage_healed":0,"gold_gain":0,"player_choice":"Paid Gold","damage_taken":0,"relics_obtained":["Du-Vu Doll"],"max_hp_gain":0,"max_hp_loss":0,"event_name":"WeMeetAgain","floor":45,"gold_loss":130}],"is_beta":true,"boss_relics":[{"not_picked":["Astrolabe","Tiny House"],"picked":"Runic Dome"},{"not_picked":["Black Star","Runic Pyramid"],"picked":"Busted Crown"}],"items_purged_floors":[7,20,53],"is_endless":false,"potions_floor_spawned":[3,8,14,22,27,28,29,33,35,37,38,41,47,48,54],"ascension_level":0}