{"gold_per_floor":[16,36,36,36,53,65,83,38,63,63,74,87,101,135,135,239,239,252,352,364,364,375,407,407,407],"floor_reached":25,"playtime":1689,"items_purged":[],"score":252,"play_id":"7ac4815e-5ba1-4802-b670-14539d38e16b","local_time":"20190210131529","is_ascension_mode":false,"campfire_choices":[{"data":"Iron Wave","floor":10,"key":"SMITH"},{"data":"Rampage","floor":15,"key":"SMITH"}],"neow_cost":"NO_GOLD","seed_source_timestamp":260812289980478,"circlet_count":0,"master_deck":["Defend_R","Defend_R","Defend_R","Sentinel","Demon Form","Iron Wave+1","Cleave","Iron Wave","Anger","Rampage+1","Hemokinesis+1","Rupture+1","Double Tap+1","Ghostly Armor","Seeing Red+1","Bite","Bite","Bite","Bite","Bite"],"relics":["Burning Blood","Smiling Mask","Regal Pillow","Lantern","Astrolabe","Torii","Bottled Tornado","Mercury Hourglass"],"potions_floor_usage":[16,16,19,23,25],"damage_taken":[{"damage":1,"enemies":"Jaw Worm","floor":1,"turns":6},{"damage":2,"enemies":"Small Slimes","floor":2,"turns":5},{"damage":1,"enemies":"Cultist","floor":5,"turns":4},{"damage":17,"enemies":"Large Slime","floor":6,"turns":11},{"damage":16,"enemies":"2 Fungi Beasts","floor":7,"turns":6},{"damage":2,"enemies":"Looter","floor":8,"turns":5},{"damage":6,"enemies":"Blue Slaver","floor":11,"turns":6},{"damage":3,"enemies":"3 Louse","floor":12,"turns":4},{"damage":3,"enemies":"2 Fungi Beasts","floor":13,"turns":3},{"damage":10,"enemies":"3 Sentries","floor":14,"turns":7},{"damage":38,"enemies":"Hexaghost","floor":16,"turns":9},{"damage":5,"enemies":"Shell Parasite","floor":18,"turns":5},{"damage":36,"enemies":"Colosseum Slavers","floor":19,"turns":4},{"damage":33,"enemies":"Colosseum Nobs","floor":19,"turns":5},{"damage":11,"enemies":"Spheric Guardian","floor":20,"turns":4},{"damage":31,"enemies":"Centurion and Healer","floor":22,"turns":6},{"damage":31,"enemies":"Gremlin Leader","floor":23,"turns":5},{"damage":16,"enemies":"Book of Stabbing","floor":25,"turns":4}],"seed_played":"-24783524486484525","potions_obtained":[{"floor":5,"key":"BloodPotion"},{"floor":11,"key":"PowerPotion"},{"floor":12,"key":"Strength Potion"},{"floor":14,"key":"Energy Potion"},{"floor":18,"key":"Regen Potion"},{"floor":19,"key":"EssenceOfSteel"}],"is_trial":false,"path_per_floor":["?","?","M","?","?","?"],"character_chosen":"IRONCLAD","items_purchased":[],"campfire_rested":0,"item_purchase_floors":[],"current_hp_per_floor":[80,80,80,80,80,69,59,63,63,63,63,66,69,65,65,33,80,80,37,32,58,33,8,8,0],"gold":407,"neow_bonus":"TRANSFORM_TWO_CARDS","is_prod":false,"is_daily":false,"chose_seed":false,"campfire_upgraded":2,"win_rate":0,"timestamp":1549822529,"path_taken":["M","M","?","?","M","M","?","M","T","R","M","M","M","E","R","BOSS","M","?","M","?","M","E","?","E"],"build_version":"2019-01-23","purchased_purges":0,"victory":false,"max_hp_per_floor":[80,80,80,80,80,80,80,80,80,80,80,80,80,80,80,80,80,80,80,80,80,80,80,56,56],"card_choices":[{"not_picked":["Body Slam","Infernal Blade","Flex"],"picked":"SKIP","floor":1},{"not_picked":["Thunderclap","Wild Strike","Flex"],"picked":"SKIP","floor":2},{"not_picked":["Disarm","Pommel Strike","Rage"],"picked":"SKIP","floor":5},{"not_picked":["Blood for Blood","Brutality"],"picked":"Iron Wave","floor":6},{"not_picked":["Blood for Blood","Havoc","Thunderclap"],"picked":"SKIP","floor":7},{"not_picked":["Flex","Thunderclap"],"picked":"Cleave","floor":8},{"not_picked":["Twin Strike","True Grit"],"picked":"Iron Wave","floor":11},{"not_picked":["Seeing Red","Thunderclap","Pommel Strike"],"picked":"SKIP","floor":12},{"not_picked":["Second Wind","Perfected Strike"],"picked":"Anger","floor":13},{"not_picked":["Dual Wield","Impervious"],"picked":"Rampage","floor":14},{"not_picked":["Dual Wield","Flex","Perfected Strike"],"picked":"SKIP","floor":18},{"not_picked":["Body Slam","Havoc"],"picked":"Ghostly Armor","floor":20},{"not_picked":["Cleave","Burning Pact+1","Thunderclap"],"picked":"SKIP","floor":22},{"not_picked":["Combust","Inflame"],"picked":"Seeing Red+1","floor":23}],"player_experience":372848,"relics_obtained":[{"floor":9,"key":"Regal Pillow"},{"floor":14,"key":"Lantern"},{"floor":19,"key":"Torii"},{"floor":19,"key":"Bottled Tornado"},{"floor":23,"key":"Mercury Hourglass"}],"event_choices":[{"damage_healed":0,"gold_gain":0,"player_choice":"Box","damage_taken":0,"relics_obtained":["Smiling Mask"],"max_hp_gain":0,"max_hp_loss":0,"event_name":"Big Fish","floor":3,"gold_loss":0,"cards_obtained":["Regret"]},{"cards_removed":["Regret"],"damage_healed":0,"gold_gain":0,"player_choice":"Purged","damage_taken":0,"max_hp_gain":0,"max_hp_loss":0,"event_name":"Purifier","floor":4,"gold_loss":0},{"damage_healed":0,"gold_gain":0,"player_choice":"Fight","damage_taken":0,"max_hp_gain":0,"max_hp_loss":0,"event_name":"Colosseum","floor":19,"gold_loss":0},{"damage_healed":0,"gold_gain":0,"player_choice":"Fought Nobs","damage_taken":0,"max_hp_gain":0,"max_hp_loss":0,"event_name":"Colosseum","floor":19,"gold_loss":0},{"damage_healed":26,"gold_gain":0,"player_choice":"Heal","damage_taken":0,"max_hp_gain":0,"max_hp_loss":0,"event_name":"The Library","floor":21,"gold_loss":0},{"damage_healed":0,"gold_gain":0,"player_choice":"Became a vampire","damage_taken":0,"max_hp_gain":0,"max_hp_loss":24,"event_name":"Vampires","floor":24,"gold_loss":0,"cards_obtained":["Bite","Bite","Bite","Bite","Bite"]}],"is_beta":false,"boss_relics":[{"not_picked":["Cursed Key","Mark of Pain"],"picked":"Astrolabe"}],"items_purged_floors":[],"is_endless":false,"potions_floor_spawned":[5,11,12,13,14,18,19],"killed_by":"Book of Stabbing","ascension_level":0}