{"gold_per_floor":[111,111,131,131,131,131,148,113,113,113,147,161,223,242,242,242],"floor_reached":16,"playtime":504,"items_purged":[],"score":160,"play_id":"53807480-1f79-4681-a8b5-33528c0a6d02","local_time":"20190113001756","is_ascension_mode":true,"campfire_choices":[{"data":"Dualcast","floor":6,"key":"SMITH"},{"floor":10,"key":"REST"},{"data":"Fission","floor":15,"key":"SMITH"}],"neow_cost":"NONE","seed_source_timestamp":235149010924364,"circlet_count":0,"master_deck":["Strike_B+1","Strike_B","Strike_B+1","Strike_B","Defend_B","Defend_B","Defend_B","Defend_B","Zap+1","Dualcast+1","Cold Snap","Redo+1","Steam Power","Auto Shields","Redo","Fission+1","Conserve Battery"],"relics":["Cracked Core","Dodecahedron","Pantograph","Thread and Needle","Tiny Chest"],"potions_floor_usage":[16,16],"damage_taken":[{"damage":1,"enemies":"2 Louse","floor":1,"turns":3},{"damage":2,"enemies":"Jaw Worm","floor":3,"turns":2},{"damage":4,"enemies":"Small Slimes","floor":7,"turns":2},{"damage":23,"enemies":"3 Sentries","floor":11,"turns":7},{"damage":3,"enemies":"3 Louse","floor":12,"turns":2},{"damage":4,"enemies":"Lagavulin","floor":13,"turns":7},{"damage":0,"enemies":"Exordium Thugs","floor":14,"turns":4},{"damage":63,"enemies":"Hexaghost","floor":16,"turns":15}],"seed_played":"5367487016034052022","potions_obtained":[{"floor":11,"key":"EssenceOfSteel"},{"floor":12,"key":"Block Potion"}],"is_trial":false,"path_per_floor":["M","?","M","?","?","R","M","?","T","R","E","M","E","M","R","B"],"character_chosen":"DEFECT","items_purchased":[],"campfire_rested":1,"item_purchase_floors":[],"current_hp_per_floor":[67,52,50,50,32,32,28,46,46,68,45,42,38,38,38,0],"gold":242,"neow_bonus":"UPGRADE_CARD","is_prod":false,"is_daily":false,"chose_seed":false,"campfire_upgraded":2,"win_rate":0,"timestamp":1547356676,"path_taken":["M","?","M","?","?","R","M","?","T","R","E","M","E","M","R","BOSS"],"build_version":"2019-01-10","purchased_purges":0,"victory":false,"max_hp_per_floor":[75,75,75,75,75,75,75,75,75,75,75,75,75,75,75,75],"card_choices":[{"not_picked":["Streamline","Steam"],"picked":"Cold Snap","floor":1},{"not_picked":["Turbo","Beam Cell"],"picked":"Redo","floor":3},{"not_picked":["Fusion","Beam Cell"],"picked":"Steam Power","floor":7},{"not_picked":["Turbo","Compile Driver"],"picked":"Auto Shields","floor":11},{"not_picked":["Storm","Ball Lightning"],"picked":"Redo","floor":12},{"not_picked":["Gash","Streamline"],"picked":"Fission","floor":13},{"not_picked":["Barrage","Genetic Algorithm"],"picked":"Conserve Battery","floor":14}],"player_experience":503726,"relics_obtained":[{"floor":9,"key":"Pantograph"},{"floor":11,"key":"Thread and Needle"},{"floor":13,"key":"Tiny Chest"}],"event_choices":[{"damage_healed":0,"gold_gain":0,"player_choice":"Entered Light","damage_taken":15,"max_hp_gain":0,"max_hp_loss":0,"event_name":"Shining Light","floor":2,"gold_loss":0,"cards_upgraded":["Strike_B","Strike_B"]},{"damage_healed":0,"gold_gain":0,"player_choice":"Grow","damage_taken":0,"max_hp_gain":0,"max_hp_loss":0,"event_name":"Living Wall","floor":4,"gold_loss":0,"cards_upgraded":["Redo"]},{"damage_healed":0,"gold_gain":0,"player_choice":"Success","damage_taken":18,"relics_obtained":["Dodecahedron"],"max_hp_gain":0,"max_hp_loss":0,"event_name":"Scrap Ooze","floor":5,"gold_loss":0},{"damage_healed":18,"gold_gain":0,"player_choice":"Healed","damage_taken":0,"max_hp_gain":0,"max_hp_loss":0,"event_name":"The Cleric","floor":8,"gold_loss":35}],"is_beta":true,"boss_relics":[],"items_purged_floors":[],"is_endless":false,"potions_floor_spawned":[11,12],"killed_by":"Hexaghost","ascension_level":9}