{"gold_per_floor":[109,34,34,34,45,71,71,90,116,151,151,169,169,182,182,256,556,573,573,208,221,121,121,132,143,143,143,143,143,18,32,32,32],"floor_reached":33,"playtime":1129,"items_purged":["Normality","Writhe","Decay"],"score":595,"play_id":"edf51554-73de-4494-90ef-3a3f968bdc8a","local_time":"20190409222233","is_ascension_mode":true,"campfire_choices":[{"data":"Skewer","floor":7.0,"key":"SMITH"},{"data":"Calculated Gamble","floor":11.0,"key":"SMITH"},{"data":"Caltrops","floor":13.0,"key":"SMITH"},{"data":"Neutralize","floor":15.0,"key":"SMITH"},{"data":"Catalyst","floor":23.0,"key":"SMITH"},{"floor":29.0,"key":"REST"},{"data":"Noxious Fumes","floor":32.0,"key":"SMITH"}],"neow_cost":"NONE","seed_source_timestamp":6080086965500,"circlet_count":0,"master_deck":["AscendersBane","Defend_G","Defend_G","Defend_G","Defend_G","Defend_G","Strike_G","Strike_G","Survivor","Neutralize+1","Escape Plan","Skewer+1","Calculated Gamble+1","Caltrops+1","Leg Sweep","Backflip","Catalyst+1","Corpse Explosion","Dagger Throw+1","Doppelganger","Finisher","Noxious Fumes+1","Escape Plan","Crippling Poison","Infinite Blades"],"special_seed":0,"relics":["Ring of the Snake","NeowsBlessing","Potion Belt","Happy Flower","Regal Pillow","Calling Bell","Vajra","Dodecahedron","Old Coin","TwistedFunnel","Strawberry"],"potions_floor_usage":[],"damage_taken":[{"damage":0.0,"enemies":"Jaw Worm","floor":1.0,"turns":1.0},{"damage":0.0,"enemies":"2 Louse","floor":5.0,"turns":1.0},{"damage":0.0,"enemies":"Lagavulin","floor":6.0,"turns":1.0},{"damage":0.0,"enemies":"Small Slimes","floor":8.0,"turns":3.0},{"damage":49.0,"enemies":"Gremlin Nob","floor":10.0,"turns":5.0},{"damage":0.0,"enemies":"Red Slaver","floor":12.0,"turns":3.0},{"damage":1.0,"enemies":"Exordium Thugs","floor":14.0,"turns":5.0},{"damage":20.0,"enemies":"Hexaghost","floor":16.0,"turns":9.0},{"damage":14.0,"enemies":"Chosen","floor":18.0,"turns":6.0},{"damage":12.0,"enemies":"Spheric Guardian","floor":21.0,"turns":7.0},{"damage":1.0,"enemies":"Cultist and Chosen","floor":24.0,"turns":3.0},{"damage":16.0,"enemies":"Shelled Parasite and Fungi","floor":25.0,"turns":8.0},{"damage":0.0,"enemies":"Masked Bandits","floor":27.0,"turns":1.0},{"damage":11.0,"enemies":"Colosseum Slavers","floor":28.0,"turns":2.0},{"damage":6.0,"enemies":"Sentry and Sphere","floor":31.0,"turns":3.0},{"damage":38,"enemies":"Automaton","floor":33,"turns":8}],"seed_played":"-8639631401698848215","potions_obtained":[{"floor":5.0,"key":"SkillPotion"},{"floor":10.0,"key":"Regen Potion"},{"floor":16.0,"key":"SmokeBomb"},{"floor":21.0,"key":"Poison Potion"},{"floor":25.0,"key":"Energy Potion"}],"is_trial":false,"path_per_floor":["M","?","?","$","M","E","R","M","T","E","R","M","R","M","R","B",null,"M","?","$","M","$","R","M","M","T","?","?","R","$","M","R","B"],"character_chosen":"THE_SILENT","items_purchased":["Noxious Fumes","TwistedFunnel"],"campfire_rested":1,"item_purchase_floors":[20,20],"current_hp_per_floor":[59,59,64,64,64,64,64,64,64,15,15,15,15,14,14,9,56,42,42,42,30,30,30,29,13,20,20,9,47,47,41,41,3],"gold":32,"neow_bonus":"THREE_ENEMY_KILL","is_prod":false,"is_daily":false,"chose_seed":false,"campfire_upgraded":6,"win_rate":0,"timestamp":1554873753,"path_taken":["M","?","?","$","M","E","R","M","T","E","R","M","R","M","R","BOSS","M","?","$","M","$","R","M","M","T","?","?","R","$","M","R","BOSS"],"build_version":"2019-01-23","purchased_purges":3,"victory":false,"max_hp_per_floor":[66,66,71,71,71,71,71,71,71,71,71,71,71,71,71,71,71,71,71,71,71,71,71,71,71,78,78,78,78,78,78,78,78],"card_choices":[{"not_picked":["Deadly Poison","Poisoned Stab"],"picked":"Escape Plan","floor":1.0},{"not_picked":["Dagger Throw","Terror"],"picked":"Skewer","floor":5.0},{"not_picked":["Venomology","Dagger Spray"],"picked":"Calculated Gamble","floor":6.0},{"not_picked":["Slice","Underhanded Strike"],"picked":"Caltrops","floor":8.0},{"not_picked":["Reflex","Blade Dance"],"picked":"Leg Sweep","floor":10.0},{"not_picked":["Slice","Prepared"],"picked":"Backflip","floor":12.0},{"not_picked":["Outmaneuver","Sucker Punch"],"picked":"Catalyst","floor":14.0},{"not_picked":["Die Die Die","A Thousand Cuts"],"picked":"Corpse Explosion","floor":16.0},{"not_picked":["Deflect","Blade Dance"],"picked":"Dagger Throw+1","floor":18.0},{"not_picked":["Prepared","Backflip"],"picked":"Escape Plan","floor":21.0},{"not_picked":["Sucker Punch","Backflip"],"picked":"Crippling Poison","floor":24.0},{"not_picked":["Dagger Throw","Distraction","Outmaneuver"],"picked":"SKIP","floor":25.0},{"not_picked":["Slice","Masterful Stab"],"picked":"Infinite Blades","floor":31.0}],"player_experience":507683,"relics_obtained":[{"floor":6.0,"key":"Potion Belt"},{"floor":9.0,"key":"Happy Flower"},{"floor":10.0,"key":"Regal Pillow"},{"floor":17.0,"key":"Vajra"},{"floor":17.0,"key":"Dodecahedron"},{"floor":17.0,"key":"Old Coin"},{"floor":26.0,"key":"Strawberry"}],"event_choices":[{"cards_removed":["Strike_G"],"damage_healed":0.0,"max_hp_gain":0.0,"max_hp_loss":0.0,"gold_gain":0.0,"event_name":"The Cleric","player_choice":"Card Removal","floor":2.0,"gold_loss":75.0,"damage_taken":0.0},{"damage_healed":0.0,"max_hp_gain":5.0,"max_hp_loss":0.0,"gold_gain":0.0,"event_name":"Big Fish","player_choice":"Donut","floor":3.0,"gold_loss":0.0,"damage_taken":0.0},{"damage_healed":0.0,"max_hp_gain":0.0,"max_hp_loss":0.0,"gold_gain":0.0,"cards_transformed":["Strike_G","Strike_G"],"event_name":"Drug Dealer","player_choice":"Became Test Subject","floor":19.0,"gold_loss":0.0,"damage_taken":0.0,"cards_obtained":["Doppelganger","Finisher"]},{"damage_healed":0.0,"max_hp_gain":0.0,"max_hp_loss":0.0,"gold_gain":0.0,"event_name":"Masked Bandits","player_choice":"Fought Bandits","floor":27.0,"gold_loss":0.0,"damage_taken":0.0},{"damage_healed":0.0,"max_hp_gain":0.0,"max_hp_loss":0.0,"gold_gain":0.0,"event_name":"Colosseum","player_choice":"Fight","floor":28.0,"gold_loss":0.0,"damage_taken":0.0},{"damage_healed":0.0,"max_hp_gain":0.0,"max_hp_loss":0.0,"gold_gain":0.0,"event_name":"Colosseum","player_choice":"Fled From Nobs","floor":28.0,"gold_loss":0.0,"damage_taken":0.0}],"is_beta":false,"boss_relics":[{"not_picked":["Busted Crown","WristBlade"],"picked":"Calling Bell"}],"items_purged_floors":[20,22,30],"is_endless":false,"potions_floor_spawned":[5,10,16,21,25,28],"killed_by":"Automaton","ascension_level":19}