{"gold_per_floor":[19,19,33,33,33,33,77,77,77,77,110,129,147,165,165,258,258,279,292,316,330,353,353,353,278,301,301,6,25,69,90,90,90],"floor_reached":33,"playtime":1696,"items_purged":[],"score":485,"play_id":"9eca19c6-19ea-4b48-a2ea-cddc09a81ef3","local_time":"20190403233804","is_ascension_mode":true,"campfire_choices":[{"data":"Deadly Poison","floor":6.0,"key":"SMITH"},{"floor":8.0,"key":"REST"},{"data":"A Thousand Cuts","floor":10.0,"key":"SMITH"},{"floor":15,"key":"REST"},{"floor":23,"key":"REST"},{"floor":27,"key":"REST"},{"floor":32,"key":"REST"}],"neow_cost":"NO_GOLD","seed_source_timestamp":1641226050049629,"circlet_count":0,"master_deck":["AscendersBane","Defend_G","Defend_G","Defend_G","Defend_G","Defend_G","Strike_G","Strike_G","Strike_G","Strike_G","Survivor","Neutralize","A Thousand Cuts+1","Deadly Poison","Deadly Poison+1","Infinite Blades","Deflect","Backflip","Deflect","Unload","Escape Plan","Deflect","Deflect","After Image"],"special_seed":0,"relics":["Ring of the Snake","Golden Idol","Bottled Lightning","Tingsha","Torii","Unceasing Top","Busted Crown","Thread and Needle","Turnip"],"potions_floor_usage":[13,14,21,30,31],"damage_taken":[{"damage":0.0,"enemies":"Cultist","floor":1.0,"turns":4.0},{"damage":1.0,"enemies":"Small Slimes","floor":3.0,"turns":6.0},{"damage":42.0,"enemies":"3 Sentries","floor":7.0,"turns":11.0},{"damage":18,"enemies":"Gremlin Nob","floor":11,"turns":4},{"damage":1,"enemies":"Jaw Worm","floor":12,"turns":4},{"damage":0,"enemies":"Lots of Slimes","floor":13,"turns":2},{"damage":0,"enemies":"2 Fungi Beasts","floor":14,"turns":4},{"damage":15,"enemies":"Hexaghost","floor":16,"turns":10},{"damage":17,"enemies":"3 Byrds","floor":18,"turns":4},{"damage":22,"enemies":"2 Thieves","floor":19,"turns":4},{"damage":9,"enemies":"Shelled Parasite and Fungi","floor":20,"turns":4},{"damage":6,"enemies":"Snake Plant","floor":21,"turns":4},{"damage":1,"enemies":"Centurion and Healer","floor":22,"turns":6},{"damage":12,"enemies":"Colosseum Slavers","floor":24,"turns":6},{"damage":0,"enemies":"Shelled Parasite and Fungi","floor":29,"turns":5},{"damage":3,"enemies":"Book of Stabbing","floor":30,"turns":6},{"damage":7,"enemies":"Snake Plant","floor":31,"turns":3},{"damage":47,"enemies":"Automaton","floor":33,"turns":10}],"seed_played":"7961102786849102530","potions_obtained":[{"floor":11,"key":"LiquidBronze"},{"floor":12,"key":"SkillPotion"},{"floor":13,"key":"Regen Potion"},{"floor":19,"key":"GamblersBrew"},{"floor":20,"key":"Block Potion"},{"floor":30,"key":"Energy Potion"}],"is_trial":false,"path_per_floor":["$","?","T","M","?","?"],"character_chosen":"THE_SILENT","items_purchased":["Thread and Needle"],"campfire_rested":5,"item_purchase_floors":[28],"current_hp_per_floor":[63,63,62,45,45,45,3,24,24,24,6,5,5,19,40,25,59,42,20,11,5,4,25,13,13,13,34,34,34,31,24,45,0],"gold":90,"neow_bonus":"THREE_RARE_CARDS","is_prod":false,"is_daily":false,"chose_seed":false,"campfire_upgraded":2,"win_rate":0,"timestamp":1554349084,"path_taken":["M","?","M","?","?","R","E","R","T","R","E","M","M","?","R","BOSS","M","M","M","M","M","R","?","?","T","R","$","M","E","M","R","BOSS"],"build_version":"2019-01-23","purchased_purges":0,"victory":false,"max_hp_per_floor":[70,70,70,70,70,70,70,70,70,70,70,70,70,70,70,70,70,70,70,70,70,70,70,70,70,70,70,70,70,70,70,70,70],"card_choices":[{"not_picked":["Phantasmal Killer","Night Terror"],"picked":"A Thousand Cuts","floor":0.0},{"not_picked":["Dagger Spray","Prepared"],"picked":"Deadly Poison","floor":1.0},{"not_picked":["Heel Hook","Bane"],"picked":"Deadly Poison","floor":3.0},{"not_picked":["Finisher","Dodge and Roll"],"picked":"Infinite Blades","floor":7.0},{"not_picked":["Expertise","Venomology"],"picked":"Deflect","floor":11},{"not_picked":["Bane","Expertise"],"picked":"Backflip","floor":12},{"not_picked":["Blade Dance","Backflip"],"picked":"Deflect","floor":13},{"not_picked":["Flechettes","Dagger Throw","Sucker Punch"],"picked":"SKIP","floor":14},{"not_picked":["Corpse Explosion","Grand Finale"],"picked":"Unload","floor":16},{"not_picked":[],"picked":"Escape Plan","floor":18},{"not_picked":["Flying Knee"],"picked":"SKIP","floor":19},{"not_picked":["Dodge and Roll"],"picked":"SKIP","floor":20},{"not_picked":[],"picked":"Deflect","floor":21},{"not_picked":[],"picked":"Deflect","floor":22},{"not_picked":[],"picked":"After Image","floor":29},{"not_picked":["Terror"],"picked":"SKIP","floor":30},{"not_picked":["Bouncing Flask"],"picked":"SKIP","floor":31}],"player_experience":1450010,"relics_obtained":[{"floor":5.0,"key":"Bottled Lightning"},{"floor":7.0,"key":"Tingsha"},{"floor":9.0,"key":"Torii"},{"floor":11,"key":"Unceasing Top"},{"floor":30,"key":"Turnip"}],"event_choices":[{"damage_healed":0.0,"max_hp_gain":0.0,"max_hp_loss":0.0,"gold_gain":0.0,"event_name":"Golden Idol","player_choice":"Take Damage","floor":4.0,"gold_loss":0.0,"damage_taken":17.0,"relics_obtained":["Golden Idol"]},{"damage_healed":0,"gold_gain":0,"player_choice":"Fight","damage_taken":0,"max_hp_gain":0,"max_hp_loss":0,"event_name":"Colosseum","floor":24,"gold_loss":0},{"damage_healed":0,"gold_gain":0,"player_choice":"Fled From Nobs","damage_taken":0,"max_hp_gain":0,"max_hp_loss":0,"event_name":"Colosseum","floor":24,"gold_loss":0},{"cards_removed":["Strike_G"],"damage_healed":0,"gold_gain":0,"player_choice":"Gave Gold","damage_taken":0,"max_hp_gain":0,"max_hp_loss":0,"event_name":"Beggar","floor":25,"gold_loss":75}],"is_beta":false,"boss_relics":[{"not_picked":["Orrery","Calling Bell"],"picked":"Busted Crown"}],"items_purged_floors":[],"is_endless":false,"potions_floor_spawned":[11,12,13,19,20,30],"killed_by":"Automaton","ascension_level":13}