{"gold_per_floor":[15,290,309,112,112,137,137,137,137,137,157,157,185,205,205,303,303,321,341,341,361,407,407,407,441,441,441,456,456,456,476,476,578,578,588,688,349,349,366,379,379,407,458,473,179,195,195,195,195,195,195,195,72,100,100],"floor_reached":55,"playtime":1993,"items_purged":["Regret"],"score":828,"play_id":"8c14ca5f-da10-4257-8604-48d6b7dcf387","local_time":"20181118192514","is_ascension_mode":false,"campfire_choices":[{"data":"Body Slam","floor":7,"key":"SMITH"},{"data":"Armaments","floor":10,"key":"SMITH"},{"floor":12,"key":"RECALL"},{"data":"Barricade","floor":15,"key":"SMITH"},{"floor":23,"key":"REST"},{"floor":30,"key":"REST"},{"floor":32,"key":"REST"},{"floor":47,"key":"REST"},{"floor":49,"key":"REST"},{"floor":52,"key":"REST"}],"neow_cost":"NO_GOLD","seed_source_timestamp":436131333931433,"circlet_count":0,"master_deck":["Strike_R","Strike_R","Strike_R","Strike_R","Defend_R+1","Defend_R","Defend_R","Defend_R","Bash","PanicButton","Forethought","Wild Strike","Body Slam+1","Twin Strike","True Grit+1","Armaments+1","Thunderclap","Pommel Strike","Barricade+1","Seeing Red","Impervious+1","Cleave+1","Iron Wave","Body Slam","True Grit","Shrug It Off","Entrench","Impervious","Cleave+1","Flex+1","Impervious+1","Body Slam+1","Body Slam+1","Power Through+1","Wild Strike+1","Madness","Madness","Body Slam+1","Parasite","Ghostly Armor+1","Armaments+1","Shrug It Off","Armaments+1","Body Slam+1","Evolve+1","True Grit","Second Wind+1"],"relics":["Burning Blood","Red Skull","WarpedTongs","Blue Candle","Potion Belt","Fusion Hammer","War Paint","Enchiridion","Mummified Hand","Bottled Tornado","Empty Cage","Prayer Wheel","DollysMirror","Oddly Smooth Stone","Ornamental Fan","Regal Pillow","Singing Bowl","Frozen Egg 2","Mercury Hourglass"],"potions_floor_usage":[3,6,6,6,16,25,29,33,40,46,50,50,50,55],"damage_taken":[{"damage":9,"enemies":"2 Louse","floor":1,"turns":4},{"damage":14,"enemies":"Cultist","floor":3,"turns":4},{"damage":15,"enemies":"Gremlin Nob","floor":6,"turns":4},{"damage":1,"enemies":"Small Slimes","floor":11,"turns":3},{"damage":29,"enemies":"Lagavulin","floor":13,"turns":7},{"damage":6,"enemies":"Looter","floor":14,"turns":3},{"damage":25,"enemies":"The Guardian","floor":16,"turns":11},{"damage":17,"enemies":"Spheric Guardian","floor":18,"turns":4},{"damage":13,"enemies":"Shell Parasite","floor":19,"turns":6},{"damage":1,"enemies":"Centurion and Healer","floor":21,"turns":6},{"damage":28,"enemies":"Book of Stabbing","floor":25,"turns":7},{"damage":1,"enemies":"Snecko","floor":28,"turns":5},{"damage":16,"enemies":"Colosseum Slavers","floor":29,"turns":4},{"damage":1,"enemies":"Cultist and Chosen","floor":31,"turns":3},{"damage":10,"enemies":"Automaton","floor":33,"turns":11},{"damage":0,"enemies":"3 Darklings","floor":35,"turns":6},{"damage":0,"enemies":"Mind Bloom Boss Battle","floor":36,"turns":4},{"damage":0,"enemies":"3 Shapes","floor":39,"turns":3},{"damage":1,"enemies":"Transient","floor":40,"turns":5},{"damage":27,"enemies":"Nemesis","floor":42,"turns":11},{"damage":0,"enemies":"Writhing Mass","floor":44,"turns":2},{"damage":0,"enemies":"3 Darklings","floor":46,"turns":8},{"damage":55,"enemies":"Time Eater","floor":50,"turns":12},{"damage":34,"enemies":"Shield and Spear","floor":54,"turns":6},{"damage":53,"enemies":"The Heart","floor":55,"turns":3}],"seed_played":"-2186179427637317461","potions_obtained":[{"floor":1,"key":"EntropicBrew"},{"floor":3,"key":"Regen Potion"},{"floor":6,"key":"GamblersBrew"},{"floor":18,"key":"LiquidBronze"},{"floor":28,"key":"GamblersBrew"},{"floor":31,"key":"Block Potion"},{"floor":36,"key":"Block Potion"},{"floor":39,"key":"Ancient Potion"},{"floor":42,"key":"Strength Potion"},{"floor":44,"key":"BloodPotion"},{"floor":46,"key":"Regen Potion"},{"floor":54,"key":"Explosive Potion"}],"is_trial":false,"path_per_floor":["M","?","M","$","?","E","R","?","T","R","M","R","E","M","R","B",null,"M","M","?","M","T","R","?","E","T","T","M","?","R","M","R","B",null,"M","?","$","?","M","M","?","E","T","M","$","M","R","T","R","B",null,"R","$","E","B"],"character_chosen":"IRONCLAD","items_purchased":["Twin Strike","True Grit","Armaments","DollysMirror","Oddly Smooth Stone","Shrug It Off","Singing Bowl","Evolve+1","True Grit"],"campfire_rested":6,"item_purchase_floors":[4,4,4,37,37,45,45,53,53],"current_hp_per_floor":[77,77,69,69,69,72,72,72,72,72,77,77,54,54,54,35,80,69,62,62,67,67,80,64,42,42,42,47,37,61,66,80,76,80,80,80,80,80,80,80,70,49,49,55,55,69,80,80,80,46,80,80,80,52,0],"gold":100,"neow_bonus":"RANDOM_COLORLESS_2","is_prod":false,"is_daily":false,"chose_seed":false,"campfire_upgraded":3,"win_rate":0,"timestamp":1542594314,"path_taken":["M","?","?","$","?","E","R","?","T","R","?","R","E","M","R","BOSS","M","M","?","?","?","R","?","E","T","?","M","?","R","M","R","BOSS","M","?","$","?","M","?","?","E","T","M","$","M","R","?","R","BOSS","R","$","E","BOSS"],"build_version":"2018-11-15","purchased_purges":1,"victory":false,"max_hp_per_floor":[80,80,80,80,80,80,80,80,80,80,80,80,80,80,80,80,80,80,80,80,80,80,80,80,80,80,80,80,80,80,80,80,80,80,80,80,80,80,80,80,80,80,80,80,80,80,80,80,80,80,80,80,80,80,80],"card_choices":[{"not_picked":["Thunderclap","Reckless Charge"],"picked":"Wild Strike","floor":1},{"not_picked":["Evolve","Second Wind"],"picked":"Body Slam","floor":3},{"not_picked":["Havoc","Anger"],"picked":"Thunderclap","floor":6},{"not_picked":["Carnage","Warcry"],"picked":"Pommel Strike","floor":11},{"not_picked":["Immolate","Thunderclap"],"picked":"Barricade","floor":13},{"not_picked":["Cleave","Heavy Blade"],"picked":"Seeing Red","floor":14},{"not_picked":["Brutality","Feed"],"picked":"Impervious","floor":16},{"not_picked":["Headbutt","Armaments"],"picked":"Cleave+1","floor":18},{"not_picked":["Clothesline+1","Intimidate"],"picked":"Iron Wave","floor":19},{"not_picked":["Anger+1","Blood for Blood"],"picked":"Body Slam","floor":21},{"not_picked":["Seeing Red","Evolve"],"picked":"True Grit","floor":25},{"not_picked":["Dual Wield+1","Havoc"],"picked":"Shrug It Off","floor":28},{"not_picked":["Thunderclap","Iron Wave"],"picked":"Entrench","floor":31},{"not_picked":["Reaper","Immolate"],"picked":"Impervious","floor":33},{"not_picked":["Rampage+1","Perfected Strike+1"],"picked":"Cleave+1","floor":35},{"not_picked":["Iron Wave","Warcry+1"],"picked":"Flex+1","floor":36},{"not_picked":["Wild Strike+1","Entrench"],"picked":"Body Slam+1","floor":39},{"not_picked":["Flex+1","Barricade"],"picked":"Body Slam+1","floor":39},{"not_picked":["Perfected Strike+1","Havoc+1"],"picked":"Power Through+1","floor":40},{"not_picked":["Twin Strike","Dropkick+1"],"picked":"Wild Strike+1","floor":40},{"not_picked":["Clash+1","Metallicize"],"picked":"Body Slam+1","floor":42},{"not_picked":["Entrench","Perfected Strike+1"],"picked":"Ghostly Armor+1","floor":44},{"not_picked":["Warcry+1","Inflame+1"],"picked":"Armaments+1","floor":44},{"not_picked":["Flex","Twin Strike"],"picked":"Armaments+1","floor":46},{"not_picked":["Armaments+1","Offering"],"picked":"Body Slam+1","floor":46},{"not_picked":["Dropkick+1","Whirlwind"],"picked":"Second Wind+1","floor":54}],"player_experience":1094533,"relics_obtained":[{"floor":6,"key":"Red Skull"},{"floor":9,"key":"Blue Candle"},{"floor":13,"key":"Potion Belt"},{"floor":22,"key":"War Paint"},{"floor":24,"key":"Enchiridion"},{"floor":25,"key":"Mummified Hand"},{"floor":27,"key":"Bottled Tornado"},{"floor":36,"key":"Prayer Wheel"},{"floor":42,"key":"Ornamental Fan"},{"floor":43,"key":"Regal Pillow"},{"floor":48,"key":"Frozen Egg 2"},{"floor":54,"key":"Mercury Hourglass"}],"event_choices":[{"damage_healed":0,"gold_gain":275,"player_choice":"Desecrate","damage_taken":0,"max_hp_gain":0,"max_hp_loss":0,"event_name":"Golden Shrine","floor":2,"gold_loss":0,"cards_obtained":["Regret"]},{"damage_healed":0,"gold_gain":0,"player_choice":"Leave","damage_taken":0,"max_hp_gain":0,"max_hp_loss":0,"event_name":"The Cleric","floor":5,"gold_loss":0},{"damage_healed":0,"gold_gain":0,"player_choice":"Rummage","damage_taken":0,"relics_obtained":["WarpedTongs"],"max_hp_gain":0,"max_hp_loss":0,"event_name":"Accursed Blacksmith","floor":8,"gold_loss":0,"cards_obtained":["Pain"]},{"damage_healed":0,"gold_gain":0,"player_choice":"Upgraded","damage_taken":0,"max_hp_gain":0,"max_hp_loss":0,"event_name":"Upgrade Shrine","floor":20,"gold_loss":0,"cards_upgraded":["Impervious"]},{"damage_healed":0,"gold_gain":0,"player_choice":"Obtained Book","damage_taken":16,"max_hp_gain":0,"max_hp_loss":0,"event_name":"Cursed Tome","floor":24,"gold_loss":0},{"damage_healed":0,"gold_gain":0,"player_choice":"Fight","damage_taken":0,"max_hp_gain":0,"max_hp_loss":0,"event_name":"Colosseum","floor":29,"gold_loss":0},{"damage_healed":0,"gold_gain":0,"player_choice":"Fled From Nobs","damage_taken":0,"max_hp_gain":0,"max_hp_loss":0,"event_name":"Colosseum","floor":29,"gold_loss":0},{"damage_healed":0,"gold_gain":0,"player_choice":"Fight","damage_taken":0,"max_hp_gain":0,"max_hp_loss":0,"event_name":"MindBloom","floor":36,"gold_loss":0},{"damage_healed":0,"gold_gain":0,"player_choice":"Ignored","damage_taken":0,"max_hp_gain":0,"max_hp_loss":0,"event_name":"NoteForYourself","floor":38,"gold_loss":0},{"damage_healed":0,"gold_gain":0,"player_choice":"Embrace Madness","damage_taken":10,"max_hp_gain":0,"max_hp_loss":0,"event_name":"Winding Halls","floor":41,"gold_loss":0,"cards_obtained":["Madness","Madness"]}],"is_beta":false,"boss_relics":[{"not_picked":["Astrolabe","Runic Pyramid"],"picked":"Fusion Hammer"},{"not_picked":["Coffee Dripper","Mark of Pain"],"picked":"Empty Cage"}],"items_purged_floors":[4],"is_endless":false,"potions_floor_spawned":[1,3,6,18,28,31,36,39,42,44,46,54],"killed_by":"The Heart","ascension_level":0}