{"gold_per_floor":[118,135,152,327,327,362,362,362],"floor_reached":8,"playtime":977,"items_purged":[],"score":59,"play_id":"71c4257d-dc6d-495c-b7c3-2e83d64e5521","local_time":"20190409172820","is_ascension_mode":true,"campfire_choices":[{"floor":7,"key":"REST"}],"neow_cost":"CURSE","seed_source_timestamp":338565751963980,"circlet_count":0,"master_deck":["Strike_R","Strike_R","Strike_R","Strike_R","Strike_R","Defend_R","Defend_R","Defend_R","Defend_R","Bash","Decay","Rage","Thunderclap","Shrug It Off","Doubt","Shrug It Off"],"relics":["Burning Blood","Calipers","Pen Nib"],"potions_floor_usage":[6,6,6],"damage_taken":[{"damage":10,"enemies":"2 Louse","floor":1,"turns":3},{"damage":0,"enemies":"Small Slimes","floor":2,"turns":4},{"damage":0,"enemies":"Cultist","floor":3,"turns":4},{"damage":89,"enemies":"3 Sentries","floor":6,"turns":14},{"damage":23,"enemies":"Lagavulin","floor":8,"turns":7}],"seed_played":"7637442735825830791","potions_obtained":[{"floor":2,"key":"Dexterity Potion"},{"floor":3,"key":"Regen Potion"},{"floor":5,"key":"Block Potion"},{"floor":5,"key":"Regen Potion"}],"is_trial":false,"path_per_floor":["M","M","M","?","?","E","R","E"],"character_chosen":"IRONCLAD","items_purchased":[],"campfire_rested":1,"item_purchase_floors":[],"current_hp_per_floor":[76,80,80,80,80,52,76,53],"gold":362,"neow_bonus":"ONE_RARE_RELIC","is_prod":false,"is_daily":false,"chose_seed":false,"campfire_upgraded":0,"win_rate":0,"timestamp":1554827300,"path_taken":["M","M","M","?","?","E","R","E"],"build_version":"2019-01-23","purchased_purges":0,"victory":false,"max_hp_per_floor":[80,80,80,80,80,80,80,80],"card_choices":[{"not_picked":["Havoc","Evolve"],"picked":"Rage","floor":1},{"not_picked":["Anger","Twin Strike"],"picked":"Thunderclap","floor":2},{"not_picked":["Perfected Strike","Rupture"],"picked":"Shrug It Off","floor":3},{"not_picked":["Havoc","Offering"],"picked":"Shrug It Off","floor":6}],"player_experience":378131,"relics_obtained":[{"floor":6,"key":"Pen Nib"}],"event_choices":[{"damage_healed":0,"gold_gain":175,"player_choice":"AGREE","damage_taken":0,"max_hp_gain":0,"max_hp_loss":0,"event_name":"Liars Game","floor":4,"gold_loss":0,"cards_obtained":["Doubt"]},{"damage_healed":0,"gold_gain":0,"player_choice":"Got Potions","damage_taken":0,"max_hp_gain":0,"max_hp_loss":0,"event_name":"Lab","floor":5,"gold_loss":0}],"is_beta":false,"boss_relics":[],"items_purged_floors":[],"is_endless":false,"potions_floor_spawned":[2,3],"killed_by":"Lagavulin","ascension_level":1}