{"gold_per_floor":[111,71,90,40,315,315,6,23,23,23,34,68,68,103,115,226,238,261,273,58,58,69,69,87,12,12,26,26,41,41,61,61,160,160,173,50,50,50,60,60,60,87,87,87,39,49,49,0,0,0],"floor_reached":50,"playtime":2092,"items_purged":["Regret"],"score":651,"play_id":"f509cc26-cf14-4034-98c5-bd89d60094d6","local_time":"20180925120228","is_ascension_mode":true,"campfire_choices":[{"data":"Zap","floor":6,"key":"SMITH"},{"data":"Chaos","floor":13,"key":"SMITH"},{"data":"Gash","floor":15,"key":"SMITH"},{"data":"Gash","floor":23,"key":"SMITH"},{"floor":30,"key":"REST"},{"floor":32,"key":"REST"},{"floor":40,"key":"REST"},{"floor":44,"key":"REST"},{"floor":49,"key":"REST"}],"neow_cost":"NONE","seed_source_timestamp":1014946503616443,"circlet_count":0,"master_deck":["Zap+1","Dualcast","Sweeping Beam","Ball Lightning","Chaos+1","Gash+1","Coolheaded","Glacier","Reboot","Conserve Battery","Defragment","Gash+1","Cold Snap","Lockon","Redo","Cold Snap","Turbo","Gash+1","All For One","Sunder","Melter","Coolheaded","Ball Lightning","Static Discharge","Cold Snap+1","Hologram","Beam Cell+1","Flash of Steel","Gash+1","Ball Lightning+1","Gash","Redo+1"],"relics":["FrozenCore","Unceasing Top","Kunai","Blue Candle","MawBank","Bronze Scales","Dodecahedron","Pandora\u0027s Box","WingedGreaves","Toxic Egg 2","Letter Opener","Regal Pillow","Red Mask"],"potions_floor_usage":[12,12,14,16,24,27,33,33,42],"damage_taken":[{"damage":7,"enemies":"Jaw Worm","floor":1,"turns":3},{"damage":1,"enemies":"Cultist","floor":3,"turns":3},{"damage":5,"enemies":"2 Louse","floor":8,"turns":2},{"damage":10,"enemies":"Looter","floor":11,"turns":3},{"damage":4,"enemies":"Lagavulin","floor":12,"turns":4},{"damage":0,"enemies":"3 Sentries","floor":14,"turns":1},{"damage":11,"enemies":"Slime Boss","floor":16,"turns":8},{"damage":21,"enemies":"Chosen","floor":18,"turns":10},{"damage":1,"enemies":"Spheric Guardian","floor":22,"turns":5},{"damage":18,"enemies":"Shelled Parasite and Fungi","floor":24,"turns":4},{"damage":8,"enemies":"Centurion and Healer","floor":27,"turns":8},{"damage":20,"enemies":"Snecko","floor":29,"turns":7},{"damage":7,"enemies":"Sentry and Sphere","floor":31,"turns":6},{"damage":19,"enemies":"Collector","floor":33,"turns":12},{"damage":15,"enemies":"3 Darklings","floor":35,"turns":4},{"damage":22,"enemies":"Mind Bloom Boss Battle","floor":37,"turns":8},{"damage":11,"enemies":"3 Shapes","floor":39,"turns":7},{"damage":23,"enemies":"2 Orb Walkers","floor":42,"turns":5},{"damage":21,"enemies":"Maw","floor":46,"turns":5},{"damage":74,"enemies":"Time Eater","floor":50,"turns":5}],"seed_played":"7309971903528523348","potions_obtained":[{"floor":2,"key":"Poison Potion"},{"floor":2,"key":"PowerPotion"},{"floor":2,"key":"PowerPotion"},{"floor":12,"key":"Block Potion"},{"floor":14,"key":"Block Potion"},{"floor":22,"key":"LiquidBronze"},{"floor":24,"key":"Block Potion"},{"floor":31,"key":"EssenceOfSteel"},{"floor":35,"key":"SteroidPotion"},{"floor":37,"key":"EssenceOfSteel"}],"is_trial":false,"path_per_floor":["M","?","M","?","?","R","$","M","T","$","M","E","R","E","R","B",null,"M","?","$","?","M","R","M","?","T","M","$","M","R","M","R","B",null,"M","$","?","?","M","R","?","E","T","R","$","M","T","?","R"],"character_chosen":"DEFECT","items_purchased":["Unceasing Top","Gash","Bronze Scales","Cold Snap","Hologram","Gash"],"campfire_rested":5,"item_purchase_floors":[7,20,20,20,36,45],"current_hp_per_floor":[68,68,67,67,67,67,67,62,62,62,52,48,48,48,48,37,75,54,54,54,54,53,53,35,35,35,27,27,7,29,22,44,25,75,60,60,38,38,27,49,49,26,26,48,48,27,27,27,64,0],"gold":0,"neow_bonus":"TRANSFORM_CARD","is_prod":false,"is_daily":false,"chose_seed":false,"campfire_upgraded":4,"win_rate":0,"timestamp":1537898548,"path_taken":["M","?","M","?","?","R","$","M","T","$","M","E","R","E","R","BOSS","M","?","?","?","M","R","M","?","T","M","$","?","R","M","R","BOSS","M","$","?","?","M","R","?","E","T","R","?","?","?","?","R","BOSS"],"build_version":"2018-09-20","purchased_purges":1,"victory":false,"max_hp_per_floor":[75,75,75,75,75,75,75,75,75,75,75,75,75,75,75,75,75,75,75,75,75,75,75,75,75,75,75,75,75,75,75,75,75,75,75,75,75,75,75,75,75,75,75,75,75,75,75,75,75,75],"card_choices":[{"not_picked":["Go for the Eyes","Rebound"],"picked":"Ball Lightning","floor":1},{"not_picked":["Rip and Tear","Streamline"],"picked":"Chaos","floor":3},{"not_picked":["White Noise","Lockon"],"picked":"Gash","floor":8},{"not_picked":["Go for the Eyes","Tempest"],"picked":"Coolheaded","floor":11},{"not_picked":["Beam Cell","Reinforced Body"],"picked":"Coolheaded","floor":12},{"not_picked":["Leap","Recycle"],"picked":"Glacier","floor":14},{"not_picked":["Machine Learning","Multi-Cast"],"picked":"Reboot","floor":16},{"not_picked":["Leap+1","Ball Lightning"],"picked":"Conserve Battery","floor":18},{"not_picked":["Hologram","Chill"],"picked":"Lockon","floor":22},{"not_picked":["Cold Snap","Defragment"],"picked":"Redo","floor":24},{"not_picked":["Core Surge","Force Field"],"picked":"Cold Snap","floor":27},{"not_picked":["Hello World","Leap"],"picked":"Turbo","floor":29},{"not_picked":["Tempest","Ball Lightning"],"picked":"Gash+1","floor":31},{"not_picked":["Buffer","Core Surge"],"picked":"All For One","floor":33},{"not_picked":["Hello World","Genetic Algorithm"],"picked":"Cold Snap+1","floor":35},{"not_picked":["Loop","Melter+1"],"picked":"Beam Cell+1","floor":37},{"not_picked":["Forethought","Dark Shackles"],"picked":"Flash of Steel","floor":38},{"not_picked":["Chill","Coolheaded+1"],"picked":"Gash+1","floor":39},{"not_picked":["Auto Shields","Sweeping Beam+1"],"picked":"Ball Lightning+1","floor":42},{"not_picked":["Hello World+1","Double Energy+1"],"picked":"Redo+1","floor":46}],"player_experience":577445,"relics_obtained":[{"floor":9,"key":"Kunai"},{"floor":12,"key":"Blue Candle"},{"floor":14,"key":"MawBank"},{"floor":26,"key":"Dodecahedron"},{"floor":37,"key":"WingedGreaves"},{"floor":42,"key":"Toxic Egg 2"},{"floor":43,"key":"Letter Opener"},{"floor":47,"key":"Regal Pillow"}],"event_choices":[{"event_name":"The Woman in Blue","player_choice":"Bought 3 Potions","floor":2,"damage_taken":0},{"event_name":"The Cleric","player_choice":"Card Removal","floor":4,"damage_taken":0},{"event_name":"Golden Shrine","player_choice":"Desecrate","floor":5,"damage_taken":0},{"event_name":"The Library","player_choice":"Read","floor":19,"damage_taken":0},{"event_name":"Ghosts","player_choice":"Ignored","floor":21,"damage_taken":0},{"event_name":"Beggar","player_choice":"Gave Gold","floor":25,"damage_taken":0},{"event_name":"MindBloom","player_choice":"Fight","floor":37,"damage_taken":0},{"event_name":"SensoryStone","player_choice":"Memory 1","floor":38,"damage_taken":0},{"event_name":"Falling","player_choice":"Removed Skill","floor":41,"damage_taken":0},{"event_name":"Tomb of Lord Red Mask","player_choice":"Paid","floor":48,"damage_taken":0}],"is_beta":false,"boss_relics":[{"not_picked":["White Beast Statue","Snecko Eye"],"picked":"FrozenCore"},{"not_picked":["Astrolabe","Runic Dome"],"picked":"Pandora\u0027s Box"}],"items_purged_floors":[36],"is_endless":false,"potions_floor_spawned":[11,12,14,22,24,31,35,37],"killed_by":"Time Eater","ascension_level":4}