{"path_per_floor":["M","M","M","?","M","E","R","?","T","M","M","M","M","$","R","B",null],"character_chosen":"THE_SILENT","items_purchased":["Infinite Blades","Slice","Acrobatics"],"gold_per_floor":[117,137,148,148,167,195,195,160,183,201,214,230,248,96,96,193,193],"floor_reached":18,"campfire_rested":1,"playtime":1135,"current_hp_per_floor":[70,67,64,64,62,44,44,61,68,66,61,51,37,37,60,2,77],"items_purged":[],"gold":193,"score":166,"play_id":"fa0323cb-f9bc-4f45-911f-394b305ac6d0","is_prod":false,"is_daily":false,"is_ascension_mode":false,"campfire_upgraded":1,"path_taken":["M","M","M","?","M","E","R","?","T","M","?","M","M","?","R","BOSS","M"],"build_version":"2018-02-15-PROD1","purchased_purges":0,"victory":false,"master_deck":["Defend_G","Defend_G","Defend_G","Defend_G","Defend_G","Strike_G","Strike_G","Strike_G","Strike_G","Strike_G","Survivor","Neutralize","Finisher","Quick Slash","Infinite Blades+1","Dagger Spray","Blade Dance","Sucker Punch","Infinite Blades","Acrobatics","Dash","Infinite Blades","Slice","Acrobatics","Burst"],"max_hp_per_floor":[70,70,70,70,70,70,70,70,77,77,77,77,77,77,77,77,77],"relics":["Ring of the Snake","Blood Vial","Omamori","Strawberry","Philosopher\u0027s Stone"],"card_choices":[{"not_picked":["Distraction","Bouncing Flask"],"picked":"Finisher"},{"not_picked":["All Out Attack","Poisoned Stab"],"picked":"Quick Slash"},{"not_picked":["Corpse Explosion","Dagger Throw"],"picked":"Infinite Blades"},{"not_picked":["Underhanded Strike","Dodge and Roll"],"picked":"Dagger Spray"},{"not_picked":["Backflip","Leg Sweep"],"picked":"Blade Dance"},{"not_picked":["PiercingWail","Dagger Throw"],"picked":"Sucker Punch"},{"not_picked":["Reflex","Bane"],"picked":"Infinite Blades"},{"not_picked":["Dagger Throw","Caltrops"],"picked":"Acrobatics"},{"not_picked":["Calculated Gamble","Unload"],"picked":"Dash"},{"not_picked":["Doppelganger","Wraith Form"],"picked":"Burst"}],"player_experience":148012,"potions_floor_usage":[6,11,16],"damage_taken":[{"damage":0,"enemies":"2 Louse","floor":1,"turns":5},{"damage":3,"enemies":"Jaw Worm","floor":2,"turns":4},{"damage":5,"enemies":"Small Slimes","floor":3,"turns":2},{"damage":4,"enemies":"Looter","floor":5,"turns":3},{"damage":20,"enemies":"3 Sentries","floor":6,"turns":8},{"damage":4,"enemies":"2 Fungi Beasts","floor":10,"turns":3},{"damage":7,"enemies":"Exordium Thugs","floor":11,"turns":5},{"damage":12,"enemies":"Looter","floor":12,"turns":3},{"damage":16,"enemies":"Large Slime","floor":13,"turns":5},{"damage":60,"enemies":"The Guardian","floor":16,"turns":13},{"damage":5,"enemies":"3 Byrds","floor":18,"turns":2}],"event_choices":[{"event_name":"Golden Wing","player_choice":"Ignored","floor":4,"damage_taken":0},{"event_name":"The Cleric","player_choice":"Healed","floor":8,"damage_taken":0}],"boss_relics":[{"not_picked":["Runic Dome","Black Star"],"picked":"Philosopher\u0027s Stone"}],"potions_floor_spawned":[1,2,3,10,16],"seed_played":"-8585018586918978641","killed_by":"3 Byrds","ascension_level":0,"is_trial":false}