{"gold_per_floor":[116,18,33,43,143,173,173,186,186,206,238,253,287,264,264,366,366,378,1,14,31,50,76,76,101,101,101,22,33,43,77,77,77],"floor_reached":33,"playtime":1602,"items_purged":[],"score":370,"play_id":"ac11cf59-1ef5-44cf-a492-3ff8d1b21fc4","local_time":"20180821155221","is_ascension_mode":true,"campfire_choices":[{"floor":7,"key":"REST"},{"data":"Armaments","floor":15,"key":"SMITH"},{"floor":24,"key":"REST"},{"floor":27,"key":"REST"},{"data":"Inflame","floor":32,"key":"SMITH"}],"neow_cost":"NONE","seed_source_timestamp":396924900864856,"circlet_count":0,"master_deck":["Strike_R+1","Strike_R","Strike_R","Strike_R+1","Strike_R","Defend_R","Defend_R","Defend_R","Defend_R","Bash","Pummel","Twin Strike","Sword Boomerang+1","Armaments+1","Immolate+1","Metallicize","Sword Boomerang+1","Perfected Strike+1","Thunderclap+1","Warcry","Dark Embrace","Infernal Blade","Flex","Discovery","Swift Strike+1","Swift Strike+1","Perfected Strike+1","Carnage+1","Flex","Sword Boomerang+1","Power Through","Inflame+1","Bandage Up","Fire Breathing+1","Feel No Pain","Headbutt+1"],"relics":["Black Blood","Molten Egg 2","The Courier","Gremlin Horn","Matryoshka","Ancient Tea Set","Blood Vial","Meat on the Bone","Anchor","Dream Catcher","Mummified Hand","Whetstone"],"potions_floor_usage":[10,11,13,16,21,23,23,25,29,33],"damage_taken":[{"damage":6,"enemies":"Jaw Worm","floor":1,"turns":3},{"damage":1,"enemies":"Cultist","floor":3,"turns":3},{"damage":7,"enemies":"Small Slimes","floor":4,"turns":3},{"damage":41,"enemies":"3 Sentries","floor":6,"turns":11},{"damage":1,"enemies":"Red Slaver","floor":8,"turns":5},{"damage":0,"enemies":"Lots of Slimes","floor":10,"turns":1},{"damage":9,"enemies":"Gremlin Nob","floor":11,"turns":4},{"damage":0,"enemies":"Exordium Wildlife","floor":12,"turns":1},{"damage":15,"enemies":"Lagavulin","floor":13,"turns":4},{"damage":61,"enemies":"Hexaghost","floor":16,"turns":11},{"damage":24,"enemies":"3 Byrds","floor":18,"turns":5},{"damage":20,"enemies":"2 Thieves","floor":20,"turns":3},{"damage":12,"enemies":"Snake Plant","floor":21,"turns":2},{"damage":37,"enemies":"Shelled Parasite and Fungi","floor":22,"turns":5},{"damage":27,"enemies":"Slavers","floor":23,"turns":2},{"damage":54,"enemies":"Book of Stabbing","floor":25,"turns":5},{"damage":7,"enemies":"Snecko","floor":29,"turns":3},{"damage":6,"enemies":"Centurion and Healer","floor":30,"turns":5},{"damage":38,"enemies":"Gremlin Leader","floor":31,"turns":6},{"damage":96,"enemies":"Collector","floor":33,"turns":7}],"seed_played":"-618746350932015760","potions_obtained":[{"floor":4,"key":"Block Potion"},{"floor":8,"key":"Explosive Potion"},{"floor":10,"key":"Ancient Potion"},{"floor":11,"key":"Swift Potion"},{"floor":12,"key":"Strength Potion"},{"floor":13,"key":"Ancient Potion"},{"floor":18,"key":"Regen Potion"},{"floor":22,"key":"Dexterity Potion"},{"floor":23,"key":"BloodPotion"},{"floor":31,"key":"Regen Potion"}],"is_trial":false,"path_per_floor":["M","?","M","M","?","E","R","M","T","M","E","M","E","?","R","B",null,"M","$","M","M","M","E","R","E","T","R","$","M","M","E","R"],"character_chosen":"IRONCLAD","items_purchased":["Blood Vial","Flex","Discovery","Swift Strike+1","Swift Strike+1","Bandage Up"],"campfire_rested":3,"item_purchase_floors":[19,19,19,19,19,28],"current_hp_per_floor":[80,80,80,79,79,44,68,73,73,79,76,80,71,71,71,16,80,66,66,58,58,33,18,42,24,24,48,48,53,63,53,53,0],"gold":77,"neow_bonus":"THREE_CARDS","is_prod":false,"is_daily":false,"chose_seed":false,"campfire_upgraded":2,"win_rate":0,"timestamp":1534888341,"path_taken":["M","?","M","M","?","E","R","?","T","M","E","M","E","?","R","BOSS","M","$","?","M","M","E","R","E","T","R","$","M","M","E","R","BOSS"],"build_version":"2018-08-16","purchased_purges":0,"victory":false,"max_hp_per_floor":[80,80,80,80,80,80,80,80,80,80,80,80,80,80,80,80,80,80,80,80,80,80,80,80,80,80,80,80,80,80,80,80,80],"card_choices":[{"not_picked":["Sword Boomerang","Rupture"],"picked":"Pummel","floor":0},{"not_picked":["Warcry","Sentinel"],"picked":"Twin Strike","floor":1},{"not_picked":["Anger+1","Flex"],"picked":"Sword Boomerang+1","floor":3},{"not_picked":["Headbutt+1","Sentinel"],"picked":"Armaments","floor":4},{"not_picked":["Sword Boomerang+1","Shockwave"],"picked":"Immolate+1","floor":6},{"not_picked":["Bloodletting","Perfected Strike+1"],"picked":"Metallicize","floor":8},{"not_picked":["Intimidate","Feel No Pain"],"picked":"Sword Boomerang+1","floor":10},{"not_picked":["Twin Strike+1","Sever Soul+1"],"picked":"Perfected Strike+1","floor":11},{"not_picked":["Sword Boomerang+1","Anger+1"],"picked":"Thunderclap+1","floor":12},{"not_picked":["Blood for Blood+1","Dropkick+1"],"picked":"Warcry","floor":13},{"not_picked":["Juggernaut","Barricade"],"picked":"Dark Embrace","floor":16},{"not_picked":["Whirlwind+1","True Grit"],"picked":"Infernal Blade","floor":18},{"not_picked":["Shrug It Off","Rage+1"],"picked":"Perfected Strike+1","floor":20},{"not_picked":["Burning Pact","Sever Soul+1"],"picked":"Carnage+1","floor":21},{"not_picked":["Sentinel","Searing Blow+1"],"picked":"Flex","floor":22},{"not_picked":["Reckless Charge+1","Clash+1"],"picked":"Sword Boomerang+1","floor":23},{"not_picked":["Limit Break","Entrench"],"picked":"Power Through","floor":25},{"not_picked":["Sword Boomerang+1","Anger+1"],"picked":"Inflame","floor":27},{"not_picked":["Sever Soul+1","Headbutt+1"],"picked":"Fire Breathing+1","floor":29},{"not_picked":["Hemokinesis+1","Combust"],"picked":"Feel No Pain","floor":30},{"not_picked":["Uppercut+1","Body Slam+1"],"picked":"Headbutt+1","floor":31}],"player_experience":291743,"relics_obtained":[{"floor":6,"key":"The Courier"},{"floor":9,"key":"Gremlin Horn"},{"floor":11,"key":"Matryoshka"},{"floor":13,"key":"Ancient Tea Set"},{"floor":23,"key":"Meat on the Bone"},{"floor":25,"key":"Anchor"},{"floor":26,"key":"Dream Catcher"},{"floor":26,"key":"Mummified Hand"},{"floor":31,"key":"Whetstone"}],"event_choices":[{"event_name":"WeMeetAgain","player_choice":"Gold","floor":2,"damage_taken":0},{"event_name":"Golden Shrine","player_choice":"Pray","floor":5,"damage_taken":0},{"event_name":"World of Goop","player_choice":"Left","floor":14,"damage_taken":0}],"is_beta":false,"boss_relics":[{"not_picked":["Black Star","Calling Bell"],"picked":"Black Blood"}],"items_purged_floors":[],"is_endless":false,"potions_floor_spawned":[4,8,10,11,12,13,18,22,23,31],"killed_by":"Collector","ascension_level":1}