{"gold_per_floor":[110,125,125,145,41,52,18,49,98,126,126,126,143,153,153,250,250,262,262,281,281,281,281,307,322,322,334],"floor_reached":27,"playtime":2960,"items_purged":[],"score":243,"play_id":"14151b7a-3ddc-4df5-b02c-617a589779bd","local_time":"20190129121145","is_ascension_mode":false,"campfire_choices":[{"floor":12.0,"key":"REST"},{"floor":15.0,"key":"REST"},{"floor":23,"key":"REST"}],"neow_cost":"","seed_source_timestamp":0,"circlet_count":0,"master_deck":["Strike_R","Strike_R","Strike_R","Strike_R","Strike_R","Defend_R","Defend_R","Defend_R","Defend_R","Bash","Body Slam","Armaments+1","Regret","Carnage","Hemokinesis","Sword Boomerang","Bloodletting+1","Cleave","Anger","Clothesline","Double Tap","Twin Strike+1","Decay","Clothesline+1","Writhe","Barricade","Sever Soul+1"],"special_seed":0,"relics":["Burning Blood","Shuriken","Lantern","Anchor","Vajra","Matryoshka","Fusion Hammer","Oddly Smooth Stone","War Paint","MawBank","Pocketwatch"],"potions_floor_usage":[27],"damage_taken":[{"damage":3.0,"enemies":"Cultist","floor":1.0,"turns":5.0},{"damage":11.0,"enemies":"Jaw Worm","floor":2.0,"turns":5.0},{"damage":10.0,"enemies":"Small Slimes","floor":4.0,"turns":5.0},{"damage":1.0,"enemies":"2 Fungi Beasts","floor":6.0,"turns":3.0},{"damage":38.0,"enemies":"Lagavulin","floor":8.0,"turns":5.0},{"damage":18.0,"enemies":"3 Sentries","floor":10.0,"turns":4.0},{"damage":4.0,"enemies":"Blue Slaver","floor":13.0,"turns":2.0},{"damage":0.0,"enemies":"Looter","floor":14.0,"turns":2.0},{"damage":59.0,"enemies":"The Guardian","floor":16.0,"turns":8.0},{"damage":6,"enemies":"Spheric Guardian","floor":18,"turns":2},{"damage":5,"enemies":"Shell Parasite","floor":20,"turns":3},{"damage":51,"enemies":"Slavers","floor":24,"turns":5},{"damage":31,"enemies":"Shelled Parasite and Fungi","floor":25,"turns":5},{"damage":11,"enemies":"Gremlin Leader","floor":27,"turns":3}],"seed_played":"7464287332063561600","potions_obtained":[{"floor":8.0,"key":"Explosive Potion"},{"floor":10.0,"key":"SkillPotion"},{"floor":14.0,"key":"Block Potion"},{"floor":16.0,"key":"Strength Potion"},{"floor":20,"key":"Explosive Potion"}],"is_trial":false,"path_per_floor":["M","?","$","?","M","?","M","?","?"],"character_chosen":"IRONCLAD","items_purchased":["Hemokinesis","Ancient Potion","Bloodletting"],"campfire_rested":3,"item_purchase_floors":[5,5,7],"current_hp_per_floor":[80,75,75,71,71,76,76,44,44,32,32,56,58,64,80,27,80,80,80,80,80,80,80,35,10,10,0],"gold":334,"neow_bonus":"","is_prod":false,"is_daily":false,"chose_seed":false,"campfire_upgraded":0,"win_rate":0.0,"timestamp":1548781905,"path_taken":["M","?","?","M","$","M","?","E","T","E","?","R","?","M","R","BOSS","M","?","?","?","?","R","E","M","T","E"],"build_version":"2019-01-23","purchased_purges":0,"victory":false,"max_hp_per_floor":[80,80,80,80,80,80,80,80,80,80,80,80,80,80,80,80,80,80,80,80,80,80,80,80,80,80,80],"card_choices":[{"not_picked":["True Grit","Pummel"],"picked":"Body Slam","floor":1.0},{"not_picked":["Entrench","Pummel"],"picked":"Armaments","floor":2.0},{"not_picked":["Perfected Strike","Shrug It Off"],"picked":"Carnage","floor":4.0},{"not_picked":["Thunderclap","Dual Wield"],"picked":"Sword Boomerang","floor":6.0},{"not_picked":["Pummel","Dark Embrace"],"picked":"Flex","floor":8.0},{"not_picked":["Bludgeon","Inflame"],"picked":"Cleave","floor":10.0},{"not_picked":["Body Slam","Flex"],"picked":"Anger","floor":13.0},{"not_picked":["Feel No Pain","Twin Strike"],"picked":"Clothesline","floor":14.0},{"not_picked":["Juggernaut","Fiend Fire"],"picked":"Double Tap","floor":16.0},{"not_picked":["Warcry+1","Seeing Red"],"picked":"Twin Strike+1","floor":18},{"not_picked":["Headbutt","Flex+1"],"picked":"Clothesline+1","floor":20},{"not_picked":["Burning Pact","Metallicize"],"picked":"Barricade","floor":24},{"not_picked":["Feel No Pain","Metallicize"],"picked":"Sever Soul+1","floor":25}],"player_experience":0,"relics_obtained":[{"floor":8.0,"key":"Lantern"},{"floor":9.0,"key":"Anchor"},{"floor":10.0,"key":"Vajra"},{"floor":24,"key":"War Paint"},{"floor":26,"key":"MawBank"},{"floor":26,"key":"Pocketwatch"}],"event_choices":[{"damage_healed":0.0,"max_hp_gain":0.0,"max_hp_loss":0.0,"gold_gain":0.0,"event_name":"Big Fish","player_choice":"Box","floor":3.0,"gold_loss":0.0,"damage_taken":0.0,"relics_obtained":["Shuriken"],"cards_obtained":["Regret"]},{"cards_removed":["Flex"],"damage_healed":0.0,"max_hp_gain":0.0,"max_hp_loss":0.0,"gold_gain":0.0,"event_name":"WeMeetAgain","player_choice":"Gave Card","floor":11.0,"gold_loss":0.0,"damage_taken":0.0,"relics_obtained":["Matryoshka"]},{"damage_healed":0,"gold_gain":0,"player_choice":"Cursed","damage_taken":0,"max_hp_gain":0,"max_hp_loss":0,"event_name":"Wheel of Change","floor":19,"gold_loss":0,"cards_obtained":["Decay"]},{"damage_healed":0,"gold_gain":0,"player_choice":"Opened","damage_taken":0,"relics_obtained":["Oddly Smooth Stone"],"max_hp_gain":0,"max_hp_loss":0,"event_name":"The Mausoleum","floor":21,"gold_loss":0,"cards_obtained":["Writhe"]},{"damage_healed":0,"gold_gain":0,"player_choice":"Ignored","damage_taken":0,"max_hp_gain":0,"max_hp_loss":0,"event_name":"Ghosts","floor":22,"gold_loss":0}],"is_beta":false,"boss_relics":[{"not_picked":["Snecko Eye","Black Star"],"picked":"Fusion Hammer"}],"items_purged_floors":[],"is_endless":false,"potions_floor_spawned":[8,10,14,16,20],"killed_by":"Gremlin Leader","ascension_level":0}