{"gold_per_floor":[215,23,41,41,15,15,45,55,55,55,55,68,13,88,88,191,191,202,58,135,147,147,177,196,196,196,196,113,113,132,160,160,262,262,277,86,86,86],"floor_reached":38,"playtime":1372,"items_purged":[],"score":510,"play_id":"2b4f09e8-ca7f-40b6-889c-ac207b8a1263","local_time":"20181020161807","is_ascension_mode":true,"campfire_choices":[{"floor":6,"key":"REST"},{"data":"Apotheosis","floor":11,"key":"SMITH"},{"floor":15,"key":"REST"},{"floor":25,"key":"REST"},{"floor":32,"key":"REST"}],"neow_cost":"NONE","seed_source_timestamp":858196850152118,"circlet_count":0,"master_deck":["Strike_R+1","Strike_R+1","Strike_R+1","Strike_R+1","Strike_R+1","Defend_R+1","Defend_R+1","Defend_R+1","Defend_R+1","Bash","Flex","Apotheosis+1","True Grit+1","True Grit","Heavy Blade","Shrug It Off","Exhume","Feed","Inflame","Havoc+1","Perfected Strike+1","Perfected Strike+1","Headbutt+1","Shame","Wild Strike","Shrug It Off+1","Wild Strike","Limit Break+1","Feed","Inflame+1","Perfected Strike","Flex+1","Inflame","Blind+1"],"relics":["Burning Blood","Du-Vu Doll","Paper Frog","GremlinMask","Toxic Egg 2","Mercury Hourglass","Fusion Hammer","Tiny Chest","Bottled Flame","StoneCalendar","Lantern","The Courier","WingedGreaves","Oddly Smooth Stone","Black Star"],"potions_floor_usage":[7,16,23,31,31,38],"damage_taken":[{"damage":5,"enemies":"2 Louse","floor":1,"turns":3},{"damage":18,"enemies":"Jaw Worm","floor":3,"turns":4},{"damage":30,"enemies":"3 Sentries","floor":7,"turns":11},{"damage":1,"enemies":"Cultist","floor":8,"turns":3},{"damage":13,"enemies":"Exordium Thugs","floor":12,"turns":6},{"damage":4,"enemies":"Slime Boss","floor":16,"turns":11},{"damage":22,"enemies":"Spheric Guardian","floor":18,"turns":9},{"damage":12,"enemies":"3 Byrds","floor":21,"turns":5},{"damage":38,"enemies":"Gremlin Leader","floor":23,"turns":7},{"damage":0,"enemies":"Snecko","floor":24,"turns":2},{"damage":15,"enemies":"Sentry and Sphere","floor":30,"turns":5},{"damage":19,"enemies":"Book of Stabbing","floor":31,"turns":5},{"damage":49,"enemies":"Collector","floor":33,"turns":8},{"damage":49,"enemies":"3 Darklings","floor":35,"turns":7},{"damage":39,"enemies":"2 Orb Walkers","floor":38,"turns":2}],"seed_played":"-2851255498524885868","potions_obtained":[{"floor":1,"key":"Dexterity Potion"},{"floor":8,"key":"EssenceOfSteel"},{"floor":12,"key":"Fire Potion"},{"floor":21,"key":"Regen Potion"},{"floor":24,"key":"SpeedPotion"},{"floor":30,"key":"Regen Potion"},{"floor":35,"key":"EssenceOfSteel"}],"is_trial":false,"path_per_floor":["M","$","M","?","$","R","E","M","T","?","R","M","?","T","R","B",null,"M","$","T","M","?","E","M","R","T","?","$","?","M","E","R","B",null,"M","$","?"],"character_chosen":"IRONCLAD","items_purchased":["Apotheosis","True Grit","Tiny Chest","Havoc+1","Wild Strike","Shrug It Off+1","Perfected Strike","Flex+1","Inflame","Blind+1"],"campfire_rested":4,"item_purchase_floors":[2,5,19,19,28,28,36,36,36,36],"current_hp_per_floor":[80,80,68,52,52,76,52,57,57,57,57,50,50,50,74,76,79,67,67,67,64,64,46,52,78,78,78,78,78,69,70,87,44,76,33,33,33,0],"gold":86,"neow_bonus":"HUNDRED_GOLD","is_prod":false,"is_daily":false,"chose_seed":false,"campfire_upgraded":1,"win_rate":0,"timestamp":1540073887,"path_taken":["M","$","M","?","?","R","E","M","T","?","R","M","?","?","R","BOSS","M","?","?","M","?","E","?","R","T","?","$","?","?","E","R","BOSS","M","$","?","?"],"build_version":"2018-10-18","purchased_purges":0,"victory":false,"max_hp_per_floor":[80,80,80,80,80,80,80,80,80,80,80,80,80,80,80,80,80,84,84,84,87,87,87,87,87,87,87,87,87,87,87,87,87,87,87,87,87,87],"card_choices":[{"not_picked":["Reckless Charge","Intimidate"],"picked":"Flex","floor":1},{"not_picked":["Heavy Blade","Thunderclap"],"picked":"True Grit","floor":3},{"not_picked":["Evolve","Metallicize"],"picked":"Heavy Blade","floor":7},{"not_picked":["Armaments","True Grit"],"picked":"Shrug It Off","floor":8},{"not_picked":["Iron Wave","Pommel Strike"],"picked":"Exhume","floor":12},{"not_picked":["Brutality","Double Tap+1"],"picked":"Feed","floor":16},{"not_picked":["Iron Wave","Thunderclap"],"picked":"Inflame","floor":18},{"not_picked":["Headbutt+1","Sword Boomerang"],"picked":"Perfected Strike+1","floor":21},{"not_picked":["Reckless Charge","Rampage"],"picked":"Perfected Strike+1","floor":23},{"not_picked":["Fire Breathing","Sword Boomerang"],"picked":"Headbutt+1","floor":24},{"not_picked":["Thunderclap","Dual Wield+1"],"picked":"Wild Strike","floor":30},{"not_picked":["Flex+1","Demon Form"],"picked":"Limit Break+1","floor":31},{"not_picked":["Exhume+1","Berserk"],"picked":"Feed","floor":33},{"not_picked":["Clash","Pommel Strike+1"],"picked":"Inflame+1","floor":35}],"player_experience":735055,"relics_obtained":[{"floor":7,"key":"Du-Vu Doll"},{"floor":9,"key":"Paper Frog"},{"floor":14,"key":"Mercury Hourglass"},{"floor":20,"key":"Bottled Flame"},{"floor":23,"key":"Lantern"},{"floor":26,"key":"The Courier"},{"floor":31,"key":"Oddly Smooth Stone"}],"event_choices":[{"damage_healed":0,"gold_gain":0,"player_choice":"Entered Light","damage_taken":16,"max_hp_gain":0,"max_hp_loss":0,"event_name":"Shining Light","floor":4,"gold_loss":0,"cards_upgraded":["Strike_R","True Grit"]},{"damage_healed":0,"gold_gain":0,"player_choice":"Trade","damage_taken":0,"relics_obtained":["GremlinMask"],"max_hp_gain":0,"max_hp_loss":0,"event_name":"FaceTrader","floor":10,"gold_loss":0},{"damage_healed":0,"gold_gain":0,"player_choice":"Paid Gold","damage_taken":0,"relics_obtained":["Toxic Egg 2"],"max_hp_gain":0,"max_hp_loss":0,"event_name":"WeMeetAgain","floor":13,"gold_loss":55},{"damage_healed":0,"gold_gain":0,"player_choice":"Opened","damage_taken":0,"relics_obtained":["StoneCalendar"],"max_hp_gain":0,"max_hp_loss":0,"event_name":"The Mausoleum","floor":22,"gold_loss":0},{"damage_healed":0,"gold_gain":0,"player_choice":"Stole Relic","damage_taken":0,"relics_obtained":["WingedGreaves"],"max_hp_gain":0,"max_hp_loss":0,"event_name":"Addict","floor":27,"gold_loss":0,"cards_obtained":["Shame"]},{"damage_healed":0,"gold_gain":0,"player_choice":"Simplicity","damage_taken":0,"max_hp_gain":0,"max_hp_loss":0,"event_name":"Back to Basics","floor":29,"gold_loss":0,"cards_upgraded":["Strike_R","Strike_R","Strike_R","Strike_R","Defend_R","Defend_R","Defend_R","Defend_R"]},{"damage_healed":0,"gold_gain":0,"player_choice":"Ignored","damage_taken":0,"max_hp_gain":0,"max_hp_loss":0,"event_name":"Fountain of Cleansing","floor":37,"gold_loss":0},{"damage_healed":0,"gold_gain":0,"player_choice":"Fight","damage_taken":0,"max_hp_gain":0,"max_hp_loss":0,"event_name":"Mysterious Sphere","floor":38,"gold_loss":0}],"is_beta":false,"boss_relics":[{"not_picked":["Astrolabe","Pandora\u0027s Box"],"picked":"Fusion Hammer"},{"not_picked":["Runic Cube","Velvet Choker"],"picked":"Black Star"}],"items_purged_floors":[],"is_endless":false,"potions_floor_spawned":[1,8,12,21,24,30,35],"killed_by":"2 Orb Walkers","ascension_level":5}