{"gold_per_floor":[109,109,109,34,58,92,113,63,86,99,99,99,123,136,136,136],"floor_reached":16,"playtime":1805,"items_purged":["Strike_G"],"score":127,"play_id":"39801bc5-63f9-47f4-baa6-fa22fcf08621","local_time":"20190105190611","is_ascension_mode":false,"campfire_choices":[{"data":"Setup","floor":15,"key":"SMITH"}],"neow_cost":"NONE","seed_source_timestamp":354039641665261,"circlet_count":0,"master_deck":["Defend_G","Defend_G","Defend_G","Defend_G","Strike_G","Strike_G","Strike_G","Survivor","Neutralize","Blade Dance","Prepared","Footwork","Setup+1","Backstab"],"relics":["Ring of the Snake","NeowsBlessing","Golden Idol","Oddly Smooth Stone","Omamori","Nunchaku"],"potions_floor_usage":[16,16],"damage_taken":[{"damage":0,"enemies":"Jaw Worm","floor":1,"turns":1},{"damage":0,"enemies":"Small Slimes","floor":5,"turns":1},{"damage":0,"enemies":"Lagavulin","floor":6,"turns":1},{"damage":0,"enemies":"Cultist","floor":7,"turns":4},{"damage":14,"enemies":"Exordium Wildlife","floor":10,"turns":11},{"damage":5,"enemies":"2 Fungi Beasts","floor":13,"turns":5},{"damage":1,"enemies":"Red Slaver","floor":14,"turns":3},{"damage":38,"enemies":"Hexaghost","floor":16,"turns":16}],"seed_played":"-4724802582703898844","potions_obtained":[{"floor":7,"key":"SpeedPotion"},{"floor":10,"key":"Weak Potion"},{"floor":13,"key":"FearPotion"},{"floor":14,"key":"Regen Potion"}],"is_trial":false,"path_per_floor":["M","?","?","$","M","E","M","?","T","M","?","?","M","M","R","B"],"character_chosen":"THE_SILENT","items_purchased":[],"campfire_rested":0,"item_purchase_floors":[],"current_hp_per_floor":[70,53,53,53,53,53,53,53,53,39,39,39,34,33,33,10],"gold":136,"neow_bonus":"THREE_ENEMY_KILL","is_prod":false,"is_daily":false,"chose_seed":false,"campfire_upgraded":1,"win_rate":0,"timestamp":1546743971,"path_taken":["M","?","?","$","M","E","?","?","T","M","?","?","?","M","R","BOSS"],"build_version":"2019-01-03v4","purchased_purges":1,"victory":false,"max_hp_per_floor":[70,70,70,70,70,70,70,70,70,70,70,70,70,70,70,70],"card_choices":[{"not_picked":["Noxious Fumes","Crippling Poison"],"picked":"Blade Dance","floor":1},{"not_picked":["Flechettes","Poisoned Stab","Endless Agony"],"picked":"SKIP","floor":5},{"not_picked":["Acrobatics","Tactician"],"picked":"Prepared","floor":6},{"not_picked":["Calculated Gamble","Reflex"],"picked":"Footwork","floor":7},{"not_picked":["Concentrate","Backflip"],"picked":"Setup","floor":10},{"not_picked":["Concentrate","Quick Slash"],"picked":"Backstab","floor":13},{"not_picked":["Slice","Dagger Throw","Bane"],"picked":"SKIP","floor":14}],"player_experience":111437,"relics_obtained":[{"floor":6,"key":"Oddly Smooth Stone"},{"floor":9,"key":"Omamori"}],"event_choices":[{"damage_healed":0,"gold_gain":0,"player_choice":"Take Damage","damage_taken":17,"relics_obtained":["Golden Idol"],"max_hp_gain":0,"max_hp_loss":0,"event_name":"Golden Idol","floor":2,"gold_loss":0},{"damage_healed":0,"gold_gain":0,"player_choice":"Ignored","damage_taken":0,"max_hp_gain":0,"max_hp_loss":0,"event_name":"NoteForYourself","floor":3,"gold_loss":0},{"cards_removed":["Strike_G"],"damage_healed":0,"gold_gain":0,"player_choice":"Card Removal","damage_taken":0,"max_hp_gain":0,"max_hp_loss":0,"event_name":"The Cleric","floor":8,"gold_loss":50},{"damage_healed":0,"gold_gain":0,"player_choice":"Box","damage_taken":0,"relics_obtained":["Nunchaku"],"max_hp_gain":0,"max_hp_loss":0,"event_name":"Big Fish","floor":11,"gold_loss":0,"cards_obtained":["Regret"]},{"cards_removed":["Defend_G"],"damage_healed":0,"gold_gain":0,"player_choice":"Offered Basic","damage_taken":0,"max_hp_gain":0,"max_hp_loss":0,"event_name":"Bonfire Elementals","floor":12,"gold_loss":0}],"is_beta":false,"boss_relics":[],"items_purged_floors":[4],"is_endless":false,"potions_floor_spawned":[7,10,13,14],"killed_by":"Hexaghost","ascension_level":0}