{"gold_per_floor":[118,19,19,19,19,19,51,71,95,111,123,142,153,228,228,331,331,346,365,365,377,377,397,397,413,413,425,435,453,453,453,453,453],"floor_reached":33,"playtime":1405,"items_purged":["Decay"],"score":278,"play_id":"29ef3a8d-0b38-420d-8801-58449c21dbae","local_time":"20190211162404","is_ascension_mode":false,"campfire_choices":[{"data":"Apotheosis","floor":6,"key":"SMITH"},{"data":"Body Slam","floor":15,"key":"SMITH"},{"data":"Bite","floor":24,"key":"SMITH"},{"data":"Infernal Blade","floor":32,"key":"SMITH"}],"neow_cost":"CURSE","seed_source_timestamp":1137299170404339,"circlet_count":0,"master_deck":["Defend_R","Defend_R","Defend_R","Defend_R","Bash","Apotheosis+1","Dark Shackles","Body Slam+1","Armaments","Infernal Blade+1","Ghostly Armor","Armaments","Sentinel","Rage","Ghostly Armor","Double Tap","Shrug It Off+1","True Grit+1","Bite+1","Bite","Bite","Bite","Bite","Ghostly Armor","Flex+1","Dual Wield","Rage","Body Slam"],"relics":["Burning Blood"],"potions_floor_usage":[16,16,19,21,23,25,27,28],"damage_taken":[{"damage":0,"enemies":"Cultist","floor":1,"turns":4},{"damage":32,"enemies":"Lagavulin","floor":7,"turns":7},{"damage":3,"enemies":"Jaw Worm","floor":8,"turns":4},{"damage":0,"enemies":"2 Louse","floor":10,"turns":3},{"damage":0,"enemies":"Large Slime","floor":11,"turns":7},{"damage":2,"enemies":"Blue Slaver","floor":12,"turns":3},{"damage":2,"enemies":"Exordium Wildlife","floor":13,"turns":4},{"damage":35,"enemies":"Hexaghost","floor":16,"turns":9},{"damage":14,"enemies":"Chosen","floor":18,"turns":8},{"damage":20,"enemies":"Spheric Guardian","floor":19,"turns":14},{"damage":4,"enemies":"Snecko","floor":21,"turns":7},{"damage":16,"enemies":"Centurion and Healer","floor":23,"turns":12},{"damage":25,"enemies":"Chosen and Byrds","floor":25,"turns":12},{"damage":62,"enemies":"Sentry and Sphere","floor":27,"turns":12},{"damage":0,"enemies":"Snake Plant","floor":28,"turns":5},{"damage":26,"enemies":"Centurion and Healer","floor":29,"turns":8},{"damage":54,"enemies":"Automaton","floor":33,"turns":6}],"seed_played":"-5493434412927689648","potions_obtained":[{"floor":7,"key":"LiquidBronze"},{"floor":13,"key":"Strength Potion"},{"floor":16,"key":"Block Potion"},{"floor":19,"key":"Weak Potion"},{"floor":22,"key":"Swift Potion"},{"floor":22,"key":"SkillPotion"},{"floor":22,"key":"Fire Potion"},{"floor":23,"key":"PowerPotion"},{"floor":27,"key":"Ancient Potion"}],"is_trial":false,"path_per_floor":["M","$","$","?","?","R","E","M","T","M","M","M","M","?","R","B",null,"M","M","?","M","?","M","R","M","T","M","M","M","?","?","R","B"],"character_chosen":"IRONCLAD","items_purchased":["Armaments"],"campfire_rested":0,"item_purchase_floors":[2],"current_hp_per_floor":[80,80,80,80,80,80,54,57,57,63,69,73,77,66,66,37,80,72,58,56,56,56,56,56,51,51,35,55,50,41,41,41,0],"gold":453,"neow_bonus":"RANDOM_COLORLESS_2","is_prod":false,"is_daily":false,"chose_seed":false,"campfire_upgraded":4,"win_rate":0,"timestamp":1549927444,"path_taken":["M","?","$","?","?","R","E","M","T","M","M","M","?","?","R","BOSS","M","M","?","M","?","M","R","?","T","M","M","M","?","?","R","BOSS"],"build_version":"2019-01-23","purchased_purges":1,"victory":false,"max_hp_per_floor":[80,80,80,80,80,80,80,80,80,80,80,80,80,80,80,80,80,80,80,56,56,56,56,56,56,56,56,56,56,61,61,61,61],"card_choices":[{"not_picked":["Clothesline","True Grit"],"picked":"Body Slam","floor":1},{"not_picked":["Evolve","Bloodletting"],"picked":"Infernal Blade","floor":7},{"not_picked":["Anger","Heavy Blade"],"picked":"Ghostly Armor","floor":8},{"not_picked":["Twin Strike","Clash"],"picked":"Armaments","floor":10},{"not_picked":["Entrench","Carnage"],"picked":"Sentinel","floor":11},{"not_picked":["Heavy Blade","Body Slam"],"picked":"Rage","floor":12},{"not_picked":["Anger","Blood for Blood"],"picked":"Ghostly Armor","floor":13},{"not_picked":["Dark Embrace","Impervious"],"picked":"Double Tap","floor":16},{"not_picked":["Spot Weakness+1","Heavy Blade"],"picked":"Shrug It Off+1","floor":18},{"not_picked":["Headbutt","Pommel Strike+1"],"picked":"True Grit+1","floor":19},{"not_picked":["True Grit","Combust+1"],"picked":"Ghostly Armor","floor":21},{"not_picked":["Warcry","Clash"],"picked":"Flex+1","floor":23},{"not_picked":["Clash","Anger","Burning Pact"],"picked":"SKIP","floor":25},{"not_picked":["Iron Wave","Sword Boomerang","Feel No Pain"],"picked":"SKIP","floor":27},{"not_picked":["Double Tap","Metallicize"],"picked":"Dual Wield","floor":28},{"not_picked":["Whirlwind","Perfected Strike"],"picked":"Rage","floor":29}],"player_experience":1437745,"relics_obtained":[],"event_choices":[{"damage_healed":0,"gold_gain":0,"player_choice":"Ignored","damage_taken":0,"max_hp_gain":0,"max_hp_loss":0,"event_name":"Golden Idol","floor":4,"gold_loss":0},{"damage_healed":0,"gold_gain":0,"player_choice":"Fled","damage_taken":0,"max_hp_gain":0,"max_hp_loss":0,"event_name":"Scrap Ooze","floor":5,"gold_loss":0},{"damage_healed":0,"gold_gain":75,"player_choice":"Gather Gold","damage_taken":11,"max_hp_gain":0,"max_hp_loss":0,"event_name":"World of Goop","floor":14,"gold_loss":0},{"damage_healed":0,"gold_gain":0,"player_choice":"Became a vampire","damage_taken":0,"max_hp_gain":0,"max_hp_loss":24,"event_name":"Vampires","floor":20,"gold_loss":0,"cards_obtained":["Bite","Bite","Bite","Bite","Bite"]},{"damage_healed":0,"gold_gain":0,"player_choice":"Got Potions","damage_taken":0,"max_hp_gain":0,"max_hp_loss":0,"event_name":"Lab","floor":22,"gold_loss":0},{"damage_healed":0,"gold_gain":0,"player_choice":"Shed Blood","damage_taken":14,"max_hp_gain":5,"max_hp_loss":0,"event_name":"Forgotten Altar","floor":30,"gold_loss":0},{"damage_healed":0,"gold_gain":0,"player_choice":"Read","damage_taken":0,"max_hp_gain":0,"max_hp_loss":0,"event_name":"The Library","floor":31,"gold_loss":0,"cards_obtained":["Body Slam"]}],"is_beta":false,"boss_relics":[{"not_picked":["Philosopher\u0027s Stone","Ectoplasm","Velvet Choker"]}],"items_purged_floors":[2],"is_endless":false,"potions_floor_spawned":[7,13,16,19,23,27],"killed_by":"Automaton","ascension_level":0}