{"gold_per_floor":[215,215,47,47,64,91,106,106,187,187,221,239,257,257,257,257],"floor_reached":16,"playtime":1255,"items_purged":[],"score":138,"play_id":"5247793e-4704-494d-a8ed-df719a2df0a8","local_time":"20190319201120","is_ascension_mode":true,"campfire_choices":[{"data":"Sucker Punch","floor":8,"key":"SMITH"},{"floor":15,"key":"REST"}],"neow_cost":"NONE","seed_source_timestamp":333340157099191,"circlet_count":0,"master_deck":["Defend_G","Defend_G","Defend_G","Defend_G","Defend_G","Strike_G","Strike_G","Strike_G","Strike_G","Survivor","Neutralize+1","Blur","Footwork","Sucker Punch+1","Bouncing Flask","Regret","Blur","Dash","PiercingWail","Backstab","Cloak And Dagger","Dash"],"relics":["Ring of the Snake","Omamori","Anchor","Tiny Chest","Gremlin Horn"],"potions_floor_usage":[6,6,16,16,16],"damage_taken":[{"damage":0,"enemies":"2 Louse","floor":1,"turns":3},{"damage":3,"enemies":"Small Slimes","floor":5,"turns":5},{"damage":14,"enemies":"Gremlin Nob","floor":6,"turns":5},{"damage":0,"enemies":"Cultist","floor":7,"turns":4},{"damage":35,"enemies":"3 Sentries","floor":11,"turns":14},{"damage":3,"enemies":"Looter","floor":12,"turns":3},{"damage":3,"enemies":"Red Slaver","floor":13,"turns":3},{"damage":71,"enemies":"Slime Boss","floor":16,"turns":16}],"seed_played":"-4436836171514401681","potions_obtained":[{"floor":1,"key":"EntropicBrew"},{"floor":12,"key":"Regen Potion"},{"floor":13,"key":"SpeedPotion"}],"is_trial":false,"path_per_floor":["?","?","?","M","?"],"character_chosen":"THE_SILENT","items_purchased":["Footwork","Sucker Punch","Bouncing Flask"],"campfire_rested":1,"item_purchase_floors":[3,3,3],"current_hp_per_floor":[70,70,70,70,67,53,53,53,53,70,35,32,29,29,50,0],"gold":257,"neow_bonus":"HUNDRED_GOLD","is_prod":false,"is_daily":false,"chose_seed":false,"campfire_upgraded":1,"win_rate":0,"timestamp":1553040680,"path_taken":["M","?","$","?","M","E","M","R","T","?","E","M","?","?","R","BOSS"],"build_version":"2019-01-23","purchased_purges":0,"victory":false,"max_hp_per_floor":[70,70,70,70,70,70,70,70,70,70,70,70,70,70,70,70],"card_choices":[{"not_picked":["Dagger Spray","Dagger Throw"],"picked":"Blur","floor":1},{"not_picked":["Underhanded Strike","Flying Knee"],"picked":"Blur","floor":5},{"not_picked":["Catalyst","Flying Knee"],"picked":"Dash","floor":6},{"not_picked":["Choke","Acrobatics","Dagger Spray"],"picked":"SKIP","floor":7},{"not_picked":["Glass Knife","Masterful Stab"],"picked":"PiercingWail","floor":11},{"not_picked":["Sucker Punch","Backflip"],"picked":"Backstab","floor":12},{"not_picked":["Quick Slash","Dodge and Roll"],"picked":"Cloak And Dagger","floor":13}],"player_experience":810845,"relics_obtained":[{"floor":6,"key":"Anchor"},{"floor":9,"key":"Tiny Chest"},{"floor":11,"key":"Gremlin Horn"}],"event_choices":[{"damage_healed":0,"gold_gain":0,"player_choice":"Grow","damage_taken":0,"max_hp_gain":0,"max_hp_loss":0,"event_name":"Living Wall","floor":2,"gold_loss":0,"cards_upgraded":["Neutralize"]},{"damage_healed":0,"gold_gain":0,"player_choice":"Box","damage_taken":0,"relics_obtained":["Omamori"],"max_hp_gain":0,"max_hp_loss":0,"event_name":"Big Fish","floor":4,"gold_loss":0,"cards_obtained":["Regret"]},{"damage_healed":17,"gold_gain":0,"player_choice":"Full Heal","damage_taken":0,"max_hp_gain":0,"max_hp_loss":0,"event_name":"Wheel of Change","floor":10,"gold_loss":0},{"damage_healed":0,"gold_gain":0,"cards_transformed":["Strike_G"],"player_choice":"Transformed","damage_taken":0,"max_hp_gain":0,"max_hp_loss":0,"event_name":"Transmorgrifier","floor":14,"gold_loss":0,"cards_obtained":["Dash"]}],"is_beta":false,"boss_relics":[],"items_purged_floors":[],"is_endless":false,"potions_floor_spawned":[1,12,13],"killed_by":"Slime Boss","ascension_level":5}