{"gold_per_floor":[114,133,144,160,160,195,209,230,302,317,21,45,64,87,87,215,278,256,281,281,49,68,92,92,92,92,163,177,196,232,255,255,255],"floor_reached":33,"playtime":11099,"items_purged":[],"score":374,"play_id":"780adeb1-76e0-4474-b110-3a2ebc87d1d6","local_time":"20190208201228","is_ascension_mode":false,"campfire_choices":[{"floor":15,"key":"REST"},{"floor":25,"key":"REST"},{"floor":32,"key":"REST"}],"neow_cost":"NONE","seed_source_timestamp":428032389367574,"circlet_count":0,"master_deck":["Defend_B","Defend_B","Defend_B","Defend_B","Zap","Dualcast+1","Static Discharge","Sweeping Beam","Chill","Leap","Injury","BootSequence","Chill","Ball Lightning","Redo+1","Self Repair","Rebound+1","Darkness","Coolheaded","Go for the Eyes","Reboot","Leap","White Noise+1","Sunder+1","Bite","Bite","Bite","Bite","Bite","Loop","Recycle","Rip and Tear","Steam","Redo+1","Fusion","Streamline+1","Sweeping Beam+1"],"relics":["Cracked Core","NeowsBlessing","Golden Idol","PreservedInsect","Mummified Hand","Toy Ornithopter","Tiny House","Anchor","Enchiridion","War Paint","Tiny Chest","Thread and Needle"],"potions_floor_usage":[10,16,22,23,23,29,29],"damage_taken":[{"damage":0,"enemies":"2 Louse","floor":1,"turns":1},{"damage":0,"enemies":"Small Slimes","floor":2,"turns":1},{"damage":0,"enemies":"Jaw Worm","floor":3,"turns":1},{"damage":5,"enemies":"Looter","floor":4,"turns":3},{"damage":25,"enemies":"Gremlin Nob","floor":6,"turns":5},{"damage":0,"enemies":"3 Louse","floor":7,"turns":4},{"damage":0,"enemies":"Exordium Wildlife","floor":8,"turns":4},{"damage":0,"enemies":"Lots of Slimes","floor":10,"turns":1},{"damage":9,"enemies":"2 Fungi Beasts","floor":12,"turns":3},{"damage":5,"enemies":"Blue Slaver","floor":13,"turns":3},{"damage":0,"enemies":"Exordium Wildlife","floor":14,"turns":3},{"damage":49,"enemies":"Hexaghost","floor":16,"turns":9},{"damage":17,"enemies":"2 Thieves","floor":18,"turns":5},{"damage":34,"enemies":"Chosen","floor":19,"turns":6},{"damage":10,"enemies":"3 Cultists","floor":22,"turns":8},{"damage":32,"enemies":"Sentry and Sphere","floor":23,"turns":7},{"damage":30,"enemies":"Gremlin Leader","floor":27,"turns":5},{"damage":20,"enemies":"Cultist and Chosen","floor":28,"turns":5},{"damage":13,"enemies":"Centurion and Healer","floor":29,"turns":12},{"damage":0,"enemies":"Slavers","floor":30,"turns":3},{"damage":0,"enemies":"Snake Plant","floor":31,"turns":2},{"damage":60,"enemies":"Automaton","floor":33,"turns":6}],"seed_played":"7613517726725697523","potions_obtained":[{"floor":1,"key":"AttackPotion"},{"floor":2,"key":"Explosive Potion"},{"floor":4,"key":"Strength Potion"},{"floor":12,"key":"SteroidPotion"},{"floor":13,"key":"Poison Potion"},{"floor":17,"key":"SmokeBomb"},{"floor":19,"key":"FocusPotion"},{"floor":23,"key":"SteroidPotion"},{"floor":27,"key":"Ancient Potion"},{"floor":29,"key":"Swift Potion"}],"is_trial":false,"path_per_floor":["M","M","M","M","?","E","M","M","T","M","$","M","M","M","R","B",null,"M","M","?","$","M","M","?","R","T","E","M","M","E","M","R","B"],"character_chosen":"DEFECT","items_purchased":["Self Repair","Toy Ornithopter","Rebound","Loop","Anchor"],"campfire_rested":3,"item_purchase_floors":[11,11,11,21,21],"current_hp_per_floor":[75,75,75,70,70,45,45,45,45,45,45,36,38,45,67,30,80,70,43,43,43,56,49,33,49,49,29,22,36,40,40,56,0],"gold":255,"neow_bonus":"THREE_ENEMY_KILL","is_prod":false,"is_daily":false,"chose_seed":false,"campfire_upgraded":0,"win_rate":0.0,"timestamp":1549656748,"path_taken":["M","M","M","M","?","E","M","M","T","M","$","M","M","M","R","BOSS","M","M","?","$","M","M","?","R","T","E","M","M","E","M","R","BOSS"],"build_version":"2019-01-23","purchased_purges":0,"victory":false,"max_hp_per_floor":[75,75,75,75,75,75,75,75,75,75,75,75,75,75,75,75,80,80,80,56,56,56,56,56,56,56,56,56,56,56,56,56,56],"card_choices":[{"not_picked":["Defragment","Chaos"],"picked":"Static Discharge","floor":1},{"not_picked":["Leap","Rebound"],"picked":"Sweeping Beam","floor":2},{"not_picked":["Streamline","Redo"],"picked":"Chill","floor":3},{"not_picked":["Thunder Strike","Force Field"],"picked":"Leap","floor":4},{"not_picked":["Hologram","Hyperbeam"],"picked":"BootSequence","floor":6},{"not_picked":["Tempest","Reprogram"],"picked":"Chill","floor":7},{"not_picked":["Storm","Hologram"],"picked":"Ball Lightning","floor":8},{"not_picked":["Undo","Streamline"],"picked":"Redo","floor":10},{"not_picked":["Double Energy","Go for the Eyes"],"picked":"Darkness","floor":12},{"not_picked":["Steam","Streamline"],"picked":"Coolheaded","floor":13},{"not_picked":["Steam","Streamline"],"picked":"Go for the Eyes","floor":14},{"not_picked":["Multi-Cast","Buffer"],"picked":"Reboot","floor":16},{"not_picked":["Consume","Hologram"],"picked":"Leap","floor":17},{"not_picked":["Go for the Eyes","Rebound"],"picked":"White Noise+1","floor":18},{"not_picked":["Cold Snap","Steam"],"picked":"Sunder+1","floor":19},{"not_picked":["Sweeping Beam","Stack"],"picked":"Recycle","floor":22},{"not_picked":["Turbo","Leap"],"picked":"Rip and Tear","floor":23},{"not_picked":["Machine Learning","Chaos"],"picked":"Steam","floor":27},{"not_picked":["Barrage","Consume"],"picked":"Redo+1","floor":28},{"not_picked":["Ball Lightning","Sweeping Beam"],"picked":"Fusion","floor":29},{"not_picked":["Ball Lightning","Undo"],"picked":"Streamline+1","floor":30},{"not_picked":["Consume","Blizzard"],"picked":"Sweeping Beam+1","floor":31}],"player_experience":169045,"relics_obtained":[{"floor":6,"key":"PreservedInsect"},{"floor":9,"key":"Mummified Hand"},{"floor":24,"key":"Enchiridion"},{"floor":26,"key":"War Paint"},{"floor":27,"key":"Tiny Chest"},{"floor":30,"key":"Thread and Needle"}],"event_choices":[{"damage_healed":0,"gold_gain":0,"player_choice":"Take Wound","damage_taken":0,"relics_obtained":["Golden Idol"],"max_hp_gain":0,"max_hp_loss":0,"event_name":"Golden Idol","floor":5,"gold_loss":0,"cards_obtained":["Injury"]},{"damage_healed":0,"gold_gain":0,"player_choice":"Became a vampire","damage_taken":0,"max_hp_gain":0,"max_hp_loss":24,"event_name":"Vampires","floor":20,"gold_loss":0,"cards_obtained":["Bite","Bite","Bite","Bite","Bite"]},{"damage_healed":0,"gold_gain":0,"player_choice":"Obtained Book","damage_taken":16,"max_hp_gain":0,"max_hp_loss":0,"event_name":"Cursed Tome","floor":24,"gold_loss":0}],"is_beta":false,"boss_relics":[{"not_picked":["Sozu","Empty Cage"],"picked":"Tiny House"}],"items_purged_floors":[],"is_endless":false,"potions_floor_spawned":[1,2,4,12,13,19,23,27,29],"killed_by":"Automaton","ascension_level":0}