{"gold_per_floor":[113,113,113,128,203,203,215,215,215,231,245,245,150,180,180,281,281,301,326,151,165,185,185,185,197,197,197,231,249,249,249,249,249],"floor_reached":33,"playtime":909,"items_purged":[],"score":255,"play_id":"8a3881d6-0296-48c0-940c-65c3982d4ba5","local_time":"20190201170240","is_ascension_mode":false,"campfire_choices":[{"data":"Bash","floor":8.0,"key":"SMITH"},{"data":"True Grit","floor":12.0,"key":"SMITH"},{"data":"Havoc","floor":15.0,"key":"SMITH"},{"floor":23.0,"key":"REST"},{"floor":27.0,"key":"REST"},{"floor":32.0,"key":"REST"}],"neow_cost":"CURSE","seed_source_timestamp":275979416071058,"circlet_count":0,"master_deck":["Strike_R","Strike_R","Strike_R","Strike_R","Defend_R","Defend_R","Defend_R","Bash+1","Decay","Flex","Pain","Thunderclap","Regret","True Grit+1","Cleave","Flex","Havoc+1","Heavy Blade","Clothesline","Heavy Blade","Iron Wave+1","Twin Strike+1","Heavy Blade","Decay"],"special_seed":0,"relics":["Burning Blood","Du-Vu Doll","WarpedTongs","Darkstone Periapt","Pantograph","Empty Cage","Red Mask","Anchor","Question Card","Charon\u0027s Ashes","Matryoshka"],"potions_floor_usage":[33,33],"damage_taken":[{"damage":8.0,"enemies":"Jaw Worm","floor":1.0,"turns":3.0},{"damage":5.0,"enemies":"Small Slimes","floor":4.0,"turns":2.0},{"damage":3.0,"enemies":"Cultist","floor":7.0,"turns":2.0},{"damage":11.0,"enemies":"Looter","floor":10.0,"turns":3.0},{"damage":13.0,"enemies":"Exordium Wildlife","floor":11.0,"turns":3.0},{"damage":62.0,"enemies":"Hexaghost","floor":16.0,"turns":9.0},{"damage":33.0,"enemies":"Shell Parasite","floor":18.0,"turns":5.0},{"damage":14.0,"enemies":"Masked Bandits","floor":19.0,"turns":3.0},{"damage":17.0,"enemies":"2 Thieves","floor":21.0,"turns":3.0},{"damage":26.0,"enemies":"Chosen and Byrds","floor":22.0,"turns":7.0},{"damage":15.0,"enemies":"Centurion and Healer","floor":25.0,"turns":4.0},{"damage":17.0,"enemies":"Gremlin Leader","floor":28.0,"turns":4.0},{"damage":21.0,"enemies":"Shelled Parasite and Fungi","floor":29.0,"turns":3.0},{"damage":94,"enemies":"Automaton","floor":33,"turns":8}],"seed_played":"-5172930373675937720","potions_obtained":[{"floor":1.0,"key":"FearPotion"},{"floor":16.0,"key":"LiquidBronze"},{"floor":22.0,"key":"EssenceOfSteel"},{"floor":24.0,"key":"LiquidBronze"},{"floor":24.0,"key":"LiquidBronze"},{"floor":28.0,"key":"Strength Potion"}],"is_trial":false,"path_per_floor":["M","?","?","M","?","?","M","R","T","M","M","R","$","?","R","B",null,"M","?","$","M","M","R","?","M","T","R","E","M","?","?","R","B"],"character_chosen":"IRONCLAD","items_purchased":["Flex","Havoc","Heavy Blade","Anchor"],"campfire_rested":3,"item_purchase_floors":[13,13,20,20],"current_hp_per_floor":[78,78,78,79,68,74,77,77,77,72,65,65,65,65,65,30,86,59,51,51,40,20,45,45,36,36,61,50,35,35,41,68,0],"gold":249,"neow_bonus":"ONE_RARE_RELIC","is_prod":false,"is_daily":false,"chose_seed":false,"campfire_upgraded":3,"win_rate":0,"timestamp":1549065760,"path_taken":["M","?","?","?","?","?","M","R","T","M","M","R","?","?","R","BOSS","M","?","$","M","M","R","?","M","T","R","E","?","?","?","R","BOSS"],"build_version":"2019-01-23","purchased_purges":0,"victory":false,"max_hp_per_floor":[80,80,80,80,80,86,86,86,86,86,86,86,86,86,86,86,86,86,86,86,86,86,86,86,86,86,86,86,86,86,92,92,92],"card_choices":[{"not_picked":["Pummel","Blood for Blood"],"picked":"Flex","floor":1.0},{"not_picked":["Iron Wave","Combust"],"picked":"Thunderclap","floor":4.0},{"not_picked":["Headbutt","Second Wind","Searing Blow"],"picked":"SKIP","floor":7.0},{"not_picked":["Clash","Iron Wave"],"picked":"True Grit","floor":10.0},{"not_picked":["Uppercut","Clash"],"picked":"Cleave","floor":11.0},{"not_picked":["Clash+1","Spot Weakness"],"picked":"Heavy Blade","floor":18.0},{"not_picked":["Infernal Blade","Dual Wield"],"picked":"Clothesline","floor":19.0},{"not_picked":["Blood for Blood+1","Wild Strike"],"picked":"Iron Wave+1","floor":21.0},{"not_picked":["Flame Barrier","Disarm+1","Dropkick"],"picked":"SKIP","floor":22.0},{"not_picked":["Hemokinesis","Warcry"],"picked":"Twin Strike+1","floor":25.0},{"not_picked":["Whirlwind+1","Headbutt","Rupture+1","Demon Form"],"picked":"SKIP","floor":28.0},{"not_picked":["Pommel Strike","Intimidate","Rampage"],"picked":"Heavy Blade","floor":29.0}],"player_experience":1364093,"relics_obtained":[{"floor":9.0,"key":"Pantograph"},{"floor":19.0,"key":"Red Mask"},{"floor":26.0,"key":"Question Card"},{"floor":28.0,"key":"Charon\u0027s Ashes"}],"event_choices":[{"damage_healed":0.0,"max_hp_gain":0.0,"max_hp_loss":0.0,"gold_gain":0.0,"event_name":"The Cleric","player_choice":"Leave","floor":2.0,"gold_loss":0.0,"damage_taken":0.0},{"damage_healed":0.0,"max_hp_gain":0.0,"max_hp_loss":0.0,"gold_gain":0.0,"event_name":"Accursed Blacksmith","player_choice":"Rummage","floor":3.0,"gold_loss":0.0,"damage_taken":0.0,"relics_obtained":["WarpedTongs"],"cards_obtained":["Pain"]},{"damage_healed":0.0,"max_hp_gain":0.0,"max_hp_loss":0.0,"gold_gain":75.0,"event_name":"World of Goop","player_choice":"Gather Gold","floor":5.0,"gold_loss":0.0,"damage_taken":11.0},{"damage_healed":0.0,"max_hp_gain":0.0,"max_hp_loss":0.0,"gold_gain":0.0,"event_name":"Big Fish","player_choice":"Box","floor":6.0,"gold_loss":0.0,"damage_taken":0.0,"relics_obtained":["Darkstone Periapt"],"cards_obtained":["Regret"]},{"damage_healed":0.0,"max_hp_gain":0.0,"max_hp_loss":0.0,"gold_gain":30.0,"event_name":"Dead Adventurer","player_choice":"Searched \u00272\u0027 times","floor":14.0,"gold_loss":0.0,"damage_taken":0.0},{"damage_healed":0.0,"max_hp_gain":0.0,"max_hp_loss":0.0,"gold_gain":0.0,"event_name":"Masked Bandits","player_choice":"Fought Bandits","floor":19.0,"gold_loss":0.0,"damage_taken":0.0},{"damage_healed":0.0,"max_hp_gain":0.0,"max_hp_loss":0.0,"gold_gain":0.0,"event_name":"Lab","player_choice":"Got Potions","floor":24.0,"gold_loss":0.0,"damage_taken":0.0},{"damage_healed":0.0,"max_hp_gain":0.0,"max_hp_loss":0.0,"gold_gain":0.0,"event_name":"The Mausoleum","player_choice":"Opened","floor":30.0,"gold_loss":0.0,"damage_taken":0.0,"relics_obtained":["Matryoshka"]},{"damage_healed":0.0,"max_hp_gain":0.0,"max_hp_loss":0.0,"gold_gain":0.0,"event_name":"Wheel of Change","player_choice":"Cursed","floor":31.0,"gold_loss":0.0,"damage_taken":0.0,"cards_obtained":["Decay"]}],"is_beta":false,"boss_relics":[{"not_picked":["Velvet Choker","Fusion Hammer"],"picked":"Empty Cage"}],"items_purged_floors":[],"is_endless":false,"potions_floor_spawned":[1,16,22,28],"killed_by":"Automaton","ascension_level":0}