{"gold_per_floor":[109,123,123,123,123,138,172,184,211,1,1,1,21,49,49,148,148,164,164,178,189,200,233,233,89,89,89,100,120,134,134,134,134],"floor_reached":33,"playtime":1908,"items_purged":["Normality"],"score":320,"play_id":"853cb549-ac2f-4879-98c7-50d4629b9a24","local_time":"20180822104343","is_ascension_mode":true,"campfire_choices":[{"data":"Apotheosis","floor":12,"key":"SMITH"},{"floor":15,"key":"REST"},{"floor":27,"key":"REST"},{"floor":32,"key":"REST"}],"neow_cost":"NONE","seed_source_timestamp":464503384911732,"circlet_count":0,"master_deck":["Defend_G","Defend_G","Defend_G","Defend_G","Defend_G","Strike_G","Strike_G+1","Strike_G","Strike_G","Strike_G+1","Survivor","Neutralize","Cloak And Dagger+1","Backflip","Poisoned Stab+1","Endless Agony","Outmaneuver","Apotheosis+1","Catalyst","Heel Hook","Adrenaline","Sucker Punch","Bullet Time","Predator","Sucker Punch","Quick Slash","Sucker Punch+1","Caltrops","Quick Slash","Venomology","Poisoned Stab+1","Dagger Throw","Dagger Throw"],"relics":["White Beast Statue","FaceOfCleric","Orichalcum","Strawberry","Whetstone","Black Star","Girya","Tingsha","Dream Catcher","Ninja Scroll"],"potions_floor_usage":[7,14,16,16,21,22,23,23,28,29,30,30,31,33],"damage_taken":[{"damage":6,"enemies":"Jaw Worm","floor":1,"turns":6},{"damage":1,"enemies":"Cultist","floor":2,"turns":4},{"damage":0,"enemies":"2 Louse","floor":6,"turns":3},{"damage":19,"enemies":"Gremlin Nob","floor":7,"turns":4},{"damage":0,"enemies":"Blue Slaver","floor":8,"turns":2},{"damage":3,"enemies":"Large Slime","floor":13,"turns":5},{"damage":12,"enemies":"3 Sentries","floor":14,"turns":8},{"damage":43,"enemies":"Hexaghost","floor":16,"turns":10},{"damage":20,"enemies":"Spheric Guardian","floor":18,"turns":6},{"damage":6,"enemies":"Shell Parasite","floor":20,"turns":5},{"damage":2,"enemies":"Snecko","floor":21,"turns":6},{"damage":7,"enemies":"Cultist and Chosen","floor":22,"turns":7},{"damage":53,"enemies":"Slavers","floor":23,"turns":10},{"damage":21,"enemies":"Centurion and Healer","floor":28,"turns":10},{"damage":8,"enemies":"Sentry and Sphere","floor":29,"turns":4},{"damage":20,"enemies":"3 Cultists","floor":30,"turns":5},{"damage":0,"enemies":"Centurion and Healer","floor":31,"turns":1},{"damage":40,"enemies":"Champ","floor":33,"turns":9}],"seed_played":"8057000448535884226","potions_obtained":[{"floor":1,"key":"Regen Potion"},{"floor":2,"key":"SteroidPotion"},{"floor":6,"key":"LiquidBronze"},{"floor":7,"key":"Fire Potion"},{"floor":13,"key":"GhostInAJar"},{"floor":14,"key":"SkillPotion"},{"floor":16,"key":"EssenceOfSteel"},{"floor":18,"key":"Regen Potion"},{"floor":21,"key":"GhostInAJar"},{"floor":22,"key":"SmokeBomb"},{"floor":23,"key":"Poison Potion"},{"floor":28,"key":"GamblersBrew"},{"floor":29,"key":"Regen Potion"},{"floor":30,"key":"Block Potion"}],"is_trial":false,"path_per_floor":["M","M","?","?","?","M","E","M","T","$","$","R","M","E","R","B",null,"M","?","M","M","M","E","?","$","T","R","M","M","M","M","R"],"character_chosen":"THE_SILENT","items_purchased":["Apotheosis","Caltrops"],"campfire_rested":3,"item_purchase_floors":[10,25],"current_hp_per_floor":[64,63,63,49,70,71,53,54,61,61,61,61,59,63,82,40,83,64,64,59,58,67,15,15,15,15,41,21,14,10,11,38,0],"gold":134,"neow_bonus":"BOSS_RELIC","is_prod":false,"is_daily":false,"chose_seed":false,"campfire_upgraded":1,"win_rate":0,"timestamp":1534956223,"path_taken":["M","M","?","?","?","M","E","M","T","?","$","R","?","E","R","BOSS","M","?","M","M","M","E","?","$","T","R","M","M","M","M","R","BOSS"],"build_version":"2018-08-16","purchased_purges":1,"victory":false,"max_hp_per_floor":[70,70,70,70,70,71,72,73,80,80,80,80,81,82,82,83,83,84,84,85,86,87,88,88,88,88,88,89,90,91,92,92,92],"card_choices":[{"not_picked":["Prepared","Reflex"],"picked":"Cloak And Dagger","floor":1},{"not_picked":["Expertise","Acrobatics"],"picked":"Backflip","floor":2},{"not_picked":["Expertise","PiercingWail"],"picked":"Poisoned Stab","floor":6},{"not_picked":["Escape Plan","Flechettes"],"picked":"Endless Agony","floor":7},{"not_picked":["Skewer","Dodge and Roll"],"picked":"Outmaneuver","floor":8},{"not_picked":["Dodge and Roll","Backflip"],"picked":"Catalyst","floor":13},{"not_picked":["Underhanded Strike","Reflex"],"picked":"Heel Hook","floor":14},{"not_picked":["Glass Knife","Wraith Form v2"],"picked":"Adrenaline","floor":16},{"not_picked":["Deflect","Distraction"],"picked":"Sucker Punch","floor":18},{"not_picked":["Prepared","Escape Plan"],"picked":"Predator","floor":20},{"not_picked":["Quick Slash","Flechettes+1"],"picked":"Sucker Punch","floor":21},{"not_picked":["Reflex","Backflip"],"picked":"Quick Slash","floor":22},{"not_picked":["Choke","Dash"],"picked":"Sucker Punch+1","floor":23},{"not_picked":["Dodge and Roll","Flechettes+1"],"picked":"Quick Slash","floor":27},{"not_picked":["Acrobatics","Expertise"],"picked":"Venomology","floor":28},{"not_picked":["Leg Sweep","Tactician"],"picked":"Poisoned Stab+1","floor":29},{"not_picked":["Setup","Dodge and Roll"],"picked":"Dagger Throw","floor":30},{"not_picked":["Reflex","Riddle With Holes"],"picked":"Dagger Throw","floor":32}],"player_experience":296562,"relics_obtained":[{"floor":7,"key":"Orichalcum"},{"floor":9,"key":"Strawberry"},{"floor":14,"key":"Whetstone"},{"floor":23,"key":"Girya"},{"floor":23,"key":"Tingsha"},{"floor":26,"key":"Ninja Scroll"}],"event_choices":[{"event_name":"FaceTrader","player_choice":"Trade","floor":3,"damage_taken":0},{"event_name":"Shining Light","player_choice":"Entered Light","floor":4,"damage_taken":0},{"event_name":"Big Fish","player_choice":"Banana","floor":5,"damage_taken":0},{"event_name":"Match and Keep!","player_choice":"1 cards matched","floor":19,"damage_taken":0},{"event_name":"Accursed Blacksmith","player_choice":"Rummage","floor":24,"damage_taken":0}],"is_beta":false,"boss_relics":[{"not_picked":["Ectoplasm","Velvet Choker"],"picked":"Black Star"}],"items_purged_floors":[25],"is_endless":false,"potions_floor_spawned":[1,2,6,7,8,13,14,16,18,20,21,22,23,28,29,30,31],"killed_by":"Champ","ascension_level":1}