{"gold_per_floor":[110,185,110,125,1,1,1,1,73,73,88,88,108,125,125,227,227,238,113,113,124,144,169,179,179,179,179,191,201,201,221,221,321,321,334,382,382,396,246,246,257,257,282,282,294,304,304,304,304,304],"floor_reached":51,"playtime":1402,"items_purged":["Juggernaut","Twin Strike","True Grit","Exhume"],"score":784,"play_id":"af3f7c8c-3960-4b3e-8b86-e05292e67431","local_time":"20190122223246","is_ascension_mode":false,"campfire_choices":[{"data":"Searing Blow","floor":6.0,"key":"SMITH"},{"data":"Searing Blow+1","floor":8.0,"key":"SMITH"},{"data":"Searing Blow+2","floor":10.0,"key":"SMITH"},{"data":"Searing Blow+3","floor":15.0,"key":"SMITH"},{"floor":27.0,"key":"REST"},{"data":"Searing Blow+4","floor":30.0,"key":"SMITH"},{"data":"Searing Blow+5","floor":32.0,"key":"SMITH"},{"data":"Searing Blow+6","floor":40.0,"key":"SMITH"},{"data":"Searing Blow+7","floor":42.0,"key":"SMITH"},{"data":"Searing Blow+8","floor":44.0,"key":"SMITH"},{"data":"Searing Blow+9","floor":47.0,"key":"SMITH"},{"data":"Searing Blow+10","floor":49.0,"key":"SMITH"}],"neow_cost":"NONE","seed_source_timestamp":866620355116545,"circlet_count":0,"master_deck":["Bash+1","Battle Trance","Searing Blow+11","Double Tap","Iron Wave+1","Dual Wield"],"special_seed":0,"relics":["Pandora\u0027s Box","Sozu","Nilry\u0027s Codex","Whetstone","Gambling Chip","Eternal Feather","Girya","Smiling Mask"],"potions_floor_usage":[50],"damage_taken":[{"damage":0.0,"enemies":"Small Slimes","floor":1.0,"turns":3.0},{"damage":11.0,"enemies":"Jaw Worm","floor":4.0,"turns":2.0},{"damage":0.0,"enemies":"Cultist","floor":11.0,"turns":1.0},{"damage":0.0,"enemies":"Blue Slaver","floor":13.0,"turns":1.0},{"damage":0.0,"enemies":"Exordium Wildlife","floor":14.0,"turns":3.0},{"damage":36.0,"enemies":"Hexaghost","floor":16.0,"turns":4.0},{"damage":12.0,"enemies":"Shell Parasite","floor":18.0,"turns":2.0},{"damage":0.0,"enemies":"Spheric Guardian","floor":21.0,"turns":1.0},{"damage":5.0,"enemies":"Chosen and Byrds","floor":22.0,"turns":3.0},{"damage":30.0,"enemies":"Slavers","floor":23.0,"turns":5.0},{"damage":21.0,"enemies":"Snake Plant","floor":24.0,"turns":2.0},{"damage":5.0,"enemies":"Centurion and Healer","floor":28.0,"turns":2.0},{"damage":9.0,"enemies":"Shelled Parasite and Fungi","floor":29.0,"turns":3.0},{"damage":0.0,"enemies":"Snake Plant","floor":31.0,"turns":1.0},{"damage":17.0,"enemies":"Champ","floor":33.0,"turns":6.0},{"damage":19.0,"enemies":"3 Shapes","floor":35.0,"turns":3.0},{"damage":3.0,"enemies":"2 Orb Walkers","floor":36.0,"turns":2.0},{"damage":11.0,"enemies":"3 Darklings","floor":38.0,"turns":4.0},{"damage":0.0,"enemies":"Spire Growth","floor":41.0,"turns":2.0},{"damage":0.0,"enemies":"Maw","floor":45.0,"turns":2.0},{"damage":0.0,"enemies":"Jaw Worm Horde","floor":46.0,"turns":2.0},{"damage":59,"enemies":"Awakened One","floor":50,"turns":4}],"seed_played":"-1894691130799388113","potions_obtained":[{"floor":11.0,"key":"FairyPotion"},{"floor":14.0,"key":"FearPotion"},{"floor":16.0,"key":"SpeedPotion"}],"is_trial":false,"path_per_floor":["M","?","$","M","$","R","?","R","T","R","M","?","M","M","R","B",null,"M","$","?","M","M","E","M","?","T","R","M","M","R","M","R","B",null,"M","?","?","M","$","R","M","R","T","R","M","M","R","?","R","B",null],"character_chosen":"IRONCLAD","items_purchased":["Sword Boomerang"],"campfire_rested":1,"item_purchase_floors":[5],"current_hp_per_floor":[80,69,69,58,58,58,58,58,58,58,58,58,58,58,58,22,80,68,68,52,52,47,17,8,8,8,32,27,18,18,18,18,1,80,61,58,58,47,47,50,50,53,53,56,56,56,59,59,62,3],"gold":304,"neow_bonus":"BOSS_RELIC","is_prod":false,"is_daily":false,"chose_seed":false,"campfire_upgraded":11,"win_rate":0,"timestamp":1548225166,"path_taken":["M","?","$","M","$","R","?","R","T","R","?","?","M","M","R","BOSS","M","$","?","M","M","E","M","?","T","R","M","M","R","M","R","BOSS","M","?","?","M","?","R","M","R","T","R","M","?","R","?","R","BOSS"],"build_version":"2019-01-17v2","purchased_purges":4,"victory":true,"max_hp_per_floor":[80,80,80,80,80,80,80,80,80,80,80,80,80,80,80,80,80,80,80,80,80,80,80,80,80,80,80,80,80,80,80,80,80,80,80,80,76,76,76,76,76,76,76,76,76,76,76,76,76,76],"card_choices":[{"not_picked":["Iron Wave","Cleave","True Grit"],"picked":"SKIP","floor":1.0},{"not_picked":["Cleave","True Grit"],"picked":"Iron Wave","floor":1.0},{"not_picked":["Thunderclap","Intimidate","Cleave"],"picked":"SKIP","floor":4.0},{"not_picked":["Sword Boomerang","Anger","True Grit"],"picked":"SKIP","floor":11.0},{"not_picked":["Wild Strike","Heavy Blade","Perfected Strike"],"picked":"SKIP","floor":13.0},{"not_picked":["Heavy Blade","Rampage"],"picked":"Dual Wield","floor":14.0},{"not_picked":["Reckless Charge","Rampage+1","Fire Breathing+1"],"picked":"SKIP","floor":18.0},{"not_picked":["Clash","Shrug It Off","True Grit+1"],"picked":"SKIP","floor":21.0},{"not_picked":["Armaments+1","Warcry","Sword Boomerang"],"picked":"SKIP","floor":22.0},{"not_picked":["Second Wind+1","Burning Pact","Infernal Blade+1"],"picked":"SKIP","floor":23.0},{"not_picked":["Whirlwind+1","Anger","Thunderclap"],"picked":"SKIP","floor":24.0},{"not_picked":["True Grit","Clothesline","Cleave+1"],"picked":"SKIP","floor":28.0},{"not_picked":["Wild Strike","Havoc+1","Bloodletting"],"picked":"SKIP","floor":29.0},{"not_picked":["Twin Strike","Anger","Perfected Strike"],"picked":"SKIP","floor":31.0},{"not_picked":["Sword Boomerang+1","Cleave","Anger+1"],"picked":"SKIP","floor":35.0},{"not_picked":["Perfected Strike","Shrug It Off","Battle Trance+1"],"picked":"SKIP","floor":38.0},{"not_picked":["Hemokinesis","Body Slam","Bloodletting"],"picked":"SKIP","floor":41.0},{"not_picked":["Cleave+1","Heavy Blade","Havoc"],"picked":"SKIP","floor":45.0},{"not_picked":["Headbutt+1","Flex","Ghostly Armor+1"],"picked":"SKIP","floor":46.0}],"player_experience":283657,"relics_obtained":[{"floor":20.0,"key":"Nilry\u0027s Codex"},{"floor":23.0,"key":"Whetstone"},{"floor":26.0,"key":"Gambling Chip"},{"floor":36.0,"key":"Girya"},{"floor":43.0,"key":"Smiling Mask"}],"event_choices":[{"damage_healed":0.0,"max_hp_gain":0.0,"max_hp_loss":0.0,"gold_gain":75.0,"event_name":"World of Goop","player_choice":"Gather Gold","floor":2.0,"gold_loss":0.0,"damage_taken":11.0},{"cards_removed":["Heavy Blade"],"damage_healed":0.0,"max_hp_gain":0.0,"max_hp_loss":0.0,"gold_gain":0.0,"event_name":"Wheel of Change","player_choice":"Card Removal","floor":7.0,"gold_loss":0.0,"damage_taken":0.0},{"cards_removed":["Spot Weakness"],"damage_healed":0.0,"max_hp_gain":0.0,"max_hp_loss":0.0,"gold_gain":0.0,"event_name":"Living Wall","player_choice":"Forget","floor":12.0,"gold_loss":0.0,"damage_taken":0.0},{"damage_healed":0.0,"max_hp_gain":0.0,"max_hp_loss":0.0,"gold_gain":0.0,"event_name":"Cursed Tome","player_choice":"Obtained Book","floor":20.0,"gold_loss":0.0,"damage_taken":16.0},{"damage_healed":0.0,"max_hp_gain":0.0,"max_hp_loss":0.0,"gold_gain":0.0,"event_name":"Ghosts","player_choice":"Ignored","floor":25.0,"gold_loss":0.0,"damage_taken":0.0},{"damage_healed":0.0,"max_hp_gain":0.0,"max_hp_loss":0.0,"gold_gain":0.0,"event_name":"Mysterious Sphere","player_choice":"Fight","floor":36.0,"gold_loss":0.0,"damage_taken":0.0},{"damage_healed":0.0,"max_hp_gain":0.0,"max_hp_loss":4.0,"gold_gain":0.0,"event_name":"Winding Halls","player_choice":"Max HP","floor":37.0,"gold_loss":0.0,"damage_taken":0.0},{"cards_removed":["Sword Boomerang"],"damage_healed":0.0,"max_hp_gain":0.0,"max_hp_loss":0.0,"gold_gain":0.0,"event_name":"Falling","player_choice":"Removed Attack","floor":48.0,"gold_loss":0.0,"damage_taken":0.0}],"is_beta":false,"boss_relics":[{"not_picked":["Orrery","Astrolabe"],"picked":"Sozu"},{"not_picked":["White Beast Statue","Runic Pyramid"],"picked":"Eternal Feather"}],"items_purged_floors":[3,5,19,39],"is_endless":false,"potions_floor_spawned":[11,14,16,18,22,24,28,29,38,45],"ascension_level":0}