{"path_per_floor":["M","?","?","M","M","R","$","T","T","$","R","M","?","T","R","B",null,"M","M","?","?","$","R"],"character_chosen":"THE_SILENT","items_purchased":["Bandage Up","Tiny Chest","Molten Egg","Infinite Blades","Crippling Poison","Infinite Blades"],"gold_per_floor":[215,465,465,483,501,501,133,133,156,43,43,62,62,86,86,185,185,195,208,208,108,27,27],"floor_reached":24,"campfire_rested":1,"playtime":1524,"current_hp_per_floor":[70,70,70,69,69,69,69,69,69,69,69,46,46,46,46,12,70,56,29,29,29,29,50],"items_purged":[],"gold":27,"play_id":"3e108cc3-3e79-4c96-86af-ff40de6dd021","is_prod":false,"is_daily":false,"campfire_rituals":0,"campfire_upgraded":3,"is_hardmode":false,"path_taken":["M","?","?","M","M","R","$","?","T","?","R","?","?","?","R","BOSS","M","M","?","?","$","R","E"],"build_version":"2018-01-11-PROD2","purchased_purges":0,"victory":false,"master_deck":["Defend_G","Defend_G","Defend_G","Defend_G","Defend_G","Strike_G","Strike_G","Strike_G","Strike_G","Strike_G","Survivor","Neutralize","Quick Slash","Acrobatics","Outmaneuver","Bandage Up","Infinite Blades","Crippling Poison","Prepared","Adrenaline","Blade Dance","Dagger Throw","Infinite Blades","J.A.X.","Infinite Blades"],"max_hp_per_floor":[70,70,70,70,70,70,70,70,70,70,70,70,70,70,70,70,70,70,70,70,70,70,70],"relics":["Ring of the Snake","Spirit Poop","Tiny Chest","Molten Egg","Unceasing Top","Bronze Scales","Bag of Marbles","Question Card"],"campfire_meditates":0,"card_choices":[{"not_picked":["Eviscerate","Well Laid Plans"],"picked":"Quick Slash"},{"not_picked":["Terror","Slice"],"picked":"Acrobatics"},{"not_picked":["Sucker Punch","Heel Hook"],"picked":"Outmaneuver"},{"not_picked":["Heel Hook","Dodge and Roll"],"picked":"Prepared"},{"not_picked":["Night Terror","Die Die Die"],"picked":"Adrenaline"},{"not_picked":["Prepared","Endless Agony","Leg Sweep"],"picked":"Blade Dance"},{"not_picked":["Riddle With Holes","Outmaneuver","Deflect"],"picked":"Dagger Throw"}],"player_experience":63174,"potions_floor_usage":[16,16,24],"damage_taken":[{"damage":0,"enemies":"Jaw Worm","floor":1,"turns":5},{"damage":1,"enemies":"Cultist","floor":4,"turns":4},{"damage":0,"enemies":"2 Louse","floor":5,"turns":2},{"damage":24,"enemies":"Large Slime","floor":12,"turns":7},{"damage":38,"enemies":"The Guardian","floor":16,"turns":15},{"damage":18,"enemies":"Shell Parasite","floor":18,"turns":8},{"damage":31,"enemies":"Chosen","floor":19,"turns":6},{"damage":74,"enemies":"Slavers","floor":24,"turns":3}],"event_choices":[{"event_name":"Golden Shrine","player_choice":"Desecrate","floor":2,"damage_taken":0},{"event_name":"Bonfire Elementals","player_choice":"CURSE","floor":3,"damage_taken":0},{"event_name":"Liars Game","player_choice":"disagreed","floor":13,"damage_taken":0},{"event_name":"The Library","player_choice":"Read","floor":20,"damage_taken":0},{"event_name":"Drug Dealer","player_choice":"Got JAXXED","floor":21,"damage_taken":0}],"boss_relics":[{"not_picked":["Orrery","Tiny House"],"picked":"Question Card"}],"potions_floor_spawned":[1,5,19],"seed_played":"6620304600242736932","killed_by":"Slavers","is_trial":false}