{"gold_per_floor":[110,32,107,107,123,123,142,162,188,253,270,270,270,270],"floor_reached":14,"playtime":474,"items_purged":[],"score":175,"play_id":"fc693eb9-ef7a-4ce9-9cfe-4de4bab8916a","local_time":"20190408151623","is_ascension_mode":true,"campfire_choices":[{"data":"Zap","floor":6,"key":"SMITH"}],"neow_cost":"TEN_PERCENT_HP_LOSS","seed_source_timestamp":2044422539822784,"circlet_count":0,"master_deck":["AscendersBane","Strike_B","Strike_B","Strike_B","Strike_B","Defend_B","Defend_B","Defend_B","Defend_B","Zap+1","Dualcast","All For One","Ball Lightning","Go for the Eyes","Beam Cell","Compile Driver","Genetic Algorithm","Creative AI","Gash"],"relics":["Cracked Core","Pen Nib","Tiny Chest","Blue Candle"],"potions_floor_usage":[13],"damage_taken":[{"damage":2,"enemies":"Small Slimes","floor":1,"turns":4},{"damage":0,"enemies":"2 Louse","floor":5,"turns":2},{"damage":2,"enemies":"Jaw Worm","floor":7,"turns":2},{"damage":9,"enemies":"Red Slaver","floor":8,"turns":2},{"damage":21,"enemies":"Gremlin Nob","floor":10,"turns":4},{"damage":4,"enemies":"Looter","floor":11,"turns":3},{"damage":7,"enemies":"Lagavulin","floor":13,"turns":5},{"damage":6,"enemies":"3 Louse","floor":14,"turns":2}],"seed_played":"-1342916328498121072","potions_obtained":[{"floor":1,"key":"SmokeBomb"}],"is_trial":false,"path_per_floor":["?","?","?"],"character_chosen":"DEFECT","items_purchased":["Go for the Eyes","Beam Cell"],"campfire_rested":0,"item_purchase_floors":[2,2],"current_hp_per_floor":[62,62,51,51,51,51,49,40,40,19,15,10,3,0],"gold":270,"neow_bonus":"THREE_RARE_CARDS","is_prod":false,"is_daily":false,"chose_seed":false,"campfire_upgraded":1,"win_rate":0,"timestamp":1554750983,"path_taken":["M","$","?","?","M","R","M","M","T","E","M","?","E","M"],"build_version":"2019-01-23","purchased_purges":0,"victory":false,"max_hp_per_floor":[64,64,64,64,64,64,64,64,64,64,64,64,64,64],"card_choices":[{"not_picked":["Rainbow","Amplify"],"picked":"All For One","floor":0},{"not_picked":["Darkness","Gash"],"picked":"Ball Lightning","floor":1},{"not_picked":["Storm","Barrage"],"picked":"Compile Driver","floor":5},{"not_picked":["Hologram","Hello World"],"picked":"Genetic Algorithm","floor":7},{"not_picked":["Conserve Battery","Consume","Barrage"],"picked":"SKIP","floor":8},{"not_picked":["White Noise","Compile Driver"],"picked":"Creative AI","floor":10},{"not_picked":["Rip and Tear","Steam"],"picked":"Gash","floor":11}],"player_experience":1614942,"relics_obtained":[{"floor":9,"key":"Pen Nib"},{"floor":10,"key":"Tiny Chest"}],"event_choices":[{"damage_healed":0,"gold_gain":75,"player_choice":"Gather Gold","damage_taken":11,"max_hp_gain":0,"max_hp_loss":0,"event_name":"World of Goop","floor":3,"gold_loss":0},{"damage_healed":0,"gold_gain":0,"player_choice":"Ignored","damage_taken":0,"max_hp_gain":0,"max_hp_loss":0,"event_name":"Liars Game","floor":4,"gold_loss":0},{"damage_healed":0,"gold_gain":0,"player_choice":"Success","damage_taken":5,"relics_obtained":["Blue Candle"],"max_hp_gain":0,"max_hp_loss":0,"event_name":"Scrap Ooze","floor":12,"gold_loss":0}],"is_beta":false,"boss_relics":[],"items_purged_floors":[],"is_endless":false,"potions_floor_spawned":[1],"killed_by":"3 Louse","ascension_level":15}