{"gold_per_floor":[119,219,26,44,44,77,77,89,141,159,159,171,202,217,217,289,289,300,317,67,84,9,9,40,1,1,1,35,35,48,80,80,151,151,168,178,195,23,23,23,56,56,56,56,66,96,114,125,125,125],"floor_reached":51,"playtime":2445,"items_purged":["Strike_R"],"score":1456,"play_id":"571cad37-2712-4a38-b39c-f5592907153b","local_time":"20190324163059","is_ascension_mode":true,"campfire_choices":[{"data":"Inflame","floor":7.0,"key":"SMITH"},{"data":"Limit Break","floor":15.0,"key":"SMITH"},{"data":"Battle Trance","floor":23.0,"key":"SMITH"},{"floor":27.0,"key":"REST"},{"data":"Dark Embrace","floor":32.0,"key":"SMITH"},{"floor":40,"key":"REST"},{"data":"Flame Barrier","floor":42,"key":"SMITH"},{"data":"Corruption","floor":44,"key":"SMITH"},{"floor":49,"key":"REST"}],"neow_cost":"NONE","seed_source_timestamp":0,"circlet_count":0,"master_deck":["AscendersBane","Defend_R","Defend_R","Defend_R","Defend_R","Cleave","Battle Trance+1","Inflame+1","Shrug It Off","Limit Break+1","Second Wind","Power Through","Double Tap","Headbutt+1","Burning Pact","Inflame+1","Feel No Pain","Dark Embrace+1","Corruption+1","Spot Weakness","Pommel Strike+1","Sword Boomerang+1","Offering","Impervious","Flame Barrier+1","Shrug It Off","Shrug It Off+1","Ghostly Armor+1"],"special_seed":0,"relics":["Burning Blood","NeowsBlessing","Membership Card","Bag of Preparation","PreservedInsect","Ornamental Fan","Empty Cage","DollysMirror","Whetstone","Orichalcum","Molten Egg 2","Lantern","Calipers","Busted Crown","Blood Vial","Charon\u0027s Ashes","Sundial","Darkstone Periapt"],"potions_floor_usage":[45,50],"damage_taken":[{"damage":0.0,"enemies":"2 Louse","floor":1.0,"turns":1.0},{"damage":0.0,"enemies":"Cultist","floor":4.0,"turns":1.0},{"damage":0.0,"enemies":"3 Sentries","floor":6.0,"turns":1.0},{"damage":8.0,"enemies":"Jaw Worm","floor":8.0,"turns":4.0},{"damage":30.0,"enemies":"Exordium Thugs","floor":10.0,"turns":5.0},{"damage":17.0,"enemies":"Exordium Wildlife","floor":12.0,"turns":5.0},{"damage":0.0,"enemies":"Gremlin Nob","floor":13.0,"turns":2.0},{"damage":0.0,"enemies":"Large Slime","floor":14.0,"turns":4.0},{"damage":27.0,"enemies":"Slime Boss","floor":16.0,"turns":9.0},{"damage":13.0,"enemies":"Shell Parasite","floor":18.0,"turns":9.0},{"damage":19.0,"enemies":"2 Thieves","floor":19.0,"turns":3.0},{"damage":27.0,"enemies":"3 Cultists","floor":21.0,"turns":4.0},{"damage":15.0,"enemies":"Book of Stabbing","floor":24.0,"turns":5.0},{"damage":21.0,"enemies":"Gremlin Leader","floor":28.0,"turns":6.0},{"damage":2.0,"enemies":"Snecko","floor":30.0,"turns":4.0},{"damage":23.0,"enemies":"Slavers","floor":31.0,"turns":5.0},{"damage":38.0,"enemies":"Collector","floor":33.0,"turns":7.0},{"damage":11.0,"enemies":"3 Shapes","floor":35.0,"turns":4.0},{"damage":38.0,"enemies":"3 Darklings","floor":36.0,"turns":5.0},{"damage":25,"enemies":"4 Shapes","floor":37,"turns":5},{"damage":6,"enemies":"Giant Head","floor":41,"turns":5},{"damage":10,"enemies":"Transient","floor":45,"turns":5},{"damage":6,"enemies":"Nemesis","floor":46,"turns":5},{"damage":6,"enemies":"Jaw Worm Horde","floor":47,"turns":4},{"damage":6,"enemies":"4 Shapes","floor":48,"turns":1},{"damage":41,"enemies":"Time Eater","floor":50,"turns":9}],"seed_played":"-145386627329968509","potions_obtained":[{"floor":6.0,"key":"PowerPotion"},{"floor":8.0,"key":"Fire Potion"},{"floor":21.0,"key":"FearPotion"},{"floor":24.0,"key":"PowerPotion"},{"floor":37,"key":"Weak Potion"},{"floor":45,"key":"SpeedPotion"}],"is_trial":false,"path_per_floor":["M","?","$","M","?","E","R","M","T","M","?","M","E","M","R","B",null,"M","M","$","M","?","R","E","$","T","R","E","?","M","E","R","B",null,"M","M","M","$","?","R","E","R","T","R","M","E","M","M","R","B",null],"character_chosen":"IRONCLAD","items_purchased":["Membership Card","DollysMirror","Feel No Pain","Whetstone","Corruption","Impervious","Swift Potion","Blood Vial"],"campfire_rested":3,"item_purchase_floors":[3,20,20,20,25,38,38,38],"current_hp_per_floor":[74,74,74,75,75,75,75,73,73,49,49,38,44,50,50,29,64,57,44,44,23,23,23,14,14,14,36,21,75,75,58,58,26,63,58,26,7,7,7,29,31,31,31,31,29,31,33,35,57,24],"gold":125,"neow_bonus":"THREE_ENEMY_KILL","is_prod":false,"is_daily":false,"chose_seed":false,"campfire_upgraded":6,"win_rate":0,"timestamp":1553470259,"path_taken":["M","?","?","M","?","E","R","?","T","M","?","M","E","M","R","BOSS","M","M","$","M","?","R","E","$","T","R","E","?","M","E","R","BOSS","M","?","M","$","?","R","E","R","T","R","M","E","M","M","R","BOSS"],"build_version":"2019-01-23","purchased_purges":1,"victory":true,"max_hp_per_floor":[75,75,75,75,75,75,75,75,75,75,75,75,75,75,75,75,75,75,75,75,75,75,75,75,75,75,75,75,75,75,75,75,75,75,75,75,75,75,75,75,75,75,75,75,75,75,75,75,75,75],"card_choices":[{"not_picked":["Clash","Armaments"],"picked":"Cleave","floor":1.0},{"not_picked":["Intimidate","Heavy Blade"],"picked":"Battle Trance","floor":4.0},{"not_picked":["Clash","Rupture"],"picked":"Inflame","floor":6.0},{"not_picked":["Anger","Clothesline"],"picked":"Shrug It Off","floor":8.0},{"not_picked":["Intimidate","Spot Weakness"],"picked":"Limit Break","floor":10.0},{"not_picked":["Body Slam","Cleave"],"picked":"Second Wind","floor":12.0},{"not_picked":["True Grit","Iron Wave","Rampage"],"picked":"SKIP","floor":13.0},{"not_picked":["Flex","Reckless Charge"],"picked":"Power Through","floor":14.0},{"not_picked":["Demon Form","Offering"],"picked":"Double Tap","floor":16.0},{"not_picked":["Iron Wave","Warcry"],"picked":"Headbutt","floor":18.0},{"not_picked":["Wild Strike","Headbutt"],"picked":"Burning Pact","floor":19.0},{"not_picked":["Carnage","Flex","Clash"],"picked":"SKIP","floor":21.0},{"not_picked":["Second Wind","Double Tap"],"picked":"Dark Embrace","floor":24.0},{"not_picked":["Sentinel","Headbutt+1"],"picked":"Spot Weakness","floor":28.0},{"not_picked":["Intimidate","Whirlwind+1"],"picked":"Pommel Strike+1","floor":30.0},{"not_picked":["Inflame","Uppercut+1"],"picked":"Sword Boomerang+1","floor":31.0},{"not_picked":["Demon Form","Limit Break"],"picked":"Offering","floor":33.0},{"not_picked":["Spot Weakness"],"picked":"SKIP","floor":35.0},{"not_picked":["Fire Breathing"],"picked":"SKIP","floor":36.0},{"not_picked":["Twin Strike+1"],"picked":"SKIP","floor":37},{"not_picked":[],"picked":"Flame Barrier","floor":41},{"not_picked":[],"picked":"Shrug It Off","floor":45},{"not_picked":["Corruption+1"],"picked":"SKIP","floor":46},{"not_picked":[],"picked":"Shrug It Off+1","floor":47},{"not_picked":[],"picked":"Ghostly Armor+1","floor":48}],"player_experience":431504,"relics_obtained":[{"floor":6.0,"key":"Bag of Preparation"},{"floor":9.0,"key":"PreservedInsect"},{"floor":13.0,"key":"Ornamental Fan"},{"floor":24.0,"key":"Orichalcum"},{"floor":26.0,"key":"Molten Egg 2"},{"floor":28.0,"key":"Lantern"},{"floor":31.0,"key":"Calipers"},{"floor":41,"key":"Charon\u0027s Ashes"},{"floor":43,"key":"Sundial"},{"floor":46,"key":"Darkstone Periapt"}],"event_choices":[{"damage_healed":0.0,"max_hp_gain":0.0,"max_hp_loss":0.0,"gold_gain":100.0,"event_name":"Golden Shrine","player_choice":"Pray","floor":2.0,"gold_loss":0.0,"damage_taken":0.0},{"damage_healed":0.0,"max_hp_gain":0.0,"max_hp_loss":0.0,"gold_gain":0.0,"event_name":"The Cleric","player_choice":"Leave","floor":5.0,"gold_loss":0.0,"damage_taken":0.0},{"cards_removed":["Strike_R"],"damage_healed":0.0,"max_hp_gain":0.0,"max_hp_loss":0.0,"gold_gain":0.0,"event_name":"Bonfire Elementals","player_choice":"Offered Basic","floor":11.0,"gold_loss":0.0,"damage_taken":0.0},{"cards_removed":["Bash"],"damage_healed":0.0,"max_hp_gain":0.0,"max_hp_loss":0.0,"gold_gain":0.0,"event_name":"Beggar","player_choice":"Gave Gold","floor":22.0,"gold_loss":75.0,"damage_taken":0.0},{"damage_healed":54.0,"max_hp_gain":0.0,"max_hp_loss":0.0,"gold_gain":0.0,"event_name":"Wheel of Change","player_choice":"Full Heal","floor":29.0,"gold_loss":0.0,"damage_taken":0.0},{"cards_removed":["Strike_R"],"damage_healed":0,"gold_gain":0,"player_choice":"Removed Attack","damage_taken":0,"max_hp_gain":0,"max_hp_loss":0,"event_name":"Falling","floor":39,"gold_loss":0}],"is_beta":false,"boss_relics":[{"not_picked":["Runic Cube","Calling Bell"],"picked":"Empty Cage"},{"not_picked":["Runic Pyramid","Runic Dome"],"picked":"Busted Crown"}],"items_purged_floors":[20],"is_endless":false,"potions_floor_spawned":[6,8,10,12,21,24,37,45,47],"ascension_level":14}