{"gold_per_floor":[116,116,132,149,149,149,178,178,205,230,249,249,11,27,27,101,101,112,37,50,50,50,84,84,118,145,145,162,162,162,162],"floor_reached":31,"playtime":1024,"items_purged":["Strike_G"],"score":464,"play_id":"e6c51dec-e3ce-4d99-961e-e695de062694","local_time":"20190320152927","is_ascension_mode":true,"campfire_choices":[{"data":"Dagger Spray","floor":6.0,"key":"SMITH"},{"data":"Venomology","floor":8.0,"key":"SMITH"},{"floor":12.0,"key":"REST"},{"data":"Backflip","floor":15.0,"key":"SMITH"},{"data":"Noxious Fumes","floor":24.0,"key":"SMITH"},{"data":"Glass Knife","floor":27.0,"key":"SMITH"},{"data":"Leg Sweep","floor":30.0,"key":"SMITH"}],"neow_cost":"NONE","seed_source_timestamp":579782287708900,"circlet_count":0,"master_deck":["AscendersBane","Defend_G","Defend_G","Defend_G","Defend_G","Defend_G","Strike_G","Strike_G","Strike_G","Strike_G","Survivor","Neutralize+1","PiercingWail+1","Dagger Throw","Dagger Spray+1","Venomology+1","Backflip+1","Crippling Poison","Quick Slash","Glass Knife+1","Bouncing Flask+1","Noxious Fumes+1","Leg Sweep+1","Dodge and Roll","Decay"],"special_seed":0,"relics":["Ring of the Snake","Bottled Lightning","Centennial Puzzle","Snake Skull","Boot","Pantograph","Coffee Dripper","Bronze Scales","Bottled Flame","Potion Belt"],"potions_floor_usage":[31],"damage_taken":[{"damage":7.0,"enemies":"Cultist","floor":1.0,"turns":5.0},{"damage":0.0,"enemies":"Jaw Worm","floor":3.0,"turns":8.0},{"damage":0.0,"enemies":"Small Slimes","floor":4.0,"turns":3.0},{"damage":31.0,"enemies":"3 Sentries","floor":7.0,"turns":10.0},{"damage":24.0,"enemies":"Gremlin Nob","floor":10.0,"turns":5.0},{"damage":0.0,"enemies":"2 Fungi Beasts","floor":11.0,"turns":4.0},{"damage":4.0,"enemies":"Blue Slaver","floor":14.0,"turns":3.0},{"damage":41.0,"enemies":"Slime Boss","floor":16.0,"turns":13.0},{"damage":16.0,"enemies":"Shell Parasite","floor":18.0,"turns":5.0},{"damage":0.0,"enemies":"Chosen","floor":20.0,"turns":4.0},{"damage":8.0,"enemies":"Book of Stabbing","floor":23.0,"turns":4.0},{"damage":21.0,"enemies":"Slavers","floor":25.0,"turns":4.0},{"damage":4.0,"enemies":"Snecko","floor":28.0,"turns":5.0},{"damage":8,"enemies":"Sentry and Sphere","floor":31,"turns":3}],"seed_played":"432261091505626091","potions_obtained":[{"floor":7.0,"key":"Weak Potion"},{"floor":10.0,"key":"SpeedPotion"},{"floor":11.0,"key":"SteroidPotion"},{"floor":16.0,"key":"EssenceOfSteel"},{"floor":23.0,"key":"Weak Potion"}],"is_trial":false,"path_per_floor":["M","?","M","M","T","R","E","R","T","E","M","R","$","M","R","B",null,"M","$","M","?","?","E","R","E","T","R","M","?","R","M"],"character_chosen":"THE_SILENT","items_purchased":["Pantograph"],"campfire_rested":1,"item_purchase_floors":[13],"current_hp_per_floor":[56,56,56,56,56,56,25,25,25,1,1,22,22,18,18,17,57,41,41,41,41,41,33,33,12,12,12,8,8,8,0],"gold":162,"neow_bonus":"UPGRADE_CARD","is_prod":false,"is_daily":false,"chose_seed":false,"campfire_upgraded":6,"win_rate":0,"timestamp":1553120967,"path_taken":["M","?","M","?","?","R","E","R","T","E","M","R","$","M","R","BOSS","M","$","M","?","?","E","R","E","T","R","M","?","R","M"],"build_version":"2019-01-23","purchased_purges":1,"victory":false,"max_hp_per_floor":[70,70,70,70,70,70,70,70,70,70,70,70,70,70,70,70,70,70,70,70,70,70,70,70,70,70,70,70,70,70,70],"card_choices":[{"not_picked":["Sucker Punch","Dagger Throw"],"picked":"PiercingWail","floor":1.0},{"not_picked":["Deflect","PiercingWail"],"picked":"Dagger Throw","floor":3.0},{"not_picked":["Expertise","Finisher"],"picked":"Dagger Spray","floor":4.0},{"not_picked":["Underhanded Strike","Prepared"],"picked":"Venomology","floor":7.0},{"not_picked":["Accuracy","Backstab"],"picked":"Backflip","floor":10.0},{"not_picked":["Deflect","Caltrops"],"picked":"Crippling Poison","floor":11.0},{"not_picked":["Backstab","Infinite Blades"],"picked":"Quick Slash","floor":14.0},{"not_picked":["Phantasmal Killer","Doppelganger"],"picked":"Glass Knife","floor":16.0},{"not_picked":["Masterful Stab","Blade Dance"],"picked":"Bouncing Flask+1","floor":18.0},{"not_picked":["Dodge and Roll","Expertise"],"picked":"Noxious Fumes","floor":20.0},{"not_picked":["Choke","Tools of the Trade","Sucker Punch"],"picked":"SKIP","floor":23.0},{"not_picked":["Blade Dance","Choke","Deadly Poison"],"picked":"SKIP","floor":25.0},{"not_picked":["Quick Slash","Dagger Throw"],"picked":"Dodge and Roll","floor":28.0}],"player_experience":421479,"relics_obtained":[{"floor":5.0,"key":"Bottled Lightning"},{"floor":7.0,"key":"Centennial Puzzle"},{"floor":9.0,"key":"Snake Skull"},{"floor":10.0,"key":"Boot"},{"floor":23.0,"key":"Bronze Scales"},{"floor":25.0,"key":"Bottled Flame"},{"floor":26.0,"key":"Potion Belt"}],"event_choices":[{"damage_healed":0.0,"max_hp_gain":0.0,"max_hp_loss":0.0,"gold_gain":0.0,"event_name":"Upgrade Shrine","player_choice":"Upgraded","floor":2.0,"gold_loss":0.0,"damage_taken":0.0,"cards_upgraded":["PiercingWail"]},{"damage_healed":0.0,"max_hp_gain":0.0,"max_hp_loss":0.0,"gold_gain":0.0,"event_name":"The Library","player_choice":"Read","floor":22.0,"gold_loss":0.0,"damage_taken":0.0,"cards_obtained":["Leg Sweep"]},{"damage_healed":0.0,"max_hp_gain":0.0,"max_hp_loss":0.0,"gold_gain":0.0,"event_name":"Forgotten Altar","player_choice":"Smashed Altar","floor":29.0,"gold_loss":0.0,"damage_taken":0.0,"cards_obtained":["Decay"]}],"is_beta":false,"boss_relics":[{"not_picked":["Calling Bell","Lizard Tail"],"picked":"Coffee Dripper"}],"items_purged_floors":[19],"is_endless":false,"potions_floor_spawned":[7,10,11,16,23],"killed_by":"Sentry and Sphere","ascension_level":13}