{"gold_per_floor":[18,28,103,53,69,69,99,116,116,116,39,69,69,102,102,222,222,247,247,272,293,341,341,193,193],"floor_reached":25,"playtime":1225,"items_purged":["Doubt"],"score":234,"play_id":"0de98565-33b3-467f-969e-aa37692f671c","local_time":"20190218225535","is_ascension_mode":false,"campfire_choices":[{"data":"Zap","floor":6,"key":"SMITH"},{"data":"Defend_B","floor":10,"key":"SMITH"},{"data":"Defragment","floor":15,"key":"SMITH"}],"neow_cost":"NO_GOLD","seed_source_timestamp":426489227337546,"circlet_count":0,"master_deck":["Defend_B+1","Defend_B","Defend_B","Defend_B","Zap+1","Defragment+1","FTL","Seek","Bite","Bite","Bite","Bite","Bite","Capacitor"],"relics":["Cracked Core","Thread and Needle","Regal Pillow","Anchor","Cables","Golden Idol","Odd Mushroom","Cursed Key","Happy Flower"],"potions_floor_usage":[21,21],"damage_taken":[{"damage":0,"enemies":"Jaw Worm","floor":1,"turns":4},{"damage":0,"enemies":"Small Slimes","floor":2,"turns":3},{"damage":0,"enemies":"2 Louse","floor":5,"turns":3},{"damage":9,"enemies":"Gremlin Nob","floor":7,"turns":4},{"damage":0,"enemies":"Large Slime","floor":8,"turns":6},{"damage":1,"enemies":"Lagavulin","floor":12,"turns":7},{"damage":4,"enemies":"The Mushroom Lair","floor":14,"turns":4},{"damage":2,"enemies":"Hexaghost","floor":16,"turns":8},{"damage":0,"enemies":"Shell Parasite","floor":18,"turns":5},{"damage":1,"enemies":"Spheric Guardian","floor":20,"turns":4},{"damage":0,"enemies":"Centurion and Healer","floor":21,"turns":7},{"damage":82,"enemies":"Gremlin Leader","floor":25,"turns":9}],"seed_played":"-5148246712996678661","potions_obtained":[{"floor":5,"key":"EssenceOfSteel"},{"floor":8,"key":"SkillPotion"},{"floor":12,"key":"Regen Potion"}],"is_trial":false,"path_per_floor":["?","?","M","?","?","?","T","?"],"character_chosen":"DEFECT","items_purchased":["Defragment","Capacitor"],"campfire_rested":0,"item_purchase_floors":[11,24],"current_hp_per_floor":[75,75,64,64,64,64,55,55,55,55,55,54,36,32,32,30,75,75,75,74,74,74,52,52,0],"gold":193,"neow_bonus":"ONE_RARE_RELIC","is_prod":false,"is_daily":false,"chose_seed":false,"campfire_upgraded":3,"win_rate":0,"timestamp":1550548535,"path_taken":["M","M","?","?","?","R","E","M","T","R","$","E","?","?","R","BOSS","M","?","M","M","?","?","$","E"],"build_version":"2019-01-23","purchased_purges":1,"victory":false,"max_hp_per_floor":[75,75,75,75,75,75,75,75,75,75,75,75,75,75,75,75,75,75,75,75,75,75,52,52,52],"card_choices":[{"not_picked":["Coolheaded","Reinforced Body","Streamline"],"picked":"SKIP","floor":1},{"not_picked":["Stack","Ball Lightning","Reprogram"],"picked":"SKIP","floor":2},{"not_picked":["Stack","Coolheaded","Turbo"],"picked":"SKIP","floor":5},{"not_picked":["Reprogram","Meteor Strike","Steam"],"picked":"SKIP","floor":7},{"not_picked":["Coolheaded","Gash","Streamline"],"picked":"SKIP","floor":8},{"not_picked":["Rebound","Stack","Hologram"],"picked":"SKIP","floor":12},{"not_picked":["Stack","Streamline"],"picked":"FTL","floor":14},{"not_picked":["Buffer","Rainbow"],"picked":"Seek","floor":16},{"not_picked":["Doom and Gloom+1","Hologram","Compile Driver"],"picked":"SKIP","floor":18},{"not_picked":["Barrage","Doom and Gloom","Blizzard"],"picked":"SKIP","floor":20},{"not_picked":["Sweeping Beam","Gash","Compile Driver+1"],"picked":"SKIP","floor":21}],"player_experience":528890,"relics_obtained":[{"floor":7,"key":"Regal Pillow"},{"floor":9,"key":"Anchor"},{"floor":12,"key":"Cables"},{"floor":14,"key":"Odd Mushroom"},{"floor":22,"key":"Happy Flower"}],"event_choices":[{"damage_healed":0,"gold_gain":75,"player_choice":"Gather Gold","damage_taken":11,"max_hp_gain":0,"max_hp_loss":0,"event_name":"World of Goop","floor":3,"gold_loss":0},{"cards_removed":["Dualcast"],"damage_healed":0,"gold_gain":0,"player_choice":"Card Removal","damage_taken":0,"max_hp_gain":0,"max_hp_loss":0,"event_name":"The Cleric","floor":4,"gold_loss":50},{"damage_healed":0,"gold_gain":0,"player_choice":"Take Damage","damage_taken":18,"relics_obtained":["Golden Idol"],"max_hp_gain":0,"max_hp_loss":0,"event_name":"Golden Idol","floor":13,"gold_loss":0},{"damage_healed":0,"gold_gain":0,"player_choice":"Fought Mushrooms","damage_taken":0,"max_hp_gain":0,"max_hp_loss":0,"event_name":"Mushrooms","floor":14,"gold_loss":0},{"damage_healed":0,"gold_gain":0,"player_choice":"Ignored","damage_taken":0,"max_hp_gain":0,"max_hp_loss":0,"event_name":"Ghosts","floor":19,"gold_loss":0},{"damage_healed":0,"gold_gain":0,"player_choice":"Became a vampire","damage_taken":0,"max_hp_gain":0,"max_hp_loss":23,"event_name":"Vampires","floor":23,"gold_loss":0,"cards_obtained":["Bite","Bite","Bite","Bite","Bite"]}],"is_beta":false,"boss_relics":[{"not_picked":["Astrolabe","FrozenCore"],"picked":"Cursed Key"}],"items_purged_floors":[24],"is_endless":false,"potions_floor_spawned":[5,8,12,14,20],"killed_by":"Gremlin Leader","ascension_level":0}