{"gold_per_floor":[111,13,13,88,88,114,130,130,208,235,235,245,280,297,297,368,368,384,299,313,324,324],"floor_reached":22,"playtime":1010,"items_purged":[],"score":378,"play_id":"f4de90c8-20b9-4102-9331-18aae8733243","local_time":"20190402010304","is_ascension_mode":true,"campfire_choices":[{"data":"Deadly Poison","floor":8,"key":"SMITH"},{"data":"After Image","floor":11,"key":"SMITH"},{"floor":15,"key":"REST"}],"neow_cost":"NONE","seed_source_timestamp":1474285538311152,"circlet_count":0,"master_deck":["AscendersBane","Defend_G","Defend_G","Defend_G","Defend_G","Defend_G","Strike_G","Strike_G","Strike_G","Strike_G","Strike_G","Survivor","Neutralize","Skewer+1","Slice","Deadly Poison+1","Caltrops","After Image+1","Dagger Spray","Deflect","Choke","Corpse Explosion","Deadly Poison+1","PiercingWail"],"relics":["Ring of the Snake","NeowsBlessing","Lantern","Turnip","Anchor","Fusion Hammer","Tough Bandages"],"potions_floor_usage":[10,16,22],"damage_taken":[{"damage":0,"enemies":"Jaw Worm","floor":1,"turns":1},{"damage":0,"enemies":"3 Sentries","floor":6,"turns":2},{"damage":0,"enemies":"2 Louse","floor":7,"turns":1},{"damage":7,"enemies":"Lagavulin","floor":10,"turns":6},{"damage":0,"enemies":"Cultist","floor":12,"turns":3},{"damage":24,"enemies":"Gremlin Nob","floor":13,"turns":4},{"damage":3,"enemies":"Gremlin Gang","floor":14,"turns":5},{"damage":24,"enemies":"Hexaghost","floor":16,"turns":11},{"damage":14,"enemies":"2 Thieves","floor":18,"turns":4},{"damage":8,"enemies":"Spheric Guardian","floor":20,"turns":4},{"damage":26,"enemies":"Snecko","floor":21,"turns":4},{"damage":15,"enemies":"Shelled Parasite and Fungi","floor":22,"turns":4}],"seed_played":"-2903630289749406092","potions_obtained":[{"floor":10,"key":"PowerPotion"},{"floor":13,"key":"Dexterity Potion"},{"floor":20,"key":"Poison Potion"}],"is_trial":false,"path_per_floor":["?","?","?","?"],"character_chosen":"THE_SILENT","items_purchased":["Slice","Fire Potion"],"campfire_rested":1,"item_purchase_floors":[2,2],"current_hp_per_floor":[63,63,63,52,52,52,52,52,52,45,45,45,21,18,39,15,56,42,42,34,8,0],"gold":324,"neow_bonus":"THREE_ENEMY_KILL","is_prod":false,"is_daily":false,"chose_seed":false,"campfire_upgraded":2,"win_rate":0,"timestamp":1554181384,"path_taken":["M","$","?","?","?","E","M","R","T","E","R","M","E","M","R","BOSS","M","?","M","M","M"],"build_version":"2019-01-23","purchased_purges":0,"victory":false,"max_hp_per_floor":[70,70,70,70,70,70,70,70,70,70,70,70,70,70,70,70,70,70,70,70,70,70],"card_choices":[{"not_picked":["Bane","Calculated Gamble"],"picked":"Skewer","floor":1},{"not_picked":["Cloak And Dagger","Catalyst"],"picked":"Deadly Poison","floor":6},{"not_picked":["PiercingWail","Expertise"],"picked":"Caltrops","floor":7},{"not_picked":["PiercingWail","Terror"],"picked":"After Image","floor":10},{"not_picked":["Poisoned Stab","Bane"],"picked":"Dagger Spray","floor":12},{"not_picked":["Blade Dance","Acrobatics"],"picked":"Deflect","floor":13},{"not_picked":["Acrobatics","Dagger Throw"],"picked":"Choke","floor":14},{"not_picked":["Venomology","Storm of Steel"],"picked":"Corpse Explosion","floor":16},{"not_picked":["Blur","Outmaneuver"],"picked":"Deadly Poison+1","floor":18},{"not_picked":["Outmaneuver","Quick Slash"],"picked":"PiercingWail","floor":20},{"not_picked":["Flechettes","Blade Dance","Concentrate"],"picked":"SKIP","floor":21}],"player_experience":1393155,"relics_obtained":[{"floor":6,"key":"Lantern"},{"floor":10,"key":"Turnip"},{"floor":13,"key":"Anchor"}],"event_choices":[{"damage_healed":0,"gold_gain":0,"player_choice":"Leave","damage_taken":0,"max_hp_gain":0,"max_hp_loss":0,"event_name":"The Cleric","floor":3,"gold_loss":0},{"damage_healed":0,"gold_gain":75,"player_choice":"Gather Gold","damage_taken":11,"max_hp_gain":0,"max_hp_loss":0,"event_name":"World of Goop","floor":4,"gold_loss":0},{"damage_healed":0,"gold_gain":0,"player_choice":"Grow","damage_taken":0,"max_hp_gain":0,"max_hp_loss":0,"event_name":"Living Wall","floor":5,"gold_loss":0,"cards_upgraded":["Skewer"]},{"damage_healed":0,"gold_gain":0,"player_choice":"Obtained Relic","damage_taken":0,"relics_obtained":["Tough Bandages"],"max_hp_gain":0,"max_hp_loss":0,"event_name":"Addict","floor":19,"gold_loss":85}],"is_beta":false,"boss_relics":[{"not_picked":["Orrery","White Beast Statue"],"picked":"Fusion Hammer"}],"items_purged_floors":[],"is_endless":false,"potions_floor_spawned":[10,13,14,20],"killed_by":"Shelled Parasite and Fungi","ascension_level":13}