{"path_per_floor":["M","M","?","?","M","R","M","M","T","R","?","R","M","M","R","B",null,"M","M"],"character_chosen":"THE_SILENT","items_purchased":[],"gold_per_floor":[113,123,123,198,210,210,228,243,268,268,233,233,248,258,258,357,357,372,347],"floor_reached":20,"campfire_rested":0,"playtime":1707,"current_hp_per_floor":[70,66,71,60,58,58,48,48,48,48,66,66,63,63,63,17,75,60,29],"items_purged":[],"gold":347,"play_id":"fe8d2c56-c95f-4af5-a302-5301bb93a67f","is_prod":false,"is_daily":false,"campfire_rituals":0,"campfire_upgraded":4,"is_hardmode":false,"path_taken":["M","M","?","?","?","R","M","M","T","R","?","R","M","M","R","BOSS","M","M","M"],"build_version":"2018-01-04-PROD1","purchased_purges":0,"victory":false,"master_deck":["Defend_G","Defend_G","Defend_G","Defend_G","Defend_G","Strike_G","Strike_G","Strike_G","Strike_G","Strike_G","Survivor","Neutralize","Blade Dance","PiercingWail","Backflip","Flying Knee","Dagger Spray","Poisoned Stab","Infinite Blades","Burst","Crippling Poison","Dodge and Roll"],"max_hp_per_floor":[70,70,75,75,75,75,75,75,75,75,75,75,75,75,75,75,75,75,75],"relics":["Ring of the Snake","Anchor","Eternal Feather"],"campfire_meditates":0,"card_choices":[{"not_picked":["Skewer","Blur"],"picked":"Blade Dance"},{"not_picked":["Choke","Leg Sweep"],"picked":"PiercingWail"},{"not_picked":["Sucker Punch","Deflect"],"picked":"Backflip"},{"not_picked":["Dagger Throw","PiercingWail"],"picked":"Flying Knee"},{"not_picked":["Outmaneuver","Sucker Punch"],"picked":"Dagger Spray"},{"not_picked":["Flechettes","Flying Knee"],"picked":"Poisoned Stab"},{"not_picked":["Dagger Throw","PiercingWail"],"picked":"Infinite Blades"},{"not_picked":["A Thousand Cuts","Night Terror"],"picked":"Burst"},{"not_picked":["Dagger Spray","Sucker Punch"],"picked":"Crippling Poison"},{"not_picked":["Slice","Dagger Throw"],"picked":"Dodge and Roll"}],"player_experience":9843,"potions_floor_usage":[16,20,20],"damage_taken":[{"damage":0,"enemies":"2 Louse","floor":1,"turns":4},{"damage":4,"enemies":"Cultist","floor":2,"turns":4},{"damage":2,"enemies":"Small Slimes","floor":5,"turns":4},{"damage":10,"enemies":"Looter","floor":7,"turns":3},{"damage":0,"enemies":"Exordium Wildlife","floor":8,"turns":4},{"damage":3,"enemies":"3 Louse","floor":13,"turns":3},{"damage":0,"enemies":"Lots of Slimes","floor":14,"turns":1},{"damage":46,"enemies":"Slime Boss","floor":16,"turns":13},{"damage":15,"enemies":"Shell Parasite","floor":18,"turns":9},{"damage":31,"enemies":"2 Thieves","floor":19,"turns":5},{"damage":30,"enemies":"Slaver and Parasite","floor":20,"turns":6}],"event_choices":[{"event_name":"Big Fish","player_choice":"Donut","floor":3,"damage_taken":0},{"event_name":"World of Goop","player_choice":"Gather Gold","floor":4,"damage_taken":0},{"event_name":"The Cleric","player_choice":"Healed","floor":11,"damage_taken":0}],"boss_relics":[{"not_picked":["Calling Bell","Philosopher\u0027s Stone"],"picked":"Eternal Feather"}],"potions_floor_spawned":[1,2,14,18],"seed_played":"-884493078931246585","killed_by":"Slaver and Parasite","is_trial":false}