{"gold_per_floor":[109,23,36,36,50,76,41,41,41,15,41,61,29,48,48,149,149,167,74,93,108,27,27,41,41,41,53,79,97,113,113],"floor_reached":31,"playtime":1312,"items_purged":[],"score":309,"play_id":"995a78e6-ec33-4f9e-80c8-c5336434f6df","local_time":"20180910110136","is_ascension_mode":true,"campfire_choices":[{"data":"Accuracy","floor":8,"key":"SMITH"},{"floor":15,"key":"REST"},{"data":"Infinite Blades","floor":23,"key":"SMITH"},{"data":"Accuracy","floor":25,"key":"SMITH"}],"neow_cost":"","seed_source_timestamp":401737019070715,"circlet_count":0,"master_deck":["Defend_G","Defend_G","Defend_G","Defend_G","Defend_G","Strike_G","Strike_G","Strike_G","Strike_G","Strike_G","Survivor","Neutralize","Backstab","Deflect","Accuracy+1","Blade Dance","Noxious Fumes","A Thousand Cuts","Dagger Spray","Cloak And Dagger","Dagger Throw","Blur","Storm of Steel","Flying Knee","Infinite Blades+1","Deflect","PiercingWail+1","Cloak And Dagger+1","Accuracy+1","Prepared","Calculated Gamble","Phantasmal Killer","Infinite Blades+1","Deflect+1"],"relics":["Ring of the Snake","Bottled Tornado","Lantern","Bottled Flame","Bag of Preparation","Eternal Feather","Blue Candle","Gambling Chip"],"potions_floor_usage":[6,11,16,21,29,31],"damage_taken":[{"damage":1,"enemies":"Cultist","floor":1,"turns":4},{"damage":0,"enemies":"Small Slimes","floor":3,"turns":3},{"damage":4,"enemies":"Jaw Worm","floor":5,"turns":3},{"damage":16,"enemies":"3 Sentries","floor":6,"turns":7},{"damage":26,"enemies":"Lagavulin","floor":11,"turns":7},{"damage":2,"enemies":"Red Slaver","floor":12,"turns":2},{"damage":8,"enemies":"Large Slime","floor":14,"turns":4},{"damage":19,"enemies":"Hexaghost","floor":16,"turns":11},{"damage":9,"enemies":"Shell Parasite","floor":18,"turns":4},{"damage":2,"enemies":"Chosen","floor":20,"turns":4},{"damage":7,"enemies":"3 Cultists","floor":21,"turns":6},{"damage":19,"enemies":"Cultist and Chosen","floor":24,"turns":6},{"damage":0,"enemies":"Chosen and Byrds","floor":27,"turns":4},{"damage":15,"enemies":"Gremlin Leader","floor":28,"turns":5},{"damage":20,"enemies":"Snake Plant","floor":29,"turns":4},{"damage":5,"enemies":"Sentry and Sphere","floor":30,"turns":3},{"damage":27,"enemies":"Centurion and Healer","floor":31,"turns":4}],"seed_played":"8390495807983591394","potions_obtained":[{"floor":1,"key":"Explosive Potion"},{"floor":5,"key":"Energy Potion"},{"floor":11,"key":"Explosive Potion"},{"floor":12,"key":"Strength Potion"},{"floor":18,"key":"Strength Potion"},{"floor":20,"key":"AttackPotion"},{"floor":28,"key":"LiquidBronze"},{"floor":30,"key":"Fire Potion"}],"is_trial":false,"path_per_floor":["M","$","M","T","M","E","?","R","T","$","E","M","?","M","R","B",null,"M","$","M","M","$","R","M","R","T","M","E","M","M"],"character_chosen":"THE_SILENT","items_purchased":["Deflect","Accuracy","Dagger Spray","Infinite Blades","Deflect","Accuracy"],"campfire_rested":1,"item_purchase_floors":[2,2,10,19,19,22],"current_hp_per_floor":[69,69,69,69,65,49,66,66,66,66,40,38,38,30,51,32,70,61,61,59,52,52,67,48,66,66,66,51,31,26,0],"gold":113,"neow_bonus":"","is_prod":false,"is_daily":false,"chose_seed":false,"campfire_upgraded":3,"win_rate":0,"timestamp":1536598896,"path_taken":["M","?","?","?","M","E","?","R","T","$","E","?","?","M","R","BOSS","M","$","?","M","$","R","?","R","T","M","E","M","M","M"],"build_version":"2018-09-06","purchased_purges":0,"victory":false,"max_hp_per_floor":[70,70,70,70,70,70,70,70,70,70,70,70,70,70,70,70,70,70,70,70,70,70,70,70,70,70,70,70,70,70,70],"card_choices":[{"not_picked":["Sucker Punch","Prepared"],"picked":"Backstab","floor":1},{"not_picked":["Reflex","Dodge and Roll"],"picked":"Blade Dance","floor":3},{"not_picked":["Skewer","Dagger Throw"],"picked":"Noxious Fumes","floor":5},{"not_picked":["Masterful Stab","Slice"],"picked":"A Thousand Cuts","floor":6},{"not_picked":["Sucker Punch","Bane"],"picked":"Cloak And Dagger","floor":11},{"not_picked":["Acrobatics","Poisoned Stab"],"picked":"Dagger Throw","floor":12},{"not_picked":["Endless Agony","Poisoned Stab"],"picked":"Blur","floor":14},{"not_picked":["A Thousand Cuts","Burst"],"picked":"Storm of Steel","floor":16},{"not_picked":["Heel Hook+1","Bane"],"picked":"Flying Knee","floor":18},{"not_picked":["Endless Agony","Eviscerate"],"picked":"PiercingWail+1","floor":20},{"not_picked":["Slice","Backstab+1"],"picked":"Cloak And Dagger+1","floor":21},{"not_picked":["Poisoned Stab","Caltrops+1"],"picked":"Prepared","floor":24},{"not_picked":["Slice","Deadly Poison"],"picked":"Calculated Gamble","floor":27},{"not_picked":["Terror","Acrobatics"],"picked":"Phantasmal Killer","floor":28},{"not_picked":["Poisoned Stab","Concentrate"],"picked":"Infinite Blades+1","floor":29},{"not_picked":["Slice","Expertise"],"picked":"Deflect+1","floor":30}],"player_experience":495541,"relics_obtained":[{"floor":4,"key":"Bottled Tornado"},{"floor":6,"key":"Lantern"},{"floor":9,"key":"Bottled Flame"},{"floor":11,"key":"Bag of Preparation"},{"floor":26,"key":"Blue Candle"},{"floor":28,"key":"Gambling Chip"}],"event_choices":[{"event_name":"The Cleric","player_choice":"Healed","floor":7,"damage_taken":0},{"event_name":"World of Goop","player_choice":"Left","floor":13,"damage_taken":0}],"is_beta":false,"boss_relics":[{"not_picked":["Snecko Eye","Black Star"],"picked":"Eternal Feather"}],"items_purged_floors":[],"is_endless":false,"potions_floor_spawned":[1,5,11,12,18,20,28,30],"killed_by":"Centurion and Healer","ascension_level":3}