{"gold_per_floor":[119,119,129,148,163,198,210,11,34,34,34,49,66,81,81,186,186,200,219,219,236,247,247],"floor_reached":23,"playtime":1823,"items_purged":[],"score":247,"play_id":"53a4e4a9-8fe0-484f-a872-af67bbefa53a","local_time":"20180729230605","daily_mods":["Heirloom","Insanity","Uncertain Future"],"is_ascension_mode":false,"campfire_choices":[{"data":"Infernal Blade","floor":7,"key":"SMITH"},{"data":"Apotheosis","floor":10,"key":"SMITH"},{"data":"Infernal Blade","floor":15,"key":"SMITH"}],"neow_cost":"","seed_source_timestamp":0,"circlet_count":0,"master_deck":["Dark Embrace","Reaper","Reaper","Pummel","Bloodletting","Hemokinesis","Rupture","Strike_R","Rupture","Hemokinesis","Spot Weakness","Pommel Strike","Reaper","Berserk","Thunderclap","Berserk","Clothesline","Combust","Bloodletting","Warcry","Evolve","Inflame","Intimidate","True Grit","Clash","Ghostly Armor","Bash","Strike_R","Feel No Pain","Rampage","Rampage","Power Through","Infernal Blade+1","Carnage","Rampage","Iron Wave","Iron Wave","Juggernaut","Anger","Second Wind","Seeing Red+1","Corruption","Warcry","Uppercut","Combust+1","Iron Wave","Inflame","Wild Strike","Cleave","Second Wind","Power Through","Twin Strike","Apotheosis+1","Twin Strike","Infernal Blade+1","Dark Embrace","Dual Wield+1","Wild Strike","Twin Strike+1"],"relics":["Burning Blood","Turnip","MawBank","Art of War","Empty Cage"],"potions_floor_usage":[6,14,18,19,22,23],"damage_taken":[{"damage":11,"enemies":"Small Slimes","floor":1,"turns":2},{"damage":0,"enemies":"2 Louse","floor":3,"turns":3},{"damage":15,"enemies":"Cultist","floor":4,"turns":4},{"damage":10,"enemies":"2 Fungi Beasts","floor":5,"turns":4},{"damage":19,"enemies":"3 Sentries","floor":6,"turns":4},{"damage":19,"enemies":"Exordium Thugs","floor":12,"turns":3},{"damage":4,"enemies":"Lots of Slimes","floor":13,"turns":3},{"damage":6,"enemies":"Large Slime","floor":14,"turns":5},{"damage":49,"enemies":"The Guardian","floor":16,"turns":11},{"damage":26,"enemies":"Chosen","floor":18,"turns":6},{"damage":30,"enemies":"Shell Parasite","floor":19,"turns":7},{"damage":25,"enemies":"Cultist and Chosen","floor":21,"turns":6},{"damage":52,"enemies":"Snecko","floor":22,"turns":7},{"damage":42,"enemies":"Book of Stabbing","floor":23,"turns":4}],"seed_played":"131113","potions_obtained":[{"floor":3,"key":"AttackPotion"},{"floor":4,"key":"Dexterity Potion"},{"floor":5,"key":"Block Potion"},{"floor":6,"key":"LiquidBronze"},{"floor":14,"key":"Regen Potion"},{"floor":19,"key":"FairyPotion"},{"floor":21,"key":"PowerPotion"}],"is_trial":true,"path_per_floor":["M","?","M","M","M","E","R","$","T","R","?","M","M","M","R","B",null,"M","M","?","M","M"],"character_chosen":"IRONCLAD","items_purchased":["Apotheosis"],"campfire_rested":0,"item_purchase_floors":[8],"current_hp_per_floor":[75,59,65,66,64,63,63,63,63,63,63,51,65,80,80,58,80,64,52,52,54,8,0],"gold":247,"neow_bonus":"","is_prod":false,"is_daily":false,"chose_seed":true,"campfire_upgraded":3,"win_rate":0.0,"timestamp":1532927165,"path_taken":["M","?","M","M","?","E","R","$","T","R","?","M","M","M","R","BOSS","M","?","?","M","M","E"],"build_version":"2018-07-26","purchased_purges":0,"victory":false,"max_hp_per_floor":[80,80,80,80,80,80,80,80,80,80,80,80,80,80,80,80,80,80,80,80,80,80,80],"card_choices":[{"not_picked":["Twin Strike","Clash"],"picked":"Wild Strike","floor":1},{"not_picked":["Wild Strike","Dark Embrace"],"picked":"Cleave","floor":3},{"not_picked":["Iron Wave","Anger"],"picked":"Second Wind","floor":4},{"not_picked":["True Grit","Perfected Strike"],"picked":"Power Through","floor":5},{"not_picked":["Sever Soul","Bloodletting"],"picked":"Twin Strike","floor":6},{"not_picked":["Headbutt","Shockwave","Anger"],"picked":"SKIP","floor":12},{"not_picked":["Sentinel","Pommel Strike"],"picked":"Twin Strike","floor":13},{"not_picked":["Rupture","Havoc"],"picked":"Infernal Blade","floor":14},{"not_picked":["Berserk","Offering"],"picked":"Dark Embrace","floor":16},{"not_picked":["Pommel Strike+1","Thunderclap+1"],"picked":"Dual Wield+1","floor":18},{"not_picked":["Body Slam","Heavy Blade"],"picked":"Wild Strike","floor":19},{"not_picked":["Reckless Charge","Headbutt+1","Burning Pact+1"],"picked":"SKIP","floor":21},{"not_picked":["Body Slam","Seeing Red+1"],"picked":"Twin Strike+1","floor":22}],"player_experience":87079,"relics_obtained":[{"floor":6,"key":"MawBank"},{"floor":9,"key":"Art of War"}],"event_choices":[{"event_name":"Shining Light","player_choice":"Entered Light","floor":2,"damage_taken":0},{"event_name":"Liars Game","player_choice":"disagreed","floor":11,"damage_taken":0},{"event_name":"Back to Basics","player_choice":"Elegance","floor":20,"damage_taken":0}],"is_beta":false,"boss_relics":[{"not_picked":["Runic Dome","Busted Crown"],"picked":"Empty Cage"}],"items_purged_floors":[],"is_endless":false,"potions_floor_spawned":[3,4,5,6,14,19,21],"killed_by":"Book of Stabbing","ascension_level":0}