{"gold_per_floor":[217,236,254,254,224,224,21,53,53,53,79,92,92,106,106,201,201,212,222,222,232,251,251],"floor_reached":23,"playtime":4958,"items_purged":[],"score":233,"play_id":"595d0717-e673-46d7-a134-8a68ed3e4e98","local_time":"20190131113036","is_ascension_mode":true,"campfire_choices":[{"data":"Armaments","floor":6,"key":"SMITH"},{"data":"Juggernaut","floor":10,"key":"SMITH"},{"floor":13,"key":"REST"},{"data":"Metallicize","floor":15,"key":"SMITH"}],"neow_cost":"NONE","seed_source_timestamp":53905558920767,"circlet_count":0,"master_deck":["Strike_R","Strike_R","Strike_R","Strike_R","Strike_R","Defend_R","Defend_R","Defend_R","Defend_R","Bash","Feel No Pain","Shrug It Off","Armaments+1","Spot Weakness","Metallicize+1","Second Wind","Flash of Steel","Juggernaut+1","Whirlwind","Heavy Blade","Sentinel","Barricade","Thunderclap+1","Ghostly Armor","Infernal Blade","Shrug It Off"],"relics":["Burning Blood","Ice Cream","Gremlin Horn","Pear","Runic Pyramid"],"potions_floor_usage":[8,8,8,8,8,19,21],"damage_taken":[{"damage":10,"enemies":"Small Slimes","floor":1,"turns":3},{"damage":24,"enemies":"Cultist","floor":2,"turns":6},{"damage":1,"enemies":"Jaw Worm","floor":3,"turns":5},{"damage":1,"enemies":"Looter","floor":5,"turns":4},{"damage":16,"enemies":"3 Sentries","floor":8,"turns":9},{"damage":16,"enemies":"Lagavulin","floor":11,"turns":6},{"damage":16,"enemies":"Exordium Wildlife","floor":12,"turns":6},{"damage":5,"enemies":"Blue Slaver","floor":14,"turns":4},{"damage":23,"enemies":"The Guardian","floor":16,"turns":11},{"damage":23,"enemies":"Spheric Guardian","floor":18,"turns":6},{"damage":42,"enemies":"Chosen","floor":19,"turns":5},{"damage":18,"enemies":"Snecko","floor":21,"turns":5},{"damage":44,"enemies":"Chosen and Byrds","floor":22,"turns":6},{"damage":46,"enemies":"Book of Stabbing","floor":23,"turns":4}],"seed_played":"3868101008353277087","potions_obtained":[{"floor":2,"key":"AttackPotion"},{"floor":3,"key":"BloodPotion"},{"floor":4,"key":"EntropicBrew"},{"floor":12,"key":"Swift Potion"},{"floor":16,"key":"SkillPotion"},{"floor":21,"key":"SpeedPotion"}],"is_trial":false,"path_per_floor":["M","M","M","?","M","R","$","E","T","R","E","M","R","M","R","B",null,"M","M","?","M","M","E"],"character_chosen":"IRONCLAD","items_purchased":["Metallicize","Second Wind","Flash of Steel"],"campfire_rested":1,"item_purchase_floors":[7,7,7],"current_hp_per_floor":[76,58,63,63,68,68,68,66,66,66,66,56,83,84,84,67,90,73,37,90,78,40,0],"gold":251,"neow_bonus":"HUNDRED_GOLD","is_prod":false,"is_daily":false,"chose_seed":false,"campfire_upgraded":3,"win_rate":0,"timestamp":1548934236,"path_taken":["M","M","M","?","M","R","$","E","T","R","E","M","R","M","R","BOSS","M","M","?","?","M","E"],"build_version":"2019-01-23","purchased_purges":0,"victory":false,"max_hp_per_floor":[80,80,80,80,80,80,80,80,80,80,90,90,90,90,90,90,90,90,90,90,90,90,90],"card_choices":[{"not_picked":["Havoc","True Grit"],"picked":"Feel No Pain","floor":1},{"not_picked":["Perfected Strike","Battle Trance"],"picked":"Shrug It Off","floor":2},{"not_picked":["Seeing Red","Anger"],"picked":"Armaments","floor":3},{"not_picked":["Sever Soul","Burning Pact"],"picked":"Spot Weakness","floor":5},{"not_picked":["Warcry","Sword Boomerang"],"picked":"Juggernaut","floor":8},{"not_picked":["Flex","Shrug It Off"],"picked":"Whirlwind","floor":11},{"not_picked":["Bloodletting","Wild Strike"],"picked":"Heavy Blade","floor":12},{"not_picked":["Sword Boomerang","Body Slam"],"picked":"Sentinel","floor":14},{"not_picked":["Immolate","Juggernaut"],"picked":"Barricade","floor":16},{"not_picked":["Iron Wave","Seeing Red"],"picked":"Thunderclap+1","floor":18},{"not_picked":["Wild Strike","Shrug It Off"],"picked":"Ghostly Armor","floor":19},{"not_picked":["Body Slam","Sword Boomerang"],"picked":"Infernal Blade","floor":21},{"not_picked":["Havoc","Pummel"],"picked":"Shrug It Off","floor":22}],"player_experience":100603,"relics_obtained":[{"floor":8,"key":"Ice Cream"},{"floor":9,"key":"Gremlin Horn"},{"floor":11,"key":"Pear"}],"event_choices":[{"damage_healed":0,"gold_gain":0,"player_choice":"Got Potions","damage_taken":0,"max_hp_gain":0,"max_hp_loss":0,"event_name":"Lab","floor":4,"gold_loss":0},{"damage_healed":53,"gold_gain":0,"player_choice":"Full Heal","damage_taken":0,"max_hp_gain":0,"max_hp_loss":0,"event_name":"Wheel of Change","floor":20,"gold_loss":0}],"is_beta":false,"boss_relics":[{"not_picked":["Runic Dome","Snecko Eye"],"picked":"Runic Pyramid"}],"items_purged_floors":[],"is_endless":false,"potions_floor_spawned":[2,3,12,16,21],"killed_by":"Book of Stabbing","ascension_level":3}