{"gold_per_floor":[113,113,113,132,132,159,8,24,24,44,95,106,71,83,83,184,184,194,224,224,237,237,237,265,265,265,190,204,204],"floor_reached":29,"playtime":2009,"items_purged":[],"score":290,"play_id":"6c7c5777-5b11-4f16-8e58-8618e9304c83","local_time":"20190202160823","is_ascension_mode":true,"campfire_choices":[{"floor":15,"key":"REST"},{"floor":23,"key":"REST"},{"floor":25,"key":"REST"}],"neow_cost":"NONE","seed_source_timestamp":406793343627209,"circlet_count":0,"master_deck":["Strike_B","Defend_B","Defend_B","Defend_B","Defend_B","Zap","Dualcast","Defragment","Discovery","Zap","Storm","Amplify+1","Hello World","Conserve Battery+1","Compile Driver","Redo+1","Go for the Eyes","Redo+1","FTL","Echo Form","Storm","Ghostly+1","Ghostly+1","Ghostly+1","Ghostly+1","Ghostly+1","Storm+1","Machine Learning","Fission+1"],"relics":["Cracked Core","Pen Nib","Shuriken","Toxic Egg 2","Happy Flower","Odd Mushroom","Omamori","Empty Cage","Tiny Chest","DataDisk","Potion Belt","Boot"],"potions_floor_usage":[10,10],"damage_taken":[{"damage":6,"enemies":"2 Louse","floor":1,"turns":3},{"damage":3,"enemies":"Cultist","floor":4,"turns":4},{"damage":48,"enemies":"3 Sentries","floor":6,"turns":7},{"damage":0,"enemies":"Small Slimes","floor":8,"turns":3},{"damage":2,"enemies":"The Mushroom Lair","floor":10,"turns":3},{"damage":0,"enemies":"2 Fungi Beasts","floor":12,"turns":2},{"damage":0,"enemies":"Looter","floor":14,"turns":2},{"damage":10,"enemies":"The Guardian","floor":16,"turns":9},{"damage":22,"enemies":"Spheric Guardian","floor":18,"turns":4},{"damage":26,"enemies":"Shell Parasite","floor":21,"turns":6},{"damage":16,"enemies":"Book of Stabbing","floor":24,"turns":5},{"damage":0,"enemies":"Snake Plant","floor":28,"turns":4},{"damage":23,"enemies":"Centurion and Healer","floor":29,"turns":1}],"seed_played":"1715285506274140742","potions_obtained":[{"floor":1,"key":"Dexterity Potion"},{"floor":6,"key":"Fire Potion"},{"floor":8,"key":"SteroidPotion"},{"floor":12,"key":"Weak Potion"},{"floor":28,"key":"SteroidPotion"}],"is_trial":false,"path_per_floor":["?","?","M","?","?","T","?","?","?","?","?","M"],"character_chosen":"DEFECT","items_purchased":["Hello World","Conserve Battery+1","Compile Driver"],"campfire_rested":3,"item_purchase_floors":[7,7,7],"current_hp_per_floor":[69,69,69,66,59,11,11,11,11,9,9,9,27,27,49,39,75,53,53,37,11,11,22,6,17,17,17,17,0],"gold":204,"neow_bonus":"RANDOM_COMMON_RELIC","is_prod":false,"is_daily":false,"chose_seed":false,"campfire_upgraded":0,"win_rate":0,"timestamp":1549141703,"path_taken":["M","?","?","?","?","E","$","M","T","?","?","M","?","M","R","BOSS","M","?","?","M","?","R","E","R","T","?","?","M"],"build_version":"2019-01-23","purchased_purges":0,"victory":false,"max_hp_per_floor":[75,75,75,75,75,75,75,75,75,75,75,75,75,75,75,75,75,75,75,37,37,37,37,37,37,37,37,37,37],"card_choices":[{"not_picked":["Glacier","Go for the Eyes"],"picked":"Defragment","floor":1},{"not_picked":["Reprogram","Hologram"],"picked":"Storm","floor":4},{"not_picked":["Leap","Hyperbeam"],"picked":"Amplify","floor":6},{"not_picked":["Reprogram+1","Turbo+1"],"picked":"Redo+1","floor":8},{"not_picked":["Leap+1","All For One"],"picked":"Go for the Eyes","floor":10},{"not_picked":["Chill+1","Hello World"],"picked":"Redo+1","floor":12},{"not_picked":["Cold Snap","Go for the Eyes"],"picked":"FTL","floor":14},{"not_picked":["Machine Learning","Fission+1"],"picked":"Echo Form","floor":16},{"not_picked":["Beam Cell+1","Leap+1"],"picked":"Storm","floor":18},{"not_picked":["Redo+1","Conserve Battery+1"],"picked":"Storm+1","floor":21},{"not_picked":["Turbo+1","Coolheaded+1"],"picked":"Machine Learning","floor":24},{"not_picked":["Aggregate+1","Barrage"],"picked":"Fission+1","floor":28}],"player_experience":168693,"relics_obtained":[{"floor":6,"key":"Toxic Egg 2"},{"floor":9,"key":"Happy Flower"},{"floor":10,"key":"Odd Mushroom"},{"floor":11,"key":"Omamori"},{"floor":24,"key":"Potion Belt"},{"floor":26,"key":"Boot"}],"event_choices":[{"damage_healed":0,"gold_gain":0,"player_choice":"Box","damage_taken":0,"relics_obtained":["Shuriken"],"max_hp_gain":0,"max_hp_loss":0,"event_name":"Big Fish","floor":2,"gold_loss":0,"cards_obtained":["Regret"]},{"damage_healed":0,"gold_gain":0,"player_choice":"2 cards matched","damage_taken":0,"max_hp_gain":0,"max_hp_loss":0,"event_name":"Match and Keep!","floor":3,"gold_loss":0,"cards_obtained":["Discovery","Zap"]},{"cards_removed":["Regret"],"damage_healed":0,"gold_gain":0,"player_choice":"Card Removal","damage_taken":7,"max_hp_gain":0,"max_hp_loss":0,"event_name":"Golden Wing","floor":5,"gold_loss":0},{"damage_healed":0,"gold_gain":0,"player_choice":"Fought Mushrooms","damage_taken":0,"max_hp_gain":0,"max_hp_loss":0,"event_name":"Mushrooms","floor":10,"gold_loss":0},{"damage_healed":18,"gold_gain":0,"player_choice":"Healed","damage_taken":0,"max_hp_gain":0,"max_hp_loss":0,"event_name":"The Cleric","floor":13,"gold_loss":35},{"damage_healed":0,"gold_gain":0,"player_choice":"Opened","damage_taken":0,"relics_obtained":["Tiny Chest"],"max_hp_gain":0,"max_hp_loss":0,"event_name":"The Mausoleum","floor":19,"gold_loss":0},{"damage_healed":0,"gold_gain":0,"player_choice":"Became a Ghost","damage_taken":0,"max_hp_gain":0,"max_hp_loss":38,"event_name":"Ghosts","floor":20,"gold_loss":0,"cards_obtained":["Ghostly","Ghostly","Ghostly","Ghostly","Ghostly"]},{"damage_healed":0,"gold_gain":0,"player_choice":"Stole Relic","damage_taken":0,"relics_obtained":["DataDisk"],"max_hp_gain":0,"max_hp_loss":0,"event_name":"Addict","floor":22,"gold_loss":0,"cards_obtained":["Shame"]},{"cards_removed":["Strike_B"],"damage_healed":0,"gold_gain":0,"player_choice":"Gave Gold","damage_taken":0,"max_hp_gain":0,"max_hp_loss":0,"event_name":"Beggar","floor":27,"gold_loss":75}],"is_beta":false,"boss_relics":[{"not_picked":["White Beast Statue","Velvet Choker"],"picked":"Empty Cage"}],"items_purged_floors":[],"is_endless":false,"potions_floor_spawned":[1,6,8,12,28],"killed_by":"Centurion and Healer","ascension_level":2}