{"gold_per_floor":[118,43,118,47,66,66,94,94,147,222,241,89,89,100,100,200,200,213,4,4,4,17,17,17,17,17,32,32,67,67,79,79,183,183,194,208,58,58,70,70,70,81,81,112,112,131,131,131,131,131],"floor_reached":50,"playtime":5629,"items_purged":["Strike_G","Strike_G","Strike_G","Defend_G"],"score":563,"play_id":"29623148-d0f9-4849-991d-925d95840157","local_time":"20190408232548","is_ascension_mode":true,"campfire_choices":[{"data":"Leg Sweep","floor":6.0,"key":"SMITH"},{"data":"Noxious Fumes","floor":8.0,"key":"SMITH"},{"data":"Catalyst","floor":13.0,"key":"SMITH"},{"floor":15.0,"key":"REST"},{"floor":24.0,"key":"REST"},{"floor":28.0,"key":"REST"},{"data":"Writhe","floor":30.0,"key":"PURGE"},{"floor":32.0,"key":"REST"},{"floor":40.0,"key":"REST"},{"floor":45.0,"key":"REST"},{"floor":47,"key":"REST"},{"data":"Tools of the Trade","floor":49,"key":"SMITH"}],"neow_cost":"NONE","seed_source_timestamp":322607100574870,"circlet_count":0,"master_deck":["Defend_G","Defend_G","Defend_G","Defend_G","Survivor","Neutralize","Catalyst+1","Leg Sweep+1","Noxious Fumes+1","Dodge and Roll","Poisoned Stab","Night Terror","Poisoned Stab","Noxious Fumes","Leg Sweep","A Thousand Cuts","Venomology","Poisoned Stab","Deflect+1","Deadly Poison+1","Tools of the Trade+1","Bouncing Flask+1","Tactician+1"],"special_seed":0,"relics":["Ring of the Snake","NeowsBlessing","Regal Pillow","Happy Flower","Busted Crown","Nloth\u0027s Gift","Letter Opener","Bottled Tornado","Peace Pipe","Orrery","Molten Egg 2","Snake Skull"],"potions_floor_usage":[50],"damage_taken":[{"damage":0.0,"enemies":"2 Louse","floor":1.0,"turns":1.0},{"damage":0.0,"enemies":"Cultist","floor":5.0,"turns":1.0},{"damage":0.0,"enemies":"Lagavulin","floor":7.0,"turns":2.0},{"damage":0.0,"enemies":"Small Slimes","floor":11.0,"turns":4.0},{"damage":18.0,"enemies":"Gremlin Gang","floor":14.0,"turns":5.0},{"damage":4.0,"enemies":"Hexaghost","floor":16.0,"turns":9.0},{"damage":10.0,"enemies":"Spheric Guardian","floor":18.0,"turns":4.0},{"damage":10.0,"enemies":"3 Byrds","floor":22.0,"turns":4.0},{"damage":11.0,"enemies":"Colosseum Slavers","floor":23.0,"turns":5.0},{"damage":23.0,"enemies":"Centurion and Healer","floor":27.0,"turns":6.0},{"damage":26.0,"enemies":"Slavers","floor":29.0,"turns":5.0},{"damage":15.0,"enemies":"Snake Plant","floor":31.0,"turns":4.0},{"damage":29.0,"enemies":"Automaton","floor":33.0,"turns":9.0},{"damage":12.0,"enemies":"3 Darklings","floor":35.0,"turns":5.0},{"damage":1.0,"enemies":"3 Shapes","floor":36.0,"turns":4.0},{"damage":20.0,"enemies":"Sphere and 2 Shapes","floor":39.0,"turns":5.0},{"damage":45.0,"enemies":"Jaw Worm Horde","floor":42.0,"turns":5.0},{"damage":3.0,"enemies":"Nemesis","floor":44.0,"turns":5.0},{"damage":38,"enemies":"Spire Growth","floor":46,"turns":6},{"damage":80,"enemies":"Awakened One","floor":50,"turns":8}],"seed_played":"-1146660605860579899","potions_obtained":[{"floor":5.0,"key":"SmokeBomb"},{"floor":16.0,"key":"Fire Potion"},{"floor":18.0,"key":"Poison Potion"},{"floor":22.0,"key":"Poison Potion"},{"floor":29.0,"key":"GhostInAJar"},{"floor":33.0,"key":"SteroidPotion"},{"floor":35.0,"key":"Weak Potion"},{"floor":36.0,"key":"SpeedPotion"},{"floor":38.0,"key":"Poison Potion"}],"is_trial":false,"path_per_floor":["M","$","?","?","M","R","E","R","T","?","M","$","R","M","R","B",null,"M","$","?","?","M","?","R","?","T","M","R","E","R","M","R","B",null,"M","M","$","?","M","R","$","M","T","E","R","M","R","?","R","B"],"character_chosen":"THE_SILENT","items_purchased":["Dodge and Roll","Poisoned Stab","Noxious Fumes"],"campfire_rested":7,"item_purchase_floors":[12,19,19],"current_hp_per_floor":[70,70,59,59,59,59,59,59,59,52,52,52,52,34,70,66,70,60,60,60,60,50,39,70,70,70,47,70,44,44,29,65,36,70,58,57,57,57,37,70,70,39,39,36,70,32,68,70,70,0],"gold":131,"neow_bonus":"THREE_ENEMY_KILL","is_prod":false,"is_daily":false,"chose_seed":false,"campfire_upgraded":4,"win_rate":0,"timestamp":1554783948,"path_taken":["M","$","?","?","?","R","E","R","T","?","M","$","R","M","R","BOSS","M","$","?","?","?","?","R","?","T","M","R","E","R","M","R","BOSS","M","M","$","?","?","R","$","M","T","E","R","M","R","?","R","BOSS"],"build_version":"2019-01-23","purchased_purges":4,"victory":false,"max_hp_per_floor":[70,70,70,70,70,70,70,70,70,70,70,70,70,70,70,70,70,70,70,70,70,70,70,70,70,70,70,70,70,70,70,70,70,70,70,70,70,70,70,70,70,70,70,70,70,70,70,70,70,70],"card_choices":[{"not_picked":["Underhanded Strike","Quick Slash"],"picked":"Catalyst","floor":1.0},{"not_picked":["Expertise","Reflex"],"picked":"Leg Sweep","floor":5.0},{"not_picked":["Bane","Outmaneuver"],"picked":"Noxious Fumes","floor":7.0},{"not_picked":["Eviscerate","Expertise","Leg Sweep"],"picked":"SKIP","floor":11.0},{"not_picked":["Deflect","Dodge and Roll"],"picked":"Poisoned Stab","floor":14.0},{"not_picked":["Glass Knife","Doppelganger"],"picked":"Night Terror","floor":16.0},{"not_picked":["Dagger Throw"],"picked":"SKIP","floor":18.0},{"not_picked":["Underhanded Strike"],"picked":"SKIP","floor":22.0},{"not_picked":["Cloak And Dagger"],"picked":"SKIP","floor":27.0},{"not_picked":["Leg Sweep"],"picked":"SKIP","floor":29.0},{"not_picked":["Skewer+1"],"picked":"SKIP","floor":31.0},{"not_picked":[],"picked":"Venomology","floor":33.0},{"not_picked":[],"picked":"Poisoned Stab","floor":34.0},{"not_picked":[],"picked":"Deflect+1","floor":34.0},{"not_picked":[],"picked":"Deadly Poison+1","floor":34.0},{"not_picked":[],"picked":"Tools of the Trade","floor":35.0},{"not_picked":[],"picked":"Bouncing Flask+1","floor":36.0},{"not_picked":[],"picked":"Tactician+1","floor":39.0},{"not_picked":["Sucker Punch"],"picked":"SKIP","floor":42.0},{"not_picked":["Quick Slash+1"],"picked":"SKIP","floor":44.0},{"not_picked":["Sucker Punch+1"],"picked":"SKIP","floor":46}],"player_experience":211361,"relics_obtained":[{"floor":7.0,"key":"Regal Pillow"},{"floor":9.0,"key":"Happy Flower"},{"floor":26.0,"key":"Bottled Tornado"},{"floor":29.0,"key":"Peace Pipe"},{"floor":43.0,"key":"Molten Egg 2"},{"floor":44.0,"key":"Snake Skull"}],"event_choices":[{"damage_healed":0.0,"max_hp_gain":0.0,"max_hp_loss":0.0,"gold_gain":75.0,"event_name":"World of Goop","player_choice":"Gather Gold","floor":3.0,"gold_loss":0.0,"damage_taken":11.0},{"damage_healed":0.0,"max_hp_gain":0.0,"max_hp_loss":0.0,"gold_gain":0.0,"event_name":"WeMeetAgain","player_choice":"Paid Gold","floor":4.0,"gold_loss":71.0,"damage_taken":0.0,"relics_obtained":["PreservedInsect"]},{"damage_healed":0.0,"max_hp_gain":0.0,"max_hp_loss":0.0,"gold_gain":75.0,"event_name":"FaceTrader","player_choice":"Touch","floor":10.0,"gold_loss":0.0,"damage_taken":7.0},{"damage_healed":0.0,"max_hp_gain":0.0,"max_hp_loss":0.0,"gold_gain":0.0,"cards_transformed":["Strike_G","Strike_G"],"event_name":"Drug Dealer","player_choice":"Became Test Subject","floor":20.0,"gold_loss":0.0,"damage_taken":0.0,"cards_obtained":["Leg Sweep","A Thousand Cuts"]},{"damage_healed":0.0,"max_hp_gain":0.0,"max_hp_loss":0.0,"gold_gain":0.0,"event_name":"N\u0027loth","player_choice":"Traded Relic","floor":21.0,"relics_lost":["PreservedInsect"],"gold_loss":0.0,"damage_taken":0.0,"relics_obtained":["Nloth\u0027s Gift"]},{"damage_healed":0.0,"max_hp_gain":0.0,"max_hp_loss":0.0,"gold_gain":0.0,"event_name":"Colosseum","player_choice":"Fight","floor":23.0,"gold_loss":0.0,"damage_taken":0.0},{"damage_healed":0.0,"max_hp_gain":0.0,"max_hp_loss":0.0,"gold_gain":0.0,"event_name":"Colosseum","player_choice":"Fled From Nobs","floor":23.0,"gold_loss":0.0,"damage_taken":0.0},{"damage_healed":0.0,"max_hp_gain":0.0,"max_hp_loss":0.0,"gold_gain":0.0,"event_name":"The Mausoleum","player_choice":"Opened","floor":25.0,"gold_loss":0.0,"damage_taken":0.0,"relics_obtained":["Letter Opener"],"cards_obtained":["Writhe"]},{"damage_healed":0.0,"max_hp_gain":0.0,"max_hp_loss":0.0,"gold_gain":0.0,"event_name":"Lab","player_choice":"Got Potions","floor":38.0,"gold_loss":0.0,"damage_taken":0.0},{"damage_healed":2,"gold_gain":0,"player_choice":"Full Heal","damage_taken":0,"max_hp_gain":0,"max_hp_loss":0,"event_name":"Wheel of Change","floor":48,"gold_loss":0}],"is_beta":false,"boss_relics":[{"not_picked":["Calling Bell","Snecko Eye"],"picked":"Busted Crown"},{"not_picked":["Astrolabe","Pandora\u0027s Box"],"picked":"Orrery"}],"items_purged_floors":[2,12,19,37],"is_endless":false,"potions_floor_spawned":[5,16,18,22,29,33,35,36,39],"killed_by":"Awakened One","ascension_level":1}