{"gold_per_floor":[119,119,119,170,270,270,300,314,383,383,383,241,254,264,264,341,341,351,351,401,53,72,72,85,85,85,101,101,134,134,100,100,174,174,190,37,37,56,67,98,98,126,126,160,160,175,24,24,24,24,24,24,24,51,51],"floor_reached":56,"playtime":2995,"items_purged":["Strike_G","Strike_G"],"score":1866,"play_id":"1b739f09-9449-4fd8-ad9c-5a058d52f305","local_time":"20190320165200","is_ascension_mode":true,"campfire_choices":[{"data":"Predator","floor":6.0,"key":"SMITH"},{"floor":11.0,"key":"REST"},{"data":"Skewer","floor":15.0,"key":"SMITH"},{"data":"Dash","floor":23.0,"key":"SMITH"},{"data":"Well Laid Plans","floor":25.0,"key":"SMITH"},{"data":"Corpse Explosion","floor":28.0,"key":"SMITH"},{"floor":30.0,"key":"REST"},{"data":"Footwork","floor":32.0,"key":"SMITH"},{"data":"Cloak And Dagger","floor":41.0,"key":"SMITH"},{"floor":45.0,"key":"REST"},{"floor":49.0,"key":"RECALL"},{"data":"Footwork","floor":52.0,"key":"SMITH"}],"neow_cost":"NONE","seed_source_timestamp":581054369762600,"circlet_count":0,"master_deck":["AscendersBane","Defend_G","Defend_G","Defend_G","Defend_G","Strike_G+1","Survivor","Neutralize+1","Predator+1","Skewer+1","Caltrops","Well Laid Plans+1","PiercingWail","Corpse Explosion+1","Dash+1","Terror","After Image","Footwork+1","Escape Plan","Footwork+1","PiercingWail+1","Backflip","Cloak And Dagger+1","Acrobatics","Normality","Dodge and Roll","Blur","Impatience"],"special_seed":0,"relics":["Empty Cage","Blue Candle","Orichalcum","Du-Vu Doll","Ninja Scroll","Black Star","Boot","Pantograph","Question Card","Ginger","Anchor","Cursed Key","Strawberry","Letter Opener","Sundial","Ice Cream","Shuriken","Pear","Oddly Smooth Stone","Happy Flower","Lantern"],"potions_floor_usage":[55],"damage_taken":[{"damage":4.0,"enemies":"2 Louse","floor":1.0,"turns":4.0},{"damage":21.0,"enemies":"3 Sentries","floor":7.0,"turns":9.0},{"damage":3.0,"enemies":"Small Slimes","floor":8.0,"turns":3.0},{"damage":2.0,"enemies":"Jaw Worm","floor":13.0,"turns":2.0},{"damage":0.0,"enemies":"Looter","floor":14.0,"turns":2.0},{"damage":14.0,"enemies":"Hexaghost","floor":16.0,"turns":10.0},{"damage":13.0,"enemies":"Shell Parasite","floor":18.0,"turns":5.0},{"damage":0.0,"enemies":"Spheric Guardian","floor":22.0,"turns":3.0},{"damage":17.0,"enemies":"Centurion and Healer","floor":24.0,"turns":3.0},{"damage":7.0,"enemies":"3 Cultists","floor":27.0,"turns":4.0},{"damage":14.0,"enemies":"Book of Stabbing","floor":29.0,"turns":5.0},{"damage":46.0,"enemies":"Champ","floor":33.0,"turns":16.0},{"damage":16.0,"enemies":"Orb Walker","floor":35.0,"turns":4.0},{"damage":1.0,"enemies":"3 Darklings","floor":38.0,"turns":3.0},{"damage":11.0,"enemies":"Transient","floor":39.0,"turns":5.0},{"damage":25.0,"enemies":"Reptomancer","floor":40.0,"turns":10.0},{"damage":19.0,"enemies":"Nemesis","floor":42.0,"turns":9.0},{"damage":6.0,"enemies":"Giant Head","floor":44.0,"turns":9.0},{"damage":7.0,"enemies":"Maw","floor":46.0,"turns":7.0},{"damage":39.0,"enemies":"Time Eater","floor":50.0,"turns":14.0},{"damage":47.0,"enemies":"Shield and Spear","floor":54.0,"turns":7.0},{"damage":48,"enemies":"The Heart","floor":55,"turns":12}],"seed_played":"-7486093556892629016","potions_obtained":[{"floor":8.0,"key":"Ancient Potion"},{"floor":13.0,"key":"Weak Potion"},{"floor":27.0,"key":"GhostInAJar"},{"floor":29.0,"key":"PowerPotion"},{"floor":33.0,"key":"SteroidPotion"},{"floor":37.0,"key":"Fruit Juice"},{"floor":37.0,"key":"SteroidPotion"},{"floor":39.0,"key":"Ancient Potion"},{"floor":42.0,"key":"Dexterity Potion"},{"floor":46.0,"key":"SkillPotion"}],"is_trial":false,"path_per_floor":["M","?","?","T","?","R","E","M","T","?","R","$","M","M","R","B",null,"M","?","?","$","M","R","M","R","T","M","R","E","R","$","R","B",null,"M","$","?","M","M","E","R","E","T","E","R","M","$","?","R","B",null,"R","$","E","B",null],"character_chosen":"THE_SILENT","items_purchased":["Well Laid Plans","Pantograph","Footwork","Footwork","Regen Potion","Oddly Smooth Stone"],"campfire_rested":3,"item_purchase_floors":[12,21,31,36,36,47],"current_hp_per_floor":[59,47,33,33,33,33,12,9,9,2,23,23,21,21,21,7,54,41,41,41,41,41,41,24,24,24,17,17,3,24,24,24,3,53,37,37,42,41,30,27,27,8,8,12,39,32,32,32,32,18,74,74,74,27,4],"gold":51,"neow_bonus":"BOSS_RELIC","is_prod":false,"is_daily":false,"chose_seed":false,"campfire_upgraded":8,"win_rate":0,"timestamp":1553125920,"path_taken":["M","?","?","?","?","R","E","?","T","?","R","$","M","M","R","BOSS","M","?","?","$","M","R","M","R","T","?","R","E","R","$","R","BOSS","M","$","?","?","M","E","R","E","T","E","R","M","$","?","R","BOSS","R","$","E","BOSS"],"build_version":"2019-01-23","purchased_purges":2,"victory":true,"max_hp_per_floor":[70,70,70,70,70,70,70,70,70,70,70,70,70,70,70,70,70,70,70,70,70,70,70,70,70,70,70,70,70,70,70,70,70,70,70,70,75,75,75,82,82,82,82,92,92,92,92,92,92,92,92,92,92,92,92],"card_choices":[{"not_picked":["Dagger Throw","Quick Slash"],"picked":"Predator","floor":1.0},{"not_picked":["Poisoned Stab","Deflect"],"picked":"Skewer","floor":7.0},{"not_picked":["Quick Slash","Slice"],"picked":"Caltrops","floor":8.0},{"not_picked":["Heel Hook","Predator","Prepared"],"picked":"SKIP","floor":13.0},{"not_picked":["Heel Hook","Reflex"],"picked":"PiercingWail","floor":14.0},{"not_picked":["Envenom","Die Die Die"],"picked":"Corpse Explosion","floor":16.0},{"not_picked":["Dodge and Roll","Bane+1"],"picked":"Dash","floor":18.0},{"not_picked":["Dodge and Roll+1","Storm of Steel"],"picked":"Terror","floor":22.0},{"not_picked":["Predator","Deadly Poison","Bane"],"picked":"SKIP","floor":24.0},{"not_picked":["Outmaneuver+1","Deadly Poison","Dagger Spray","Deflect"],"picked":"SKIP","floor":27.0},{"not_picked":["Dodge and Roll+1","Distraction","Slice"],"picked":"After Image","floor":29.0},{"not_picked":["Bane","Heel Hook","Deflect+1"],"picked":"Escape Plan","floor":35.0},{"not_picked":["Predator","Dodge and Roll+1","Setup"],"picked":"PiercingWail+1","floor":38.0},{"not_picked":["Poisoned Stab","Backstab","Prepared+1"],"picked":"Backflip","floor":39.0},{"not_picked":["Tools of the Trade","Flying Knee","Poisoned Stab"],"picked":"Cloak And Dagger","floor":40.0},{"not_picked":["Flying Knee","Dagger Spray","Expertise"],"picked":"Acrobatics","floor":42.0},{"not_picked":["Expertise","Infinite Blades+1","Poisoned Stab"],"picked":"Dodge and Roll","floor":44.0},{"not_picked":["Blade Dance+1","Flying Knee+1","All Out Attack"],"picked":"Blur","floor":46.0},{"not_picked":["Swift Strike","Dark Shackles","Enlightenment"],"picked":"Impatience","floor":48.0},{"not_picked":["Outmaneuver","Riddle With Holes","Dagger Spray","Underhanded Strike"],"picked":"SKIP","floor":54.0}],"player_experience":422503,"relics_obtained":[{"floor":4.0,"key":"Orichalcum"},{"floor":7.0,"key":"Du-Vu Doll"},{"floor":9.0,"key":"Ninja Scroll"},{"floor":26.0,"key":"Question Card"},{"floor":29.0,"key":"Ginger"},{"floor":29.0,"key":"Anchor"},{"floor":40.0,"key":"Strawberry"},{"floor":40.0,"key":"Letter Opener"},{"floor":42.0,"key":"Sundial"},{"floor":42.0,"key":"Ice Cream"},{"floor":44.0,"key":"Shuriken"},{"floor":44.0,"key":"Pear"},{"floor":54.0,"key":"Happy Flower"},{"floor":54.0,"key":"Lantern"}],"event_choices":[{"damage_healed":0.0,"max_hp_gain":0.0,"max_hp_loss":0.0,"gold_gain":0.0,"event_name":"Scrap Ooze","player_choice":"Success","floor":2.0,"gold_loss":0.0,"damage_taken":12.0,"relics_obtained":["Blue Candle"]},{"damage_healed":0.0,"max_hp_gain":0.0,"max_hp_loss":0.0,"gold_gain":0.0,"event_name":"Shining Light","player_choice":"Entered Light","floor":3.0,"gold_loss":0.0,"damage_taken":14.0,"cards_upgraded":["Strike_G","Neutralize"]},{"damage_healed":0.0,"max_hp_gain":0.0,"max_hp_loss":0.0,"gold_gain":100.0,"event_name":"Golden Shrine","player_choice":"Pray","floor":5.0,"gold_loss":0.0,"damage_taken":0.0},{"cards_removed":["Strike_G"],"damage_healed":0.0,"max_hp_gain":0.0,"max_hp_loss":0.0,"gold_gain":0.0,"event_name":"Golden Wing","player_choice":"Card Removal","floor":10.0,"gold_loss":0.0,"damage_taken":7.0},{"damage_healed":0.0,"max_hp_gain":0.0,"max_hp_loss":0.0,"gold_gain":0.0,"event_name":"The Mausoleum","player_choice":"Opened","floor":19.0,"gold_loss":0.0,"damage_taken":0.0,"relics_obtained":["Boot"]},{"damage_healed":0.0,"max_hp_gain":0.0,"max_hp_loss":0.0,"gold_gain":100.0,"event_name":"The Joust","player_choice":"Bet on Murderer","floor":20.0,"gold_loss":50.0,"damage_taken":0.0},{"damage_healed":0.0,"max_hp_gain":0.0,"max_hp_loss":0.0,"gold_gain":0.0,"event_name":"Lab","player_choice":"Got Potions","floor":37.0,"gold_loss":0.0,"damage_taken":0.0},{"damage_healed":0.0,"max_hp_gain":0.0,"max_hp_loss":0.0,"gold_gain":0.0,"event_name":"SensoryStone","player_choice":"Memory 1","floor":48.0,"gold_loss":0.0,"damage_taken":0.0}],"is_beta":false,"boss_relics":[{"not_picked":["Fusion Hammer","Tiny House"],"picked":"Black Star"},{"not_picked":["Calling Bell","Busted Crown"],"picked":"Cursed Key"}],"items_purged_floors":[12,21],"is_endless":false,"potions_floor_spawned":[8,13,16,27,29,33,39,42,46],"ascension_level":13}