{"gold_per_floor":[114,26,41,56,71,71,71,71,71,401,401,401,416,416,416,516,516,531,177,192,192,192,192,7,7,32,32,32,47,62,77,77,177,177,192,207,80,95,95,95,110,110,110,125,140,155,155,155,155,155],"floor_reached":50,"playtime":4105,"items_purged":[],"score":644,"play_id":"157e4ba5-37b4-46f9-886e-05fd628db0ee","local_time":"20180727152127","daily_mods":["Specialized","Night Terrors","Hoarder"],"is_ascension_mode":false,"campfire_choices":[{"data":"Perfected Strike","floor":6,"key":"SMITH"},{"data":"Bandage Up","floor":8,"key":"SMITH"},{"data":"Bandage Up","floor":11,"key":"SMITH"},{"floor":15,"key":"REST"},{"data":"Perfected Strike","floor":23,"key":"SMITH"},{"data":"Perfected Strike","floor":25,"key":"SMITH"},{"data":"Perfected Strike","floor":27,"key":"SMITH"},{"data":"Perfected Strike","floor":32,"key":"SMITH"},{"data":"Bandage Up","floor":40,"key":"SMITH"},{"data":"Perfected Strike","floor":42,"key":"SMITH"},{"data":"Bandage Up","floor":47,"key":"SMITH"},{"data":"Bandage Up","floor":49,"key":"SMITH"}],"neow_cost":"","seed_source_timestamp":70656787075204,"circlet_count":0,"master_deck":["Strike_R","Strike_R","Strike_R","Strike_R","Defend_R","Defend_R","Defend_R","Defend_R","Bash","Exhume","Exhume","Exhume","Exhume","Exhume","Exhume","Exhume","Exhume","Exhume","Exhume","Exhume","Exhume","Exhume","Exhume","Exhume","Perfected Strike+1","Perfected Strike+1","Perfected Strike+1","Bandage Up+1","Bandage Up+1","Bandage Up+1","Perfected Strike+1","Perfected Strike+1","Perfected Strike+1","True Grit","True Grit","True Grit","Anger","Anger","Anger","Perfected Strike+1","Perfected Strike","Perfected Strike+1","Ghostly Armor","Ghostly Armor","Ghostly Armor","Fiend Fire","Fiend Fire","Fiend Fire","Pommel Strike","Pommel Strike","Pommel Strike","Apotheosis","Apotheosis","Apotheosis","Intimidate+1","Intimidate+1","Intimidate+1","Necronomicurse","Necronomicurse","Necronomicurse","Apotheosis","Apotheosis","Apotheosis","Ghostly Armor+1","Ghostly Armor+1","Ghostly Armor+1","Sever Soul+1","Sever Soul+1","Sever Soul+1","Headbutt+1","Headbutt+1","Headbutt+1","Bandage Up+1","Bandage Up+1","Bandage Up+1","True Grit","True Grit","True Grit","True Grit+1","True Grit+1","True Grit+1","Sword Boomerang+1","Sword Boomerang+1","Sword Boomerang+1","Iron Wave+1","Iron Wave+1","Iron Wave+1","Carnage","Carnage","Carnage","Infernal Blade+1","Infernal Blade+1","Infernal Blade+1","Dual Wield+1","Dual Wield+1","Dual Wield+1"],"special_seed":17739,"relics":["Black Blood","Shuriken","Old Coin","Coffee Dripper","Blood Vial","Necronomicon","Happy Flower","Dodecahedron","Ginger","Turnip"],"potions_floor_usage":[],"damage_taken":[{"damage":21,"enemies":"2 Louse","floor":1,"turns":6},{"damage":18,"enemies":"Jaw Worm","floor":3,"turns":5},{"damage":17,"enemies":"Small Slimes","floor":4,"turns":3},{"damage":20,"enemies":"Looter","floor":5,"turns":3},{"damage":28,"enemies":"Gremlin Nob","floor":10,"turns":4},{"damage":16,"enemies":"Gremlin Gang","floor":13,"turns":6},{"damage":55,"enemies":"The Guardian","floor":16,"turns":8},{"damage":0,"enemies":"Spheric Guardian","floor":18,"turns":2},{"damage":20,"enemies":"2 Thieves","floor":20,"turns":2},{"damage":0,"enemies":"Centurion and Healer","floor":29,"turns":3},{"damage":0,"enemies":"Cultist and Chosen","floor":30,"turns":3},{"damage":0,"enemies":"Snake Plant","floor":31,"turns":1},{"damage":4,"enemies":"Champ","floor":33,"turns":4},{"damage":0,"enemies":"Orb Walker","floor":35,"turns":1},{"damage":10,"enemies":"3 Shapes","floor":36,"turns":2},{"damage":19,"enemies":"Spire Growth","floor":38,"turns":3},{"damage":8,"enemies":"Flame Bruiser 2 Orb","floor":41,"turns":2},{"damage":4,"enemies":"Transient","floor":44,"turns":5},{"damage":30,"enemies":"3 Darklings","floor":45,"turns":8},{"damage":18,"enemies":"Maw","floor":46,"turns":7},{"damage":17,"floor":48,"turns":3},{"damage":115,"enemies":"Awakened One","floor":50,"turns":5}],"seed_played":"-8062012140041976232","potions_obtained":[{"floor":3,"key":"FairyPotion"},{"floor":13,"key":"EssenceOfSteel"},{"floor":29,"key":"BloodPotion"},{"floor":31,"key":"Energy Potion"}],"is_trial":false,"path_per_floor":["M","$","M","M","M","R","?","R","T","E","R","?","M","?","R","B",null,"M","$","M","?","?","R","$","R","T","R","?","M","M","M","R","B",null,"M","M","$","M","?","R","M","R","T","M","M","M","R","?","R"],"character_chosen":"IRONCLAD","items_purchased":["Bandage Up","Blood Vial","Apotheosis","Apotheosis","Bandage Up","True Grit"],"campfire_rested":1,"item_purchase_floors":[2,19,19,24,37,37],"current_hp_per_floor":[65,65,80,69,63,63,63,63,63,41,41,41,55,55,75,58,75,75,75,73,57,50,50,50,50,50,50,50,75,75,75,75,75,75,75,75,75,72,72,72,75,75,75,75,61,75,75,68,68,0],"gold":155,"neow_bonus":"","is_prod":false,"is_daily":true,"chose_seed":false,"campfire_upgraded":11,"win_rate":0.0,"timestamp":1532726487,"path_taken":["M","$","M","M","M","R","?","R","T","E","R","?","M","?","R","BOSS","M","$","M","?","?","R","?","R","T","R","?","M","M","M","R","BOSS","M","M","$","M","?","R","M","R","T","M","M","M","R","?","R","BOSS"],"build_version":"2018-07-26","purchased_purges":0,"victory":false,"max_hp_per_floor":[80,80,80,80,80,80,80,80,80,80,80,80,80,80,75,75,75,75,75,75,75,75,75,75,75,75,75,75,75,75,75,75,75,75,75,75,75,75,75,75,75,75,75,75,75,75,75,75,75,75],"card_choices":[{"not_picked":["Headbutt","Twin Strike"],"picked":"Perfected Strike","floor":1},{"not_picked":["Inflame","Anger"],"picked":"Perfected Strike","floor":3},{"not_picked":["Anger","Heavy Blade"],"picked":"True Grit","floor":4},{"not_picked":["Inflame","Fire Breathing"],"picked":"Anger","floor":5},{"not_picked":["Headbutt","Hemokinesis"],"picked":"Perfected Strike","floor":10},{"not_picked":["Wild Strike","Entrench"],"picked":"Ghostly Armor","floor":13},{"not_picked":["Demon Form","Feed"],"picked":"Fiend Fire","floor":16},{"not_picked":["Anger","Heavy Blade"],"picked":"Pommel Strike","floor":18},{"not_picked":["Pommel Strike","Sentinel"],"picked":"Intimidate+1","floor":20},{"not_picked":["Body Slam","Hemokinesis"],"picked":"Ghostly Armor+1","floor":29},{"not_picked":["Twin Strike","Iron Wave"],"picked":"Sever Soul+1","floor":30},{"not_picked":["Hemokinesis","Warcry","Twin Strike"],"picked":"SKIP","floor":31},{"not_picked":["Ghostly Armor","Pommel Strike"],"picked":"Headbutt+1","floor":35},{"not_picked":["Evolve","Dropkick+1","Clothesline"],"picked":"SKIP","floor":36},{"not_picked":["Pommel Strike","Wild Strike+1"],"picked":"True Grit+1","floor":38},{"not_picked":["Havoc","Armaments"],"picked":"Sword Boomerang+1","floor":41},{"not_picked":["Clash","Wild Strike+1"],"picked":"Iron Wave+1","floor":44},{"not_picked":["Havoc+1","Clothesline"],"picked":"Carnage","floor":45},{"not_picked":["Clothesline+1","Sentinel+1"],"picked":"Infernal Blade+1","floor":46},{"not_picked":["Disarm","Ghostly Armor"],"picked":"Dual Wield+1","floor":48}],"player_experience":3091,"relics_obtained":[{"floor":9,"key":"Shuriken"},{"floor":10,"key":"Old Coin"},{"floor":21,"key":"Necronomicon"},{"floor":26,"key":"Happy Flower"},{"floor":43,"key":"Ginger"},{"floor":48,"key":"Turnip"}],"event_choices":[{"event_name":"Living Wall","player_choice":"Grow","floor":7,"damage_taken":0},{"event_name":"Accursed Blacksmith","player_choice":"Forge","floor":12,"damage_taken":0},{"event_name":"Upgrade Shrine","player_choice":"Upgraded","floor":14,"damage_taken":0},{"event_name":"Cursed Tome","player_choice":"Obtained Book","floor":21,"damage_taken":0},{"event_name":"Wheel of Change","player_choice":"Damage","floor":22,"damage_taken":0},{"event_name":"The Mausoleum","player_choice":"Yes","floor":28,"damage_taken":0},{"event_name":"Purifier","player_choice":"One Purge","floor":39,"damage_taken":0},{"event_name":"MindBloom","player_choice":"Fight","floor":48,"damage_taken":0}],"is_beta":false,"boss_relics":[{"not_picked":["Cursed Key","Sozu"],"picked":"Coffee Dripper"},{"not_picked":["Runic Dome","Velvet Choker"],"picked":"Black Blood"}],"items_purged_floors":[],"is_endless":false,"potions_floor_spawned":[3,13,29,31,38,46],"killed_by":"Awakened One","ascension_level":0}