{"gold_per_floor":[115,115,115,135,99,99,129,145,145,163,163,182,198,210,210,210],"floor_reached":16,"playtime":444,"items_purged":[],"score":132,"play_id":"1e3c1d77-458a-45b5-afd2-62542f06fa06","local_time":"20190131153959","is_ascension_mode":true,"campfire_choices":[{"data":"Sweeping Beam","floor":6,"key":"SMITH"},{"data":"Self Repair","floor":11,"key":"SMITH"},{"data":"Glacier","floor":15,"key":"SMITH"}],"neow_cost":"NONE","seed_source_timestamp":359416125647538,"circlet_count":0,"master_deck":["Strike_B","Strike_B+1","Strike_B+1","Strike_B","Defend_B","Defend_B","Defend_B","Defend_B","Zap","Dualcast","Redo","Sweeping Beam+1","Self Repair+1","FTL","Glacier+1","Chaos","Amplify","Leap"],"relics":["Eternal Feather","Happy Flower"],"potions_floor_usage":[16,16],"damage_taken":[{"damage":25,"enemies":"Small Slimes","floor":1,"turns":4},{"damage":14,"enemies":"Jaw Worm","floor":4,"turns":3},{"damage":15,"enemies":"2 Louse","floor":8,"turns":3},{"damage":12,"enemies":"Exordium Wildlife","floor":10,"turns":4},{"damage":0,"enemies":"Blue Slaver","floor":12,"turns":5},{"damage":15,"enemies":"Gremlin Gang","floor":13,"turns":6},{"damage":0,"enemies":"Large Slime","floor":14,"turns":5},{"damage":50,"enemies":"Slime Boss","floor":16,"turns":10}],"seed_played":"-2021470371791751022","potions_obtained":[{"floor":4,"key":"Strength Potion"},{"floor":10,"key":"Regen Potion"},{"floor":13,"key":"Swift Potion"}],"is_trial":false,"path_per_floor":["M","?","?","M","$","R","?","M","T","M","R","M","M","M","R","B"],"character_chosen":"DEFECT","items_purchased":["Self Repair"],"campfire_rested":0,"item_purchase_floors":[5],"current_hp_per_floor":[43,28,33,19,19,25,25,17,17,12,21,31,26,36,45,0],"gold":210,"neow_bonus":"BOSS_RELIC","is_prod":false,"is_daily":false,"chose_seed":false,"campfire_upgraded":3,"win_rate":0,"timestamp":1548977999,"path_taken":["M","?","?","M","?","R","?","M","T","M","R","M","M","M","R","BOSS"],"build_version":"2019-01-23","purchased_purges":0,"victory":false,"max_hp_per_floor":[75,75,80,80,80,80,80,80,80,80,80,80,80,80,80,80],"card_choices":[{"not_picked":["Static Discharge","Turbo"],"picked":"Redo","floor":1},{"not_picked":["Streamline","Barrage"],"picked":"Sweeping Beam","floor":4},{"not_picked":["Fusion","Lockon"],"picked":"FTL","floor":8},{"not_picked":["Hello World","Beam Cell"],"picked":"Glacier","floor":10},{"not_picked":["Barrage","Redo"],"picked":"Chaos","floor":12},{"not_picked":["Compile Driver","Conserve Battery"],"picked":"Amplify","floor":13},{"not_picked":["Rebound","Skim"],"picked":"Leap","floor":14}],"player_experience":339227,"relics_obtained":[{"floor":9,"key":"Happy Flower"}],"event_choices":[{"damage_healed":0,"gold_gain":0,"player_choice":"Entered Light","damage_taken":15,"max_hp_gain":0,"max_hp_loss":0,"event_name":"Shining Light","floor":2,"gold_loss":0,"cards_upgraded":["Strike_B","Strike_B"]},{"damage_healed":0,"gold_gain":0,"player_choice":"Donut","damage_taken":0,"max_hp_gain":5,"max_hp_loss":0,"event_name":"Big Fish","floor":3,"gold_loss":0},{"damage_healed":0,"gold_gain":30,"player_choice":"Searched \u00272\u0027 times","damage_taken":0,"max_hp_gain":0,"max_hp_loss":0,"event_name":"Dead Adventurer","floor":7,"gold_loss":0}],"is_beta":false,"boss_relics":[],"items_purged_floors":[],"is_endless":false,"potions_floor_spawned":[4,10,13,14],"killed_by":"Slime Boss","ascension_level":8}