{"gold_per_floor":[111,127,81,98,116,144,159,159,184,184,184],"floor_reached":11,"playtime":1064,"items_purged":[],"score":79,"play_id":"4f82bda9-ca61-47f2-b0d5-130ccd97ee20","local_time":"20181026172219","is_ascension_mode":true,"campfire_choices":[{"floor":8,"key":"REST"}],"neow_cost":"NONE","seed_source_timestamp":1380769037338249,"circlet_count":0,"master_deck":["Defend_G","Defend_G","Defend_G","Defend_G","Defend_G","Strike_G","Strike_G","Strike_G","Strike_G","Strike_G","Survivor","Neutralize","Adrenaline","Blade Dance","Accuracy","Prepared","PiercingWail","Malaise","Finisher","Outmaneuver","Decay"],"relics":["Ring of the Snake","Blood Vial","Smiling Mask"],"potions_floor_usage":[6,6,11],"damage_taken":[{"damage":6,"enemies":"Cultist","floor":1,"turns":4},{"damage":0,"enemies":"Small Slimes","floor":2,"turns":5},{"damage":1,"enemies":"Jaw Worm","floor":4,"turns":4},{"damage":8,"enemies":"Lots of Slimes","floor":5,"turns":7},{"damage":34,"enemies":"Lagavulin","floor":6,"turns":11},{"damage":1,"enemies":"Exordium Wildlife","floor":7,"turns":6},{"damage":55,"enemies":"Gremlin Nob","floor":11,"turns":5}],"seed_played":"-5396442143085410228","potions_obtained":[{"floor":4,"key":"Weak Potion"},{"floor":5,"key":"Poison Potion"},{"floor":6,"key":"Ancient Potion"}],"is_trial":false,"path_per_floor":["M","M","$","M","M","E","M","R","T","?"],"character_chosen":"THE_SILENT","items_purchased":["Prepared"],"campfire_rested":1,"item_purchase_floors":[3],"current_hp_per_floor":[64,64,64,63,55,21,22,43,43,43,0],"gold":184,"neow_bonus":"ONE_RANDOM_RARE_CARD","is_prod":false,"is_daily":false,"chose_seed":false,"campfire_upgraded":0,"win_rate":0,"timestamp":1540596139,"path_taken":["M","M","$","?","M","E","M","R","T","?","E"],"build_version":"2018-10-25v2","purchased_purges":0,"victory":false,"max_hp_per_floor":[70,70,70,70,70,70,70,70,70,70,70],"card_choices":[{"not_picked":["PiercingWail","Outmaneuver"],"picked":"Blade Dance","floor":1},{"not_picked":["Choke","Endless Agony"],"picked":"Accuracy","floor":2},{"not_picked":["Deadly Poison","Outmaneuver"],"picked":"PiercingWail","floor":4},{"not_picked":["Calculated Gamble","Sucker Punch"],"picked":"Malaise","floor":5},{"not_picked":["All Out Attack","Masterful Stab"],"picked":"Finisher","floor":6},{"not_picked":["Poisoned Stab","Underhanded Strike"],"picked":"Outmaneuver","floor":7}],"player_experience":872648,"relics_obtained":[{"floor":6,"key":"Blood Vial"},{"floor":9,"key":"Smiling Mask"}],"event_choices":[{"damage_healed":0,"gold_gain":0,"player_choice":"Cursed","damage_taken":0,"max_hp_gain":0,"max_hp_loss":0,"event_name":"Wheel of Change","floor":10,"gold_loss":0,"cards_obtained":["Decay"]}],"is_beta":false,"boss_relics":[],"items_purged_floors":[],"is_endless":false,"potions_floor_spawned":[4,5,6],"killed_by":"Gremlin Nob","ascension_level":1}