{"gold_per_floor":[115,127,144,144,155,190,190,209,232,197,197,217,217,217,217,290,290,270,286,301,317,11,11,24,24,24,35,35,35,35],"floor_reached":30,"playtime":1231,"items_purged":[],"score":386,"play_id":"04250569-e7a6-41fc-ba1e-abdebf4ecaab","local_time":"20190304115014","is_ascension_mode":true,"campfire_choices":[{"floor":7.0,"key":"REST"},{"data":"Spot Weakness","floor":11.0,"key":"SMITH"},{"data":"Bash","floor":13.0,"key":"SMITH"},{"data":"Twin Strike","floor":15.0,"key":"SMITH"},{"data":"Forethought","floor":23,"key":"SMITH"},{"floor":25,"key":"REST"}],"neow_cost":"NONE","seed_source_timestamp":236808220811949,"circlet_count":0,"master_deck":["AscendersBane","Strike_R+1","Strike_R+1","Strike_R+1","Strike_R+1","Strike_R+1","Defend_R+1","Defend_R+1","Defend_R+1","Defend_R+1","Bash+1","Twin Strike+1","Intimidate","Havoc+1","Spot Weakness+1","Heavy Blade+1","Sword Boomerang","Anger","Feed","Flex","Shrug It Off","Cleave","Ghostly Armor","Pummel","Immolate","Feed","Forethought+1","Seeing Red","Immolate"],"special_seed":0,"relics":["Black Blood","Bag of Preparation","The Courier","Juzu Bracelet","Meat on the Bone"],"potions_floor_usage":[20,20,21],"damage_taken":[{"damage":10.0,"enemies":"Small Slimes","floor":1.0,"turns":4.0},{"damage":6.0,"enemies":"Cultist","floor":2.0,"turns":3.0},{"damage":14.0,"enemies":"Jaw Worm","floor":3.0,"turns":4.0},{"damage":9.0,"enemies":"Blue Slaver","floor":5.0,"turns":5.0},{"damage":25.0,"enemies":"Gremlin Nob","floor":6.0,"turns":4.0},{"damage":7.0,"enemies":"3 Louse","floor":8.0,"turns":3.0},{"damage":4.0,"enemies":"Large Slime","floor":12.0,"turns":3.0},{"damage":11.0,"enemies":"Slime Boss","floor":16.0,"turns":9.0},{"damage":22.0,"enemies":"2 Thieves","floor":18.0,"turns":4.0},{"damage":12,"enemies":"3 Byrds","floor":19,"turns":5},{"damage":17,"enemies":"Snake Plant","floor":20,"turns":4},{"damage":10,"enemies":"Shelled Parasite and Fungi","floor":21,"turns":3},{"damage":29,"enemies":"Sentry and Sphere","floor":24,"turns":5},{"damage":29,"enemies":"Cultist and Chosen","floor":27,"turns":6},{"damage":62,"enemies":"Book of Stabbing","floor":30,"turns":5}],"seed_played":"-8575860531616244301","potions_obtained":[{"floor":2.0,"key":"Block Potion"},{"floor":6.0,"key":"SkillPotion"},{"floor":8.0,"key":"Dexterity Potion"},{"floor":19,"key":"Strength Potion"},{"floor":20,"key":"Energy Potion"},{"floor":27,"key":"Ancient Potion"}],"is_trial":false,"path_per_floor":["M","M","M","?","M","E","R","M","T","?","R","M","R","?","R","B",null,"M","M","M","M","$","R","M","R","T","M","?","?","E"],"character_chosen":"IRONCLAD","items_purchased":["Pummel","Immolate","Feed","Forethought"],"campfire_rested":2,"item_purchase_floors":[22,22,22,22],"current_hp_per_floor":[68,68,60,60,57,38,62,61,61,80,80,80,80,80,80,75,79,70,68,61,61,61,61,42,66,66,59,59,59,0],"gold":35,"neow_bonus":"RANDOM_COMMON_RELIC","is_prod":false,"is_daily":false,"chose_seed":false,"campfire_upgraded":4,"win_rate":0,"timestamp":1551725414,"path_taken":["M","M","M","?","M","E","R","M","T","?","R","M","R","?","R","BOSS","M","M","M","M","$","R","M","R","T","M","?","?","E"],"build_version":"2019-01-23","purchased_purges":0,"victory":false,"max_hp_per_floor":[80,80,80,80,80,80,80,80,80,80,80,80,80,80,80,80,80,83,83,83,83,83,83,83,83,83,83,83,83,83],"card_choices":[{"not_picked":["Armaments","Clothesline"],"picked":"Twin Strike","floor":1.0},{"not_picked":["Sever Soul","Combust"],"picked":"Intimidate","floor":2.0},{"not_picked":["Anger","Pummel"],"picked":"Havoc","floor":3.0},{"not_picked":["Blood for Blood","Twin Strike"],"picked":"Spot Weakness","floor":5.0},{"not_picked":["Evolve","Havoc"],"picked":"Heavy Blade","floor":6.0},{"not_picked":["Anger","True Grit"],"picked":"Sword Boomerang","floor":8.0},{"not_picked":["Searing Blow","Sever Soul"],"picked":"Anger","floor":12.0},{"not_picked":["Juggernaut","Berserk"],"picked":"Feed","floor":16.0},{"not_picked":["Clothesline","Shockwave"],"picked":"Flex","floor":18.0},{"not_picked":["Cleave","Wild Strike"],"picked":"Shrug It Off","floor":19},{"not_picked":["Feel No Pain","Blood for Blood"],"picked":"Cleave","floor":20},{"not_picked":["Perfected Strike","Inflame"],"picked":"Ghostly Armor","floor":21},{"not_picked":["Perfected Strike","Power Through"],"picked":"Seeing Red","floor":24},{"not_picked":["Disarm","True Grit"],"picked":"Immolate","floor":27}],"player_experience":1642201,"relics_obtained":[{"floor":6.0,"key":"The Courier"},{"floor":9.0,"key":"Juzu Bracelet"},{"floor":26,"key":"Meat on the Bone"}],"event_choices":[{"damage_healed":0.0,"max_hp_gain":0.0,"max_hp_loss":0.0,"gold_gain":0.0,"event_name":"Upgrade Shrine","player_choice":"Upgraded","floor":4.0,"gold_loss":0.0,"damage_taken":0.0,"cards_upgraded":["Havoc"]},{"damage_healed":20.0,"max_hp_gain":0.0,"max_hp_loss":0.0,"gold_gain":0.0,"event_name":"The Cleric","player_choice":"Healed","floor":10.0,"gold_loss":35.0,"damage_taken":0.0},{"damage_healed":0.0,"max_hp_gain":0.0,"max_hp_loss":0.0,"gold_gain":0.0,"event_name":"Living Wall","player_choice":"Grow","floor":14.0,"gold_loss":0.0,"damage_taken":0.0,"cards_upgraded":["Heavy Blade"]},{"damage_healed":0,"gold_gain":0,"player_choice":"Ignored","damage_taken":0,"max_hp_gain":0,"max_hp_loss":0,"event_name":"Ghosts","floor":28,"gold_loss":0},{"damage_healed":0,"gold_gain":0,"player_choice":"Simplicity","damage_taken":0,"max_hp_gain":0,"max_hp_loss":0,"event_name":"Back to Basics","floor":29,"gold_loss":0,"cards_upgraded":["Strike_R","Strike_R","Strike_R","Strike_R","Strike_R","Defend_R","Defend_R","Defend_R","Defend_R"]}],"is_beta":false,"boss_relics":[{"not_picked":["Snecko Eye","White Beast Statue"],"picked":"Black Blood"}],"items_purged_floors":[],"is_endless":false,"potions_floor_spawned":[2,6,8,12,19,20,27],"killed_by":"Book of Stabbing","ascension_level":13}