{"gold_per_floor":[13,13,13,27,27,27,43,43,43,63,63,77,103,103,103,208,208,222,222,2,2,2,2,29,47,47,47,63,142,142,15,15,112,112,132,132,132,155,172,206,206,235,262,262,362,16,26,26,26,26],"floor_reached":51,"playtime":1440,"items_purged":["Strike_B"],"score":1043,"play_id":"fa8a6ea4-1236-4276-b0a2-0306a9605d7f","local_time":"20181115150329","is_ascension_mode":true,"campfire_choices":[{"data":"Gash","floor":6,"key":"SMITH"},{"data":"Hologram","floor":8,"key":"SMITH"},{"data":"Gash","floor":11,"key":"SMITH"},{"data":"Gash","floor":15,"key":"SMITH"},{"floor":23,"key":"REST"},{"floor":30,"key":"REST"},{"data":"Leap","floor":32,"key":"SMITH"},{"floor":41,"key":"REST"},{"floor":44,"key":"REST"},{"floor":49,"key":"REST"}],"neow_cost":"NO_GOLD","seed_source_timestamp":21457072702091,"circlet_count":0,"master_deck":["Strike_B","Strike_B","Defend_B","Defend_B","Defend_B","Zap","Dualcast","Gash+1","Gash+1","Hologram+1","Coolheaded","Gash+1","Go for the Eyes","Steam","All For One","Streamline","Hologram","Flash of Steel","Zap","Dramatic Entrance","Hologram+1","Reinforced Body","FTL+1","Leap+1","FTL+1","Leap+1","All For One+1","Gash+1","Steam Power+1","Beam Cell+1","Gash+1","Echo Form","Rebound+1","Hologram","Skim","Glacier","Cold Snap+1","Turbo+1","Hologram","Genetic Algorithm"],"relics":["Cracked Core","Prayer Wheel","Shuriken","Philosopher\u0027s Stone","Nilry\u0027s Codex","Pear","Molten Egg 2","Dodecahedron","Fusion Hammer","Bronze Scales","Art of War","Vajra","Pen Nib","Gambling Chip","Blood Vial"],"potions_floor_usage":[13,22,24,40,40,50],"damage_taken":[{"damage":0,"enemies":"2 Louse","floor":1,"turns":3},{"damage":0,"enemies":"Small Slimes","floor":4,"turns":3},{"damage":0,"enemies":"Cultist","floor":7,"turns":3},{"damage":5,"enemies":"Gremlin Gang","floor":10,"turns":4},{"damage":3,"enemies":"3 Louse","floor":12,"turns":2},{"damage":13,"enemies":"Gremlin Nob","floor":13,"turns":3},{"damage":39,"enemies":"Hexaghost","floor":16,"turns":9},{"damage":12,"enemies":"3 Byrds","floor":18,"turns":4},{"damage":0,"enemies":"2 Thieves","floor":22,"turns":1},{"damage":14,"enemies":"Book of Stabbing","floor":24,"turns":3},{"damage":6,"enemies":"Snecko","floor":25,"turns":3},{"damage":10,"enemies":"Centurion and Healer","floor":28,"turns":4},{"damage":35,"enemies":"Automaton","floor":33,"turns":8},{"damage":22,"enemies":"3 Darklings","floor":35,"turns":3},{"damage":0,"enemies":"Orb Walker","floor":39,"turns":1},{"damage":21,"enemies":"Reptomancer","floor":40,"turns":4},{"damage":0,"enemies":"Giant Head","floor":42,"turns":3},{"damage":23,"enemies":"Mind Bloom Boss Battle","floor":45,"turns":4},{"damage":0,"enemies":"Maw","floor":47,"turns":3},{"damage":33,"enemies":"Donu and Deca","floor":50,"turns":4}],"seed_played":"-2176515692320986829","potions_obtained":[{"floor":7,"key":"SmokeBomb"},{"floor":12,"key":"AttackPotion"},{"floor":16,"key":"Fire Potion"},{"floor":25,"key":"PowerPotion"},{"floor":39,"key":"Explosive Potion"},{"floor":47,"key":"Block Potion"}],"is_trial":false,"path_per_floor":["M","?","?","M","?","R","M","R","T","M","R","M","E","?","R","B",null,"M","?","$","?","M","R","E","M","T","$","M","T","R","$","R","B",null,"M","?","?","T","M","E","R","E","T","R","?","$","M","?","R","B",null],"character_chosen":"DEFECT","items_purchased":["Flash of Steel","FearPotion","FTL+1","Leap","Skim","Glacier","Blood Vial","Cold Snap+1"],"campfire_rested":5,"item_purchase_floors":[20,20,31,31,46,46,46,46],"current_hp_per_floor":[89,89,89,89,89,89,89,89,89,84,84,81,68,73,73,34,79,67,51,51,51,51,79,75,69,69,69,59,59,90,90,90,55,92,70,70,70,70,70,49,78,78,78,99,76,76,78,78,99,66],"gold":26,"neow_bonus":"TWENTY_PERCENT_HP_BONUS","is_prod":false,"is_daily":false,"chose_seed":false,"campfire_upgraded":5,"win_rate":0,"timestamp":1542312209,"path_taken":["M","?","?","M","?","R","?","R","T","?","R","M","E","?","R","BOSS","M","?","?","?","?","R","E","M","T","$","M","?","R","?","R","BOSS","M","?","?","?","?","E","R","E","T","R","?","$","M","?","R","BOSS"],"build_version":"2018-11-14","purchased_purges":1,"victory":true,"max_hp_per_floor":[89,89,89,89,89,89,89,89,89,89,89,89,89,94,94,94,94,94,94,94,94,94,94,104,104,104,104,104,104,104,104,104,104,104,104,104,99,99,99,99,99,99,99,99,99,99,99,99,99,99],"card_choices":[{"not_picked":["Barrage","Hologram"],"picked":"Gash","floor":1},{"not_picked":["Sunder","Turbo"],"picked":"Gash","floor":4},{"not_picked":["Gash","Force Field"],"picked":"Hologram","floor":7},{"not_picked":["Rip and Tear","Conserve Battery"],"picked":"Coolheaded","floor":10},{"not_picked":["Storm","Turbo"],"picked":"Gash","floor":10},{"not_picked":["Biased Cognition","Lockon"],"picked":"Go for the Eyes","floor":12},{"not_picked":["Storm","Hello World"],"picked":"Steam","floor":12},{"not_picked":["Aggregate","Barrage","Ball Lightning"],"picked":"SKIP","floor":13},{"not_picked":["Buffer","Multi-Cast"],"picked":"All For One","floor":16},{"not_picked":["Double Energy","Coolheaded"],"picked":"Streamline","floor":18},{"not_picked":["Sweeping Beam","Loop"],"picked":"Hologram","floor":18},{"not_picked":["FTL","Core Surge"],"picked":"Hologram+1","floor":24},{"not_picked":["Cold Snap","Sunder"],"picked":"Reinforced Body","floor":25},{"not_picked":["Cold Snap","Compile Driver","Heatsinks"],"picked":"SKIP","floor":25},{"not_picked":["Steam Power+1","Coolheaded"],"picked":"FTL+1","floor":28},{"not_picked":["Compile Driver+1","Ball Lightning+1"],"picked":"Leap+1","floor":28},{"not_picked":["Meteor Strike+1","Echo Form"],"picked":"All For One+1","floor":33},{"not_picked":["Go for the Eyes+1","Loop"],"picked":"Gash+1","floor":35},{"not_picked":["Rebound+1","Ball Lightning+1"],"picked":"Steam Power+1","floor":35},{"not_picked":["Heatsinks","Compile Driver+1"],"picked":"Beam Cell+1","floor":39},{"not_picked":["Compile Driver+1","Go for the Eyes+1"],"picked":"Gash+1","floor":39},{"not_picked":["Conserve Battery+1","Aggregate+1"],"picked":"Echo Form","floor":40},{"not_picked":["Aggregate","Ball Lightning+1"],"picked":"Rebound+1","floor":42},{"not_picked":["Cold Snap+1","Rebound+1"],"picked":"Hologram","floor":45},{"not_picked":["Barrage+1","Self Repair"],"picked":"Turbo+1","floor":47},{"not_picked":["Coolheaded+1","Leap+1"],"picked":"Hologram","floor":47}],"player_experience":455456,"relics_obtained":[{"floor":9,"key":"Prayer Wheel"},{"floor":13,"key":"Shuriken"},{"floor":19,"key":"Nilry\u0027s Codex"},{"floor":24,"key":"Pear"},{"floor":26,"key":"Molten Egg 2"},{"floor":29,"key":"Dodecahedron"},{"floor":38,"key":"Bronze Scales"},{"floor":40,"key":"Art of War"},{"floor":42,"key":"Vajra"},{"floor":43,"key":"Pen Nib"},{"floor":45,"key":"Gambling Chip"}],"event_choices":[{"cards_removed":["Strike_B"],"damage_healed":0,"gold_gain":0,"player_choice":"Forget","damage_taken":0,"max_hp_gain":0,"max_hp_loss":0,"event_name":"Living Wall","floor":2,"gold_loss":0},{"damage_healed":0,"gold_gain":0,"player_choice":"Leave","damage_taken":0,"max_hp_gain":0,"max_hp_loss":0,"event_name":"The Cleric","floor":3,"gold_loss":0},{"damage_healed":0,"gold_gain":0,"player_choice":"0 cards matched","damage_taken":0,"max_hp_gain":0,"max_hp_loss":0,"event_name":"Match and Keep!","floor":5,"gold_loss":0,"cards_obtained":[]},{"damage_healed":0,"gold_gain":0,"player_choice":"Donut","damage_taken":0,"max_hp_gain":5,"max_hp_loss":0,"event_name":"Big Fish","floor":14,"gold_loss":0},{"damage_healed":0,"gold_gain":0,"player_choice":"Obtained Book","damage_taken":16,"max_hp_gain":0,"max_hp_loss":0,"event_name":"Cursed Tome","floor":19,"gold_loss":0},{"damage_healed":0,"gold_gain":0,"player_choice":"2 cards matched","damage_taken":0,"max_hp_gain":0,"max_hp_loss":0,"event_name":"Match and Keep!","floor":21,"gold_loss":0,"cards_obtained":["Zap","Dramatic Entrance"]},{"damage_healed":0,"gold_gain":0,"player_choice":"Ignored","damage_taken":0,"max_hp_gain":0,"max_hp_loss":0,"event_name":"Tomb of Lord Red Mask","floor":36,"gold_loss":0},{"damage_healed":0,"gold_gain":0,"player_choice":"Max HP","damage_taken":0,"max_hp_gain":0,"max_hp_loss":5,"event_name":"Winding Halls","floor":37,"gold_loss":0},{"damage_healed":0,"gold_gain":0,"player_choice":"Fight","damage_taken":0,"max_hp_gain":0,"max_hp_loss":0,"event_name":"MindBloom","floor":45,"gold_loss":0},{"damage_healed":0,"gold_gain":0,"cards_transformed":["Defend_B"],"player_choice":"Transformed","damage_taken":0,"max_hp_gain":0,"max_hp_loss":0,"event_name":"Transmorgrifier","floor":48,"gold_loss":0,"cards_obtained":["Genetic Algorithm"]}],"is_beta":true,"boss_relics":[{"not_picked":["Nuclear Battery","Black Star"],"picked":"Philosopher\u0027s Stone"},{"not_picked":["FrozenCore","Velvet Choker"],"picked":"Fusion Hammer"}],"items_purged_floors":[20],"is_endless":false,"potions_floor_spawned":[7,12,16,22,25,39,47],"ascension_level":5}