{"gold_per_floor":[115,133,2,77,96,96,107,107,107,126,126,145,165,182,182,279,279,289,306,306,316,327,327],"floor_reached":23,"playtime":767,"items_purged":[],"score":189,"play_id":"e8103903-02f3-4a31-a207-938377654187","local_time":"20190214144858","is_ascension_mode":false,"campfire_choices":[{"data":"Turbo","floor":6,"key":"SMITH"},{"data":"Zap","floor":11,"key":"SMITH"},{"floor":15,"key":"REST"}],"neow_cost":"NONE","seed_source_timestamp":156273379858377,"circlet_count":0,"master_deck":["Strike_B","Strike_B","Strike_B","Defend_B","Defend_B","Defend_B","Defend_B","Zap+1","Dualcast","Sweeping Beam","Ball Lightning","FTL","Doom and Gloom","Turbo+1","Cold Snap","Cold Snap","Barrage","Loop","Glacier","Electrodynamics","Compile Driver","Cold Snap","Loop","Coolheaded"],"relics":["FrozenCore"],"potions_floor_usage":[16,18,19,21,22],"damage_taken":[{"damage":10,"enemies":"Small Slimes","floor":1,"turns":2},{"damage":1,"enemies":"Cultist","floor":2,"turns":3},{"damage":4,"enemies":"2 Louse","floor":5,"turns":2},{"damage":2,"enemies":"2 Fungi Beasts","floor":7,"turns":2},{"damage":0,"enemies":"Large Slime","floor":10,"turns":3},{"damage":14,"enemies":"Gremlin Gang","floor":12,"turns":3},{"damage":5,"enemies":"3 Louse","floor":13,"turns":2},{"damage":1,"enemies":"2 Fungi Beasts","floor":14,"turns":2},{"damage":23,"enemies":"The Guardian","floor":16,"turns":12},{"damage":19,"enemies":"Shell Parasite","floor":18,"turns":6},{"damage":14,"enemies":"2 Thieves","floor":19,"turns":4},{"damage":12,"enemies":"Shelled Parasite and Fungi","floor":21,"turns":5},{"damage":19,"enemies":"Snecko","floor":22,"turns":6},{"damage":13,"enemies":"Centurion and Healer","floor":23,"turns":5}],"seed_played":"-7759086286280913149","potions_obtained":[{"floor":1,"key":"LiquidBronze"},{"floor":13,"key":"SneckoOil"},{"floor":14,"key":"SpeedPotion"},{"floor":16,"key":"Poison Potion"},{"floor":19,"key":"GamblersBrew"}],"is_trial":false,"path_per_floor":["M","M","$","?","M","R","M","?","T","M","R","M","M","M","R","B",null,"M","M","?","M","M","M"],"character_chosen":"DEFECT","items_purchased":["Doom and Gloom","Turbo"],"campfire_rested":1,"item_purchase_floors":[3,3],"current_hp_per_floor":[65,64,64,57,53,53,51,51,51,51,51,37,32,31,53,30,75,56,42,42,30,11,0],"gold":327,"neow_bonus":"TRANSFORM_CARD","is_prod":false,"is_daily":false,"chose_seed":false,"campfire_upgraded":2,"win_rate":0,"timestamp":1550180938,"path_taken":["M","M","$","?","?","R","?","?","T","M","R","M","M","M","R","BOSS","M","M","?","M","M","M"],"build_version":"2019-01-23","purchased_purges":0,"victory":false,"max_hp_per_floor":[75,75,75,75,75,75,75,75,75,75,75,75,75,75,75,75,75,75,75,75,75,75,75],"card_choices":[{"not_picked":["Chaos","Storm"],"picked":"Ball Lightning","floor":1},{"not_picked":["Tempest","Stack"],"picked":"FTL","floor":2},{"not_picked":["Hello World","Reinforced Body","Streamline"],"picked":"SKIP","floor":5},{"not_picked":["Hologram","Gash"],"picked":"Cold Snap","floor":7},{"not_picked":["Scrape","Compile Driver"],"picked":"Cold Snap","floor":10},{"not_picked":["Rebound","Tempest"],"picked":"Barrage","floor":12},{"not_picked":["Reboot","Stack"],"picked":"Loop","floor":13},{"not_picked":["Conserve Battery","Leap"],"picked":"Glacier","floor":14},{"not_picked":["Rainbow","Echo Form"],"picked":"Electrodynamics","floor":16},{"not_picked":["Turbo","Gash"],"picked":"Compile Driver","floor":18},{"not_picked":["Steam Power","Force Field"],"picked":"Cold Snap","floor":19},{"not_picked":["Go for the Eyes+1","Steam"],"picked":"Loop","floor":21},{"not_picked":["Go for the Eyes","Sweeping Beam"],"picked":"Coolheaded","floor":22}],"player_experience":1475325,"relics_obtained":[],"event_choices":[{"damage_healed":0,"gold_gain":75,"player_choice":"Touch","damage_taken":7,"max_hp_gain":0,"max_hp_loss":0,"event_name":"FaceTrader","floor":4,"gold_loss":0},{"damage_healed":0,"gold_gain":0,"player_choice":"Fled","damage_taken":0,"max_hp_gain":0,"max_hp_loss":0,"event_name":"Scrap Ooze","floor":8,"gold_loss":0}],"is_beta":false,"boss_relics":[{"not_picked":["Black Star","Lizard Tail"],"picked":"FrozenCore"}],"items_purged_floors":[],"is_endless":false,"potions_floor_spawned":[1,13,14,16,19],"killed_by":"Centurion and Healer","ascension_level":0}