{"gold_per_floor":[109,128,128,144,156,156,168,199,222,222,237,89,121,134,134,235,235,253,268,285,145,165,165],"floor_reached":23,"playtime":1165,"items_purged":["Forethought","Strike_B"],"score":259,"play_id":"9342a5c0-68d3-497d-89a7-3f8e2846c62c","local_time":"20190318234150","is_ascension_mode":true,"campfire_choices":[{"data":"Zap","floor":6,"key":"SMITH"},{"floor":10,"key":"REST"},{"floor":15,"key":"REST"}],"neow_cost":"NONE","seed_source_timestamp":259659812226367,"circlet_count":0,"master_deck":["Strike_B","Strike_B","Strike_B","Defend_B","Defend_B","Defend_B","Zap+1","Dualcast","Melter","Self Repair","Conserve Battery","FTL","Ball Lightning","Rainbow","Sweeping Beam","Self Repair+1","Compile Driver+1","FTL","Genetic Algorithm"],"relics":["Cracked Core","Happy Flower","Bronze Scales","Boot","Black Star"],"potions_floor_usage":[13,18],"damage_taken":[{"damage":2,"enemies":"Jaw Worm","floor":1,"turns":3},{"damage":1,"enemies":"Cultist","floor":2,"turns":4},{"damage":8,"enemies":"Small Slimes","floor":4,"turns":3},{"damage":7,"enemies":"Looter","floor":5,"turns":3},{"damage":7,"enemies":"2 Fungi Beasts","floor":7,"turns":3},{"damage":41,"enemies":"3 Sentries","floor":8,"turns":8},{"damage":21,"enemies":"Lots of Slimes","floor":11,"turns":4},{"damage":23,"enemies":"Lagavulin","floor":13,"turns":6},{"damage":0,"enemies":"Large Slime","floor":14,"turns":3},{"damage":37,"enemies":"Hexaghost","floor":16,"turns":8},{"damage":7,"enemies":"Chosen","floor":18,"turns":4},{"damage":0,"enemies":"3 Byrds","floor":19,"turns":3},{"damage":31,"enemies":"Cultist and Chosen","floor":20,"turns":6},{"damage":50,"enemies":"Snecko","floor":22,"turns":5},{"damage":20,"enemies":"Slavers","floor":23,"turns":1}],"seed_played":"3721849321052667105","potions_obtained":[{"floor":1,"key":"Poison Potion"},{"floor":2,"key":"Energy Potion"},{"floor":5,"key":"SkillPotion"},{"floor":14,"key":"Poison Potion"}],"is_trial":false,"path_per_floor":["?"],"character_chosen":"DEFECT","items_purchased":["FTL","FTL"],"campfire_rested":2,"item_purchase_floors":[12,21],"current_hp_per_floor":[73,72,72,64,57,57,57,23,23,45,31,31,15,22,44,14,60,60,67,53,53,20,0],"gold":165,"neow_bonus":"RANDOM_COLORLESS","is_prod":false,"is_daily":false,"chose_seed":false,"campfire_upgraded":1,"win_rate":0,"timestamp":1552966910,"path_taken":["M","M","?","M","M","R","M","E","T","R","M","$","E","M","R","BOSS","M","M","M","$","M","E"],"build_version":"2019-01-23","purchased_purges":2,"victory":false,"max_hp_per_floor":[75,75,75,75,75,75,75,75,75,75,75,75,75,75,75,75,75,75,75,75,75,75,75],"card_choices":[{"not_picked":["Skim","Double Energy","Heatsinks"],"picked":"SKIP","floor":1},{"not_picked":["Hello World","Static Discharge"],"picked":"Melter","floor":2},{"not_picked":["Rebound","Reinforced Body","Turbo"],"picked":"SKIP","floor":4},{"not_picked":["Gash","Scrape"],"picked":"Self Repair","floor":5},{"not_picked":["Leap","Steam"],"picked":"Conserve Battery","floor":7},{"not_picked":["Barrage","Rebound","Consume"],"picked":"SKIP","floor":8},{"not_picked":["Beam Cell","Barrage","Machine Learning"],"picked":"SKIP","floor":11},{"not_picked":["Conserve Battery","Aggregate"],"picked":"Ball Lightning","floor":13},{"not_picked":["Auto Shields","Barrage","Tempest"],"picked":"SKIP","floor":14},{"not_picked":["Reboot","Machine Learning"],"picked":"Rainbow","floor":16},{"not_picked":["Blizzard+1","Barrage"],"picked":"Sweeping Beam","floor":18},{"not_picked":["Lockon","Conserve Battery"],"picked":"Self Repair+1","floor":19},{"not_picked":["Double Energy","Gash"],"picked":"Compile Driver+1","floor":20},{"not_picked":["Auto Shields","Compile Driver"],"picked":"Genetic Algorithm","floor":22}],"player_experience":781131,"relics_obtained":[{"floor":8,"key":"Happy Flower"},{"floor":9,"key":"Bronze Scales"},{"floor":13,"key":"Boot"}],"event_choices":[{"cards_removed":["Defend_B"],"damage_healed":0,"gold_gain":0,"player_choice":"Offered Basic","damage_taken":0,"max_hp_gain":0,"max_hp_loss":0,"event_name":"Bonfire Elementals","floor":3,"gold_loss":0}],"is_beta":false,"boss_relics":[{"not_picked":["Busted Crown","Snecko Eye"],"picked":"Black Star"}],"items_purged_floors":[12,21],"is_endless":false,"potions_floor_spawned":[1,2,5,7,14,16],"killed_by":"Slavers","ascension_level":5}