{"gold_per_floor":[110,110,110,35,51,51,78,78,152,162,172,172,172,24,24,123,123,136,136,46,56,56,56,82,97,97,114,147,166,166,182,182,283,283,298,308,308,308],"floor_reached":39,"playtime":1342,"items_purged":["Strike_B","Defend_B"],"score":790,"play_id":"1056672e-b050-4a13-ad0b-701e8cd22662","local_time":"20181229025447","is_ascension_mode":true,"campfire_choices":[{"data":"Hologram","floor":6,"key":"SMITH"},{"data":"Redo","floor":8,"key":"SMITH"},{"data":"Zap","floor":13,"key":"SMITH"},{"data":"Ball Lightning","floor":15,"key":"SMITH"},{"data":"Dualcast","floor":23,"key":"SMITH"},{"data":"Self Repair","floor":30,"key":"SMITH"},{"floor":32,"key":"REST"}],"neow_cost":"NONE","seed_source_timestamp":35051812973013,"circlet_count":0,"master_deck":["Defend_B+1","Defend_B","Defend_B","Zap+1","Dualcast+1","Conserve Battery","Hologram+1","Redo+1","Ball Lightning+1","Reboot+1","Reinforced Body+1","Self Repair+1","Defragment+1","Rainbow+1","Chaos+1","Hologram+1","Reinforced Body+1","Multi-Cast+1","Loop","Cold Snap+1"],"relics":["Cracked Core","Bottled Lightning","Ornamental Fan","Toxic Egg 2","Runic Dome","Unceasing Top","Letter Opener","Matryoshka","Philosopher\u0027s Stone"],"potions_floor_usage":[7,24,27,28,28,35],"damage_taken":[{"damage":4,"enemies":"Small Slimes","floor":1,"turns":4},{"damage":2,"enemies":"Jaw Worm","floor":5,"turns":3},{"damage":37,"enemies":"Lagavulin","floor":7,"turns":9},{"damage":0,"enemies":"Cultist","floor":10,"turns":4},{"damage":9,"enemies":"Exordium Thugs","floor":11,"turns":3},{"damage":9,"enemies":"The Guardian","floor":16,"turns":10},{"damage":0,"enemies":"Spheric Guardian","floor":18,"turns":3},{"damage":0,"enemies":"2 Thieves","floor":21,"turns":4},{"damage":30,"enemies":"Slavers","floor":24,"turns":6},{"damage":12,"enemies":"Snake Plant","floor":25,"turns":3},{"damage":9,"enemies":"Centurion and Healer","floor":27,"turns":3},{"damage":14,"enemies":"Gremlin Leader","floor":28,"turns":4},{"damage":3,"enemies":"Shelled Parasite and Fungi","floor":29,"turns":3},{"damage":2,"enemies":"Chosen and Byrds","floor":31,"turns":3},{"damage":16,"enemies":"Collector","floor":33,"turns":11},{"damage":8,"enemies":"Orb Walker","floor":35,"turns":3},{"damage":8,"enemies":"3 Shapes","floor":36,"turns":2},{"damage":24,"enemies":"Time Eater","floor":38,"turns":8}],"seed_played":"129108042980532152","potions_obtained":[{"floor":5,"key":"Regen Potion"},{"floor":11,"key":"Energy Potion"},{"floor":16,"key":"Block Potion"},{"floor":24,"key":"SneckoOil"},{"floor":27,"key":"Dexterity Potion"},{"floor":29,"key":"SkillPotion"},{"floor":33,"key":"Block Potion"},{"floor":36,"key":"SkillPotion"}],"is_trial":false,"path_per_floor":["M","?","?","$","M","R","E","R","T","M","M","T","R","$","R","B",null,"M","?","?","M","?","R","E","M","T","M","E","M","R","M","R","B",null,"M","M","?","B",null],"character_chosen":"DEFECT","items_purchased":["Dexterity Potion"],"campfire_rested":1,"item_purchase_floors":[14],"current_hp_per_floor":[64,64,69,69,67,67,44,44,44,44,35,35,35,35,35,26,67,67,67,67,67,67,67,44,39,39,37,30,34,34,42,66,60,75,77,69,69,55],"gold":308,"neow_bonus":"REMOVE_CARD","is_prod":false,"is_daily":false,"chose_seed":false,"campfire_upgraded":6,"win_rate":0,"timestamp":1546070087,"path_taken":["M","?","?","?","M","R","E","R","T","M","?","?","R","$","R","BOSS","M","?","?","?","?","R","E","M","T","?","E","M","R","M","R","BOSS","M","M","?","BOSS"],"build_version":"2018-12-25","purchased_purges":2,"victory":true,"max_hp_per_floor":[75,75,80,80,80,80,80,80,80,80,80,80,80,80,80,80,80,80,80,80,80,80,80,80,80,80,80,80,80,80,80,80,80,80,80,80,80,80],"card_choices":[{"not_picked":["Go for the Eyes","Chaos"],"picked":"Conserve Battery","floor":1},{"not_picked":["Stack","Steam Power"],"picked":"Hologram","floor":5},{"not_picked":["Conserve Battery","Hello World"],"picked":"Redo","floor":7},{"not_picked":["Amplify","Cold Snap"],"picked":"Ball Lightning","floor":10},{"not_picked":["Rebound","Go for the Eyes","Ball Lightning"],"picked":"SKIP","floor":11},{"not_picked":["Meteor Strike","Machine Learning"],"picked":"Reboot+1","floor":16},{"not_picked":["Redo+1","Go for the Eyes"],"picked":"Reinforced Body+1","floor":18},{"not_picked":["Streamline+1","Stack+1"],"picked":"Self Repair","floor":21},{"not_picked":["Hello World","Compile Driver"],"picked":"Defragment+1","floor":24},{"not_picked":["Go for the Eyes","Steam+1"],"picked":"Rainbow+1","floor":25},{"not_picked":["Self Repair","Ball Lightning+1"],"picked":"Chaos+1","floor":27},{"not_picked":["Gash","Go for the Eyes"],"picked":"Hologram+1","floor":28},{"not_picked":["Cold Snap","Hologram+1","Steam+1"],"picked":"SKIP","floor":29},{"not_picked":["Sweeping Beam","Go for the Eyes"],"picked":"Reinforced Body+1","floor":31},{"not_picked":["Buffer","All For One"],"picked":"Multi-Cast+1","floor":33},{"not_picked":["Cold Snap","Blizzard"],"picked":"Loop","floor":35},{"not_picked":["Force Field+1","Stack+1"],"picked":"Cold Snap+1","floor":36}],"player_experience":486436,"relics_obtained":[{"floor":7,"key":"Bottled Lightning"},{"floor":9,"key":"Ornamental Fan"},{"floor":12,"key":"Toxic Egg 2"},{"floor":24,"key":"Unceasing Top"},{"floor":26,"key":"Letter Opener"},{"floor":28,"key":"Matryoshka"}],"event_choices":[{"cards_removed":["Strike_B"],"damage_healed":0,"gold_gain":0,"player_choice":"Forget","damage_taken":0,"max_hp_gain":0,"max_hp_loss":0,"event_name":"Living Wall","floor":2,"gold_loss":0},{"damage_healed":0,"gold_gain":0,"player_choice":"Donut","damage_taken":0,"max_hp_gain":5,"max_hp_loss":0,"event_name":"Big Fish","floor":3,"gold_loss":0},{"damage_healed":0,"gold_gain":0,"player_choice":"Ignored","damage_taken":0,"max_hp_gain":0,"max_hp_loss":0,"event_name":"Vampires","floor":19,"gold_loss":0},{"cards_removed":["Strike_B"],"damage_healed":0,"gold_gain":0,"player_choice":"Upgrade and Remove","damage_taken":0,"max_hp_gain":0,"max_hp_loss":0,"event_name":"Designer","floor":20,"gold_loss":90,"cards_upgraded":["Defend_B"]},{"damage_healed":0,"gold_gain":0,"player_choice":"Ignored","damage_taken":0,"max_hp_gain":0,"max_hp_loss":0,"event_name":"N\u0027loth","floor":22,"gold_loss":0},{"damage_healed":0,"gold_gain":0,"player_choice":"Took Portal","damage_taken":0,"max_hp_gain":0,"max_hp_loss":0,"event_name":"SecretPortal","floor":37,"gold_loss":0}],"is_beta":true,"boss_relics":[{"not_picked":["Nuclear Battery","Lizard Tail"],"picked":"Runic Dome"},{"not_picked":["FrozenCore","Black Star"],"picked":"Philosopher\u0027s Stone"}],"items_purged_floors":[4,14],"is_endless":false,"potions_floor_spawned":[5,11,16,24,25,27,29,33,36],"ascension_level":6}