{"gold_per_floor":[112,42,42,60,81,114,114,139,165,165,165,203,203,203,203,323,323,338,322,8,8,8],"floor_reached":22,"playtime":1422,"items_purged":[],"score":221,"play_id":"78cf60be-9c5c-4c09-9788-5ebcda0b9977","local_time":"20190204140657","is_ascension_mode":true,"campfire_choices":[{"data":"Zap","floor":7,"key":"SMITH"},{"floor":10,"key":"REST"},{"data":"Self Repair","floor":13,"key":"SMITH"},{"data":"Rebound","floor":15,"key":"SMITH"}],"neow_cost":"NONE","seed_source_timestamp":572892481819003,"circlet_count":0,"master_deck":["Strike_B","Strike_B","Strike_B","Defend_B","Defend_B","Defend_B","Defend_B","Zap+1","Dualcast","Purity","Melter","Self Repair+1","Rebound+1","Hologram","Beam Cell","Injury","Pain","Decay","Beam Cell","Loop"],"relics":["Cracked Core","Golden Idol","Happy Flower","PreservedInsect","Regal Pillow","Calling Bell","Dream Catcher","Gremlin Horn","StoneCalendar","Unceasing Top"],"potions_floor_usage":[6,16],"damage_taken":[{"damage":17,"enemies":"Cultist","floor":1,"turns":6},{"damage":0,"enemies":"Small Slimes","floor":4,"turns":3},{"damage":2,"enemies":"2 Louse","floor":5,"turns":3},{"damage":30,"enemies":"Gremlin Nob","floor":6,"turns":5},{"damage":1,"enemies":"Looter","floor":8,"turns":2},{"damage":20,"enemies":"3 Sentries","floor":12,"turns":6},{"damage":43,"enemies":"Slime Boss","floor":16,"turns":9},{"damage":46,"enemies":"Shell Parasite","floor":18,"turns":5},{"damage":30,"enemies":"2 Thieves","floor":19,"turns":4},{"damage":16,"enemies":"3 Cultists","floor":22,"turns":2}],"seed_played":"-3755663647046149894","potions_obtained":[{"floor":4,"key":"Block Potion"},{"floor":6,"key":"LiquidBronze"},{"floor":12,"key":"Fire Potion"}],"is_trial":false,"path_per_floor":["?","?","?","?"],"character_chosen":"DEFECT","items_purchased":["Self Repair","Unceasing Top"],"campfire_rested":1,"item_purchase_floors":[2,20],"current_hp_per_floor":[58,58,58,58,63,33,33,32,32,52,52,39,39,62,62,19,69,33,13,13,13,0],"gold":8,"neow_bonus":"RANDOM_COLORLESS","is_prod":false,"is_daily":false,"chose_seed":false,"campfire_upgraded":3,"win_rate":0,"timestamp":1549307217,"path_taken":["M","$","?","M","M","E","R","M","T","R","?","E","R","?","R","BOSS","M","M","$","?","M"],"build_version":"2019-01-23","purchased_purges":0,"victory":false,"max_hp_per_floor":[75,75,69,69,69,69,69,69,69,69,69,69,69,69,69,69,69,69,69,69,69,69],"card_choices":[{"not_picked":["Coolheaded","Chaos"],"picked":"Melter","floor":1},{"not_picked":["Redo","Coolheaded","Tempest"],"picked":"SKIP","floor":4},{"not_picked":["BootSequence","Reprogram","Storm"],"picked":"SKIP","floor":5},{"not_picked":["Redo","Beam Cell"],"picked":"Rebound","floor":6},{"not_picked":["Leap","Turbo"],"picked":"Hologram","floor":8},{"not_picked":["Coolheaded","Glacier"],"picked":"Beam Cell","floor":12},{"not_picked":["Chill+1","Cold Snap+1"],"picked":"Beam Cell","floor":18},{"not_picked":["Skim","Tempest"],"picked":"Loop","floor":19}],"player_experience":220958,"relics_obtained":[{"floor":6,"key":"Happy Flower"},{"floor":9,"key":"PreservedInsect"},{"floor":12,"key":"Regal Pillow"},{"floor":17,"key":"Dream Catcher"},{"floor":17,"key":"Gremlin Horn"},{"floor":17,"key":"StoneCalendar"}],"event_choices":[{"damage_healed":0,"gold_gain":0,"player_choice":"Lose Max HP","damage_taken":0,"relics_obtained":["Golden Idol"],"max_hp_gain":0,"max_hp_loss":6,"event_name":"Golden Idol","floor":3,"gold_loss":0},{"damage_healed":0,"gold_gain":0,"player_choice":"Ignored","damage_taken":0,"max_hp_gain":0,"max_hp_loss":0,"event_name":"Liars Game","floor":11,"gold_loss":0},{"damage_healed":23,"gold_gain":0,"player_choice":"Banana","damage_taken":0,"max_hp_gain":0,"max_hp_loss":0,"event_name":"Big Fish","floor":14,"gold_loss":0},{"cards_removed":["Strike_B"],"damage_healed":0,"gold_gain":0,"player_choice":"Purged","damage_taken":0,"max_hp_gain":0,"max_hp_loss":0,"event_name":"Purifier","floor":21,"gold_loss":0}],"is_beta":false,"boss_relics":[{"not_picked":["Eternal Feather","Fusion Hammer"],"picked":"Calling Bell"}],"items_purged_floors":[],"is_endless":false,"potions_floor_spawned":[4,6,12],"killed_by":"3 Cultists","ascension_level":3}