{"path_per_floor":["M","M","?","M","?","E","M","R","T","M","M","R","E","M","R","B",null,"M","?","M","T","M","R","$","R","T","R","M","M","R","M","R","B",null,"M","?","M","M","M","R","?","?","T","R","M","R","M","M","R"],"character_chosen":"IRONCLAD","items_purchased":["Thread and Needle","Battle Trance"],"gold_per_floor":[112,132,132,144,94,124,144,144,144,161,173,173,201,217,217,314,314,330,330,298,376,392,392,57,57,141,141,159,178,178,193,193,296,296,313,358,377,396,406,406,406,406,706,706,720,720,733,745,745],"floor_reached":50,"campfire_rested":4,"playtime":6933,"current_hp_per_floor":[80,80,80,79,79,66,67,67,67,69,65,65,68,74,74,45,80,73,73,41,41,23,47,47,71,71,71,57,46,46,39,63,53,80,74,50,56,52,45,45,35,70,70,70,64,64,53,45,66],"items_purged":[],"gold":745,"score":485,"play_id":"d6564baf-df24-42ae-9a37-0ed1da6de60d","is_prod":false,"is_daily":false,"is_ascension_mode":false,"campfire_upgraded":8,"path_taken":["M","M","?","M","?","E","M","R","T","?","M","R","E","M","R","BOSS","M","?","?","?","M","R","$","R","T","R","M","M","R","M","R","BOSS","M","?","M","M","M","R","?","?","T","R","M","R","?","M","R","BOSS"],"build_version":"2018-02-15-PROD1","purchased_purges":0,"victory":false,"master_deck":["Strike_R","Strike_R","Strike_R","Strike_R","Defend_R","Defend_R","Defend_R","Defend_R","Bash","Demon Form+1","Pommel Strike+1","Wild Strike","Thunderclap","Second Wind","Power Through+1","Shrug It Off","Evolve+1","Intimidate","Seeing Red+1","Limit Break+1","Heavy Blade+1","Battle Trance","Thunderclap","Pommel Strike+1","Heavy Blade","Immolate","Impervious","Flex","Seeing Red+1","Intimidate+1","Wild Strike+1","Madness+1","Madness+1","Parasite","Wild Strike+1","Pommel Strike+1","Disarm+1"],"max_hp_per_floor":[80,80,80,80,80,80,80,80,80,80,80,80,80,80,80,80,80,80,80,80,80,80,80,80,80,80,80,80,80,80,80,80,80,80,80,80,80,80,80,80,80,70,70,70,70,70,70,70,70],"relics":["Burning Blood","Bag of Marbles","Dream Catcher","Oddly Smooth Stone","Lizard Tail","Kunai","Thread and Needle","Tiny Chest","Cursed Key","Ginger","Old Coin"],"card_choices":[{"not_picked":["Sword Boomerang","Body Slam"],"picked":"Pommel Strike"},{"not_picked":["Metallicize","Carnage"],"picked":"Wild Strike"},{"not_picked":["True Grit","Hemokinesis"],"picked":"Thunderclap"},{"not_picked":["Exhume","Clothesline"],"picked":"Second Wind"},{"not_picked":["True Grit","Flex"],"picked":"Power Through"},{"not_picked":["Body Slam","Perfected Strike"],"picked":"Shrug It Off"},{"not_picked":["Carnage","Headbutt"],"picked":"Evolve"},{"not_picked":["Iron Wave","Havoc"],"picked":"Intimidate"},{"not_picked":["Wild Strike","Thunderclap"],"picked":"Seeing Red"},{"not_picked":["Impervious","Juggernaut"],"picked":"Limit Break"},{"not_picked":["Havoc","Rage"],"picked":"Heavy Blade"},{"not_picked":["Perfected Strike","Infernal Blade"],"picked":"Thunderclap"},{"not_picked":["Heavy Blade","Clothesline"],"picked":"Pommel Strike"},{"not_picked":["Clothesline","Clash"],"picked":"Heavy Blade"},{"not_picked":["True Grit","Armaments"],"picked":"Immolate"},{"not_picked":["Juggernaut","Brutality"],"picked":"Impervious"},{"not_picked":["Fire Breathing","Pommel Strike"],"picked":"Flex"},{"not_picked":["Dropkick","Headbutt"],"picked":"Seeing Red"},{"not_picked":["Rupture","Sever Soul"],"picked":"Intimidate"},{"not_picked":["Heavy Blade","Second Wind"],"picked":"Wild Strike"},{"not_picked":["Iron Wave","Flex"],"picked":"Wild Strike"},{"not_picked":["Havoc","Corruption"],"picked":"Pommel Strike"},{"not_picked":["Rampage","Sword Boomerang"],"picked":"Disarm"}],"player_experience":136142,"potions_floor_usage":[6,22,29,31,31,36,38,47,48,50],"damage_taken":[{"damage":0,"enemies":"Small Slimes","floor":1,"turns":4},{"damage":0,"enemies":"Cultist","floor":2,"turns":2},{"damage":7,"enemies":"2 Louse","floor":4,"turns":2},{"damage":19,"enemies":"3 Sentries","floor":6,"turns":6},{"damage":5,"enemies":"Looter","floor":7,"turns":3},{"damage":4,"enemies":"Blue Slaver","floor":10,"turns":4},{"damage":10,"enemies":"Exordium Thugs","floor":11,"turns":5},{"damage":3,"enemies":"Lagavulin","floor":13,"turns":5},{"damage":0,"enemies":"Large Slime","floor":14,"turns":5},{"damage":35,"enemies":"Slime Boss","floor":16,"turns":7},{"damage":13,"enemies":"Chosen","floor":18,"turns":7},{"damage":38,"enemies":"2 Thieves","floor":20,"turns":5},{"damage":24,"enemies":"Snake Plant","floor":22,"turns":5},{"damage":20,"enemies":"Centurion and Healer","floor":28,"turns":7},{"damage":17,"enemies":"Snecko","floor":29,"turns":5},{"damage":13,"enemies":"Sentry and Sphere","floor":31,"turns":5},{"damage":16,"enemies":"Champ","floor":33,"turns":9},{"damage":12,"enemies":"3 Shapes","floor":35,"turns":7},{"damage":30,"enemies":"Mysterious Sphere","floor":36,"turns":6},{"damage":0,"enemies":"Orb Walker","floor":37,"turns":3},{"damage":10,"enemies":"3 Darklings","floor":38,"turns":4},{"damage":13,"enemies":"Maw","floor":39,"turns":5},{"damage":12,"enemies":"4 Shapes","floor":45,"turns":6},{"damage":17,"enemies":"Sphere and 2 Shapes","floor":47,"turns":6},{"damage":14,"enemies":"3 Darklings","floor":48,"turns":7},{"damage":111,"enemies":"Donu and Deca","floor":50,"turns":7}],"event_choices":[{"event_name":"The Lab","player_choice":"Got Potions","floor":3,"damage_taken":0},{"event_name":"The Cleric","player_choice":"Card Removal","floor":5,"damage_taken":0},{"event_name":"Vampires","player_choice":"Ignored","floor":19,"damage_taken":0},{"event_name":"Mysterious Sphere","player_choice":"Fight","floor":36,"damage_taken":0},{"event_name":"Winding Halls","player_choice":"Embrace Madness","floor":41,"damage_taken":0},{"event_name":"The Moai Head","player_choice":"Heal","floor":42,"damage_taken":0}],"boss_relics":[{"not_picked":["Astrolabe","Snecko Eye"],"picked":"Lizard Tail"},{"not_picked":["Runic Dome","Tiny House"],"picked":"Cursed Key"}],"potions_floor_spawned":[4,10,11,13,14,28,29,33,37,39,45],"seed_played":"-6397417455668877331","killed_by":"Donu and Deca","ascension_level":0,"is_trial":false}