{"gold_per_floor":[118,118,23,43,43,381,21,54,54,77,92,117,117,130,130,254,254,245,265,364,51,94,94,94],"floor_reached":24,"playtime":3602,"items_purged":[],"score":263,"play_id":"ed64a933-edec-4b73-ab6d-2cade9dde1fe","local_time":"20190131135708","is_ascension_mode":true,"campfire_choices":[{"floor":15,"key":"REST"},{"floor":23,"key":"REST"}],"neow_cost":"NONE","seed_source_timestamp":64057509378922,"circlet_count":0,"master_deck":["Strike_R","Strike_R","Strike_R","Strike_R","Strike_R","Defend_R","Defend_R","Defend_R","Defend_R","Bash","Anger+1","Injury","Dramatic Entrance","Perfected Strike","Cleave","Metallicize","Rampage+1","Body Slam","Entrench","Second Wind","Juggernaut","Power Through","Body Slam","Perfected Strike","Sentinel","Armaments","Anger+1","Iron Wave","The Bomb","Anger"],"relics":["Burning Blood","NeowsBlessing","Golden Idol","Old Coin","Happy Flower","Strawberry","Pantograph","Dodecahedron","Ancient Tea Set","Orrery","Pen Nib","Red Mask"],"potions_floor_usage":[16,16,22,24],"damage_taken":[{"damage":0,"enemies":"Jaw Worm","floor":1,"turns":1},{"damage":0,"enemies":"2 Louse","floor":4,"turns":1},{"damage":0,"enemies":"3 Sentries","floor":6,"turns":1},{"damage":34,"enemies":"Gremlin Nob","floor":8,"turns":5},{"damage":5,"enemies":"Small Slimes","floor":10,"turns":2},{"damage":15,"enemies":"Exordium Wildlife","floor":11,"turns":3},{"damage":18,"enemies":"3 Louse","floor":14,"turns":2},{"damage":30,"enemies":"Slime Boss","floor":16,"turns":8},{"damage":22,"enemies":"2 Thieves","floor":18,"turns":4},{"damage":12,"enemies":"Chosen","floor":19,"turns":6},{"damage":44,"enemies":"Masked Bandits","floor":22,"turns":4},{"damage":79,"enemies":"Gremlin Leader","floor":24,"turns":6}],"seed_played":"-6774501179200121416","potions_obtained":[{"floor":4,"key":"Fire Potion"},{"floor":8,"key":"Dexterity Potion"},{"floor":10,"key":"FairyPotion"},{"floor":11,"key":"FearPotion"},{"floor":16,"key":"Poison Potion"},{"floor":18,"key":"Ancient Potion"}],"is_trial":false,"path_per_floor":["M","?","$","M","?","E","$","E","T","M","M","T","?","M","R","B",null,"M","M","?","$","?","R","E"],"character_chosen":"IRONCLAD","items_purchased":["Dramatic Entrance","Happy Flower","Strawberry","Metallicize","The Bomb","Pen Nib"],"campfire_rested":2,"item_purchase_floors":[3,7,7,7,21,21],"current_hp_per_floor":[80,80,80,80,85,85,92,64,64,65,56,56,38,26,53,54,92,76,70,70,70,32,59,0],"gold":94,"neow_bonus":"THREE_ENEMY_KILL","is_prod":false,"is_daily":false,"chose_seed":false,"campfire_upgraded":0,"win_rate":0,"timestamp":1548943028,"path_taken":["M","?","$","M","?","E","$","E","T","M","M","?","?","?","R","BOSS","M","M","?","$","?","R","E"],"build_version":"2019-01-23","purchased_purges":0,"victory":false,"max_hp_per_floor":[80,80,80,80,85,85,92,92,92,92,92,92,92,92,92,92,92,92,92,92,92,92,92,92],"card_choices":[{"not_picked":["Sword Boomerang","Combust"],"picked":"Anger","floor":1},{"not_picked":["Wild Strike","Second Wind"],"picked":"Perfected Strike","floor":4},{"not_picked":["Disarm","Brutality"],"picked":"Cleave","floor":6},{"not_picked":["Rage","True Grit"],"picked":"Rampage","floor":8},{"not_picked":["Cleave","Sword Boomerang"],"picked":"Body Slam","floor":10},{"not_picked":["Body Slam","Thunderclap"],"picked":"Entrench","floor":11},{"not_picked":["Rupture","Flex"],"picked":"Second Wind","floor":14},{"not_picked":["Limit Break","Bludgeon"],"picked":"Juggernaut","floor":16},{"not_picked":["True Grit","Wild Strike"],"picked":"Power Through","floor":17},{"not_picked":["Uppercut","Clothesline"],"picked":"Body Slam","floor":17},{"not_picked":["Clash","Thunderclap"],"picked":"Perfected Strike","floor":17},{"not_picked":["Wild Strike","Pummel"],"picked":"Sentinel","floor":17},{"not_picked":["Cleave","Flex"],"picked":"Armaments","floor":17},{"not_picked":["Seeing Red","Double Tap"],"picked":"Anger+1","floor":18},{"not_picked":["Clash+1","Dual Wield+1"],"picked":"Iron Wave","floor":19},{"not_picked":["Sword Boomerang","Havoc"],"picked":"Anger","floor":22}],"player_experience":107662,"relics_obtained":[{"floor":6,"key":"Old Coin"},{"floor":8,"key":"Pantograph"},{"floor":9,"key":"Dodecahedron"},{"floor":12,"key":"Ancient Tea Set"},{"floor":22,"key":"Red Mask"}],"event_choices":[{"damage_healed":0,"gold_gain":0,"player_choice":"Take Wound","damage_taken":0,"relics_obtained":["Golden Idol"],"max_hp_gain":0,"max_hp_loss":0,"event_name":"Golden Idol","floor":2,"gold_loss":0,"cards_obtained":["Injury"]},{"damage_healed":0,"gold_gain":0,"player_choice":"Donut","damage_taken":0,"max_hp_gain":5,"max_hp_loss":0,"event_name":"Big Fish","floor":5,"gold_loss":0},{"damage_healed":0,"gold_gain":0,"player_choice":"Entered Light","damage_taken":18,"max_hp_gain":0,"max_hp_loss":0,"event_name":"Shining Light","floor":13,"gold_loss":0,"cards_upgraded":["Rampage","Anger"]},{"damage_healed":0,"gold_gain":99,"player_choice":"Stole From Cult","damage_taken":0,"max_hp_gain":0,"max_hp_loss":0,"event_name":"Nest","floor":20,"gold_loss":0},{"damage_healed":0,"gold_gain":0,"player_choice":"Fought Bandits","damage_taken":0,"max_hp_gain":0,"max_hp_loss":0,"event_name":"Masked Bandits","floor":22,"gold_loss":0}],"is_beta":false,"boss_relics":[{"not_picked":["Runic Cube","Runic Dome"],"picked":"Orrery"}],"items_purged_floors":[],"is_endless":false,"potions_floor_spawned":[4,8,10,11,16,18],"killed_by":"Gremlin Leader","ascension_level":3}