{"gold_per_floor":[112,112,123,143,143,143,177,196,246,246,256,256],"floor_reached":12,"playtime":448,"items_purged":[],"score":148,"play_id":"22f85917-e715-467a-be28-7dd7f3454dda","local_time":"20190407132957","is_ascension_mode":true,"campfire_choices":[{"floor":6.0,"key":"REST"},{"floor":10.0,"key":"DIG"}],"neow_cost":"PERCENT_DAMAGE","seed_source_timestamp":726778272935200,"circlet_count":0,"master_deck":["AscendersBane","Strike_B","Strike_B","Strike_B","Strike_B","Defend_B","Defend_B","Defend_B","Defend_B","Zap","Dualcast","Coolheaded","Self Repair+1","Reinforced Body","Melter"],"special_seed":0,"relics":["Cracked Core","Shovel","Shuriken","Bronze Scales","Regal Pillow","Ornamental Fan"],"potions_floor_usage":[],"damage_taken":[{"damage":2.0,"enemies":"Jaw Worm","floor":1.0,"turns":4.0},{"damage":2.0,"enemies":"2 Louse","floor":3.0,"turns":2.0},{"damage":0.0,"enemies":"Cultist","floor":4.0,"turns":3.0},{"damage":30.0,"enemies":"3 Sentries","floor":7.0,"turns":9.0},{"damage":0.0,"enemies":"2 Fungi Beasts","floor":8.0,"turns":4.0},{"damage":13,"enemies":"Gremlin Gang","floor":11,"turns":6},{"damage":17,"enemies":"Lots of Slimes","floor":12,"turns":2}],"seed_played":"-3731291013668014787","potions_obtained":[{"floor":4.0,"key":"Explosive Potion"},{"floor":8.0,"key":"Weak Potion"},{"floor":11,"key":"Ancient Potion"}],"is_trial":false,"path_per_floor":["M","?","M","M","?","R","E","M","T","R","M","M"],"character_chosen":"DEFECT","items_purchased":[],"campfire_rested":1,"item_purchase_floors":[],"current_hp_per_floor":[44,18,16,16,16,37,17,27,27,27,14,0],"gold":256,"neow_bonus":"ONE_RARE_RELIC","is_prod":false,"is_daily":false,"chose_seed":false,"campfire_upgraded":0,"win_rate":0,"timestamp":1554668997,"path_taken":["M","?","M","M","?","R","E","M","T","R","M","M"],"build_version":"2019-01-23","purchased_purges":0,"victory":false,"max_hp_per_floor":[71,71,71,71,71,71,71,71,71,71,71,71],"card_choices":[{"not_picked":["Go for the Eyes","Turbo","Redo"],"picked":"SKIP","floor":1.0},{"not_picked":["Gash","Go for the Eyes"],"picked":"Coolheaded","floor":3.0},{"not_picked":["Storm","Fusion"],"picked":"Self Repair","floor":4.0},{"not_picked":["Doom and Gloom","Consume"],"picked":"Reinforced Body","floor":7.0},{"not_picked":["Ball Lightning","Reprogram"],"picked":"Melter","floor":8.0},{"not_picked":["Streamline","Conserve Battery","Hologram"],"picked":"SKIP","floor":11}],"player_experience":488493,"relics_obtained":[{"floor":7.0,"key":"Bronze Scales"},{"floor":9.0,"key":"Regal Pillow"},{"floor":10.0,"key":"Ornamental Fan"}],"event_choices":[{"damage_healed":0.0,"max_hp_gain":0.0,"max_hp_loss":0.0,"gold_gain":0.0,"event_name":"Scrap Ooze","player_choice":"Success","floor":2.0,"gold_loss":0.0,"damage_taken":26.0,"relics_obtained":["Shuriken"]},{"damage_healed":0.0,"max_hp_gain":0.0,"max_hp_loss":0.0,"gold_gain":0.0,"event_name":"Upgrade Shrine","player_choice":"Upgraded","floor":5.0,"gold_loss":0.0,"damage_taken":0.0,"cards_upgraded":["Self Repair"]}],"is_beta":false,"boss_relics":[],"items_purged_floors":[],"is_endless":false,"potions_floor_spawned":[4,8,11],"killed_by":"Lots of Slimes","ascension_level":17}