{"gold_per_floor":[118,118,142,166,178,190,214,226,320,332,344,376,402,414,426,540,552,580,609,168,83,8,8,21,21],"floor_reached":25,"playtime":892,"items_purged":[],"score":291,"play_id":"0f553a38-56a4-4287-8478-bfc47b9fadad","local_time":"20181030112003","is_ascension_mode":false,"campfire_choices":[{"data":"Searing Blow","floor":6,"key":"SMITH"},{"data":"Searing Blow+1","floor":8,"key":"SMITH"},{"data":"Searing Blow+2","floor":10,"key":"SMITH"},{"floor":15,"key":"REST"},{"floor":23,"key":"REST"}],"neow_cost":"","seed_source_timestamp":0,"circlet_count":0,"master_deck":["Strike_R","Strike_R","Strike_R+1","Strike_R","Defend_R","Defend_R+1","Defend_R","Defend_R","Bash","Searing Blow+3","Battle Trance","Spot Weakness+1","Armaments","Pommel Strike","Reaper","Rupture+1","Shrug It Off","Searing Blow+3","Panacea+1","Rage+1"],"relics":["Burning Blood","Incense Burner","MawBank","Paper Frog","GremlinMask","Runic Cube","DollysMirror","War Paint","StoneCalendar"],"potions_floor_usage":[16,16,19,24,25],"damage_taken":[{"damage":7,"enemies":"Small Slimes","floor":1,"turns":4},{"damage":20,"enemies":"Jaw Worm","floor":4,"turns":3},{"damage":0,"enemies":"2 Louse","floor":7,"turns":2},{"damage":19,"enemies":"Exordium Thugs","floor":12,"turns":6},{"damage":2,"enemies":"Blue Slaver","floor":13,"turns":5},{"damage":43,"enemies":"The Guardian","floor":16,"turns":13},{"damage":17,"enemies":"Chosen","floor":18,"turns":7},{"damage":34,"enemies":"Spheric Guardian","floor":19,"turns":6},{"damage":45,"enemies":"Shelled Parasite and Fungi","floor":24,"turns":6},{"damage":80,"enemies":"Gremlin Leader","floor":25,"turns":8}],"seed_played":"-7665201220686710726","potions_obtained":[{"floor":1,"key":"PowerPotion"},{"floor":4,"key":"AttackPotion"},{"floor":12,"key":"PowerPotion"},{"floor":18,"key":"Energy Potion"},{"floor":19,"key":"Poison Potion"}],"is_trial":true,"path_per_floor":["M","?","T","M","?","R","M","R","T","R","?","M","M","?","R","B",null,"M","M","$","?","?","R","M"],"character_chosen":"IRONCLAD","items_purchased":["DollysMirror","Panacea","War Paint"],"campfire_rested":2,"item_purchase_floors":[20,20,20],"current_hp_per_floor":[79,79,79,65,58,58,64,64,64,64,64,51,55,39,63,26,80,73,45,45,45,45,69,46,0],"gold":21,"neow_bonus":"","is_prod":false,"is_daily":false,"chose_seed":false,"campfire_upgraded":3,"win_rate":0,"timestamp":1540920003,"path_taken":["M","?","?","M","?","R","M","R","T","R","?","M","M","?","R","BOSS","M","?","$","?","?","R","?","E"],"build_version":"2018-10-25v2","purchased_purges":0,"victory":false,"max_hp_per_floor":[80,80,80,80,80,80,80,80,80,80,80,80,80,80,80,80,80,80,80,80,80,80,80,80,80],"card_choices":[{"not_picked":["Seeing Red","Infernal Blade"],"picked":"Searing Blow","floor":1},{"not_picked":["Feel No Pain","Heavy Blade"],"picked":"Battle Trance","floor":4},{"not_picked":["Anger","Rage"],"picked":"Spot Weakness","floor":7},{"not_picked":["Spot Weakness","Anger"],"picked":"Armaments","floor":12},{"not_picked":["Clothesline","Battle Trance"],"picked":"Pommel Strike","floor":13},{"not_picked":["Double Tap","Berserk"],"picked":"Reaper","floor":16},{"not_picked":["Thunderclap","Cleave"],"picked":"Rupture+1","floor":18},{"not_picked":["Inflame+1","Pommel Strike"],"picked":"Shrug It Off","floor":19},{"not_picked":["Inflame","Corruption"],"picked":"Rage+1","floor":24}],"player_experience":972920,"relics_obtained":[{"floor":3,"key":"MawBank"},{"floor":9,"key":"Paper Frog"}],"event_choices":[{"damage_healed":0,"gold_gain":0,"player_choice":"Box","damage_taken":0,"relics_obtained":["Incense Burner"],"max_hp_gain":0,"max_hp_loss":0,"event_name":"Big Fish","floor":2,"gold_loss":0,"cards_obtained":["Regret"]},{"cards_removed":["Regret"],"damage_healed":0,"gold_gain":0,"player_choice":"Card Removal","damage_taken":7,"max_hp_gain":0,"max_hp_loss":0,"event_name":"Golden Wing","floor":5,"gold_loss":0},{"damage_healed":0,"gold_gain":0,"player_choice":"Trade","damage_taken":0,"relics_obtained":["GremlinMask"],"max_hp_gain":0,"max_hp_loss":0,"event_name":"FaceTrader","floor":11,"gold_loss":0},{"damage_healed":0,"gold_gain":0,"player_choice":"Entered Light","damage_taken":16,"max_hp_gain":0,"max_hp_loss":0,"event_name":"Shining Light","floor":14,"gold_loss":0,"cards_upgraded":["Strike_R","Defend_R"]},{"damage_healed":0,"gold_gain":0,"player_choice":"Obtained Relic","damage_taken":0,"relics_obtained":["StoneCalendar"],"max_hp_gain":0,"max_hp_loss":0,"event_name":"Addict","floor":21,"gold_loss":85},{"cards_removed":["Strike_R"],"damage_healed":0,"gold_gain":0,"player_choice":"Gave Gold","damage_taken":0,"max_hp_gain":0,"max_hp_loss":0,"event_name":"Beggar","floor":22,"gold_loss":75}],"is_beta":false,"boss_relics":[{"not_picked":["Sozu","Velvet Choker"],"picked":"Runic Cube"}],"items_purged_floors":[],"is_endless":true,"potions_floor_spawned":[1,4,12,13,18,19],"killed_by":"Gremlin Leader","ascension_level":0}