{"gold_per_floor":[109,109,34,48,48,48,79,79,105,105,123,147,147,97,97,225,288,304,323,342,441,89,89,89,89,89,89,109,41,41,61,61,187,187,207,231,231],"floor_reached":37,"playtime":2611,"items_purged":[],"score":392,"play_id":"ccdc3a1f-7b11-44e7-8fe2-52992538495e","local_time":"20181025000430","is_ascension_mode":false,"campfire_choices":[{"data":"Hello World","floor":6,"key":"SMITH"},{"data":"Dualcast","floor":8,"key":"SMITH"},{"data":"Self Repair","floor":10,"key":"SMITH"},{"data":"Zap","floor":15,"key":"SMITH"},{"data":"Electrodynamics","floor":24,"key":"SMITH"},{"data":"Go for the Eyes","floor":27,"key":"SMITH"},{"data":"Lockon","floor":30,"key":"SMITH"},{"floor":32,"key":"REST"}],"neow_cost":"NONE","seed_source_timestamp":1230545805499205,"circlet_count":0,"master_deck":["Strike_B","Strike_B","Strike_B","Defend_B","Defend_B","Defend_B","Defend_B+1","Zap+1","Dualcast+1","Self Repair+1","Hello World+1","Lockon+1","Melter","Defragment+1","Go for the Eyes+1","Electrodynamics+1","Heatsinks","Self Repair","Static Discharge+1","Consume","Heatsinks+1","Lockon","Go for the Eyes","Electrodynamics+1","Reinforced Body+1","Sunder"],"relics":["Cracked Core","NeowsBlessing","Golden Idol","Bottled Flame","Omamori","Tiny House","Oddly Smooth Stone","Lee\u0027s Waffle","Frozen Egg 2","Letter Opener","Cursed Key"],"potions_floor_usage":[16,16,20,20,31,37],"damage_taken":[{"damage":0,"enemies":"Small Slimes","floor":1,"turns":1},{"damage":0,"enemies":"2 Louse","floor":4,"turns":1},{"damage":0,"enemies":"Lagavulin","floor":7,"turns":1},{"damage":6,"enemies":"Cultist","floor":11,"turns":3},{"damage":18,"enemies":"Large Slime","floor":12,"turns":5},{"damage":23,"enemies":"The Guardian","floor":16,"turns":9},{"damage":26,"enemies":"2 Thieves","floor":18,"turns":4},{"damage":15,"enemies":"Shell Parasite","floor":19,"turns":5},{"damage":6,"enemies":"Centurion and Healer","floor":20,"turns":5},{"damage":26,"enemies":"Colosseum Slavers","floor":23,"turns":4},{"damage":10,"enemies":"Cultist and Chosen","floor":28,"turns":4},{"damage":31,"enemies":"Snake Plant","floor":31,"turns":5},{"damage":68,"enemies":"Automaton","floor":33,"turns":8},{"damage":7,"enemies":"3 Shapes","floor":35,"turns":2},{"damage":24,"enemies":"3 Darklings","floor":36,"turns":3},{"damage":66,"enemies":"2 Orb Walkers","floor":37,"turns":4}],"seed_played":"-7441830651011482745","potions_obtained":[{"floor":11,"key":"Energy Potion"},{"floor":12,"key":"LiquidBronze"},{"floor":16,"key":"SpeedPotion"},{"floor":17,"key":"FairyPotion"},{"floor":18,"key":"Swift Potion"},{"floor":28,"key":"Dexterity Potion"},{"floor":36,"key":"FocusPotion"}],"is_trial":false,"path_per_floor":["M","?","$","M","?","R","E","R","T","R","M","M","?","?","R","B",null,"M","M","M","?","$","?","R","?","T","R","M","$","R","M","R","B",null,"M","M"],"character_chosen":"DEFECT","items_purchased":["Hello World","Oddly Smooth Stone","Lee\u0027s Waffle","Lockon"],"campfire_rested":1,"item_purchase_floors":[3,22,22,29],"current_hp_per_floor":[75,75,75,75,57,57,64,64,64,64,68,60,60,60,60,37,80,64,66,67,67,87,68,68,68,68,68,68,68,68,54,80,29,87,87,63,0],"gold":231,"neow_bonus":"THREE_ENEMY_KILL","is_prod":false,"is_daily":false,"chose_seed":false,"campfire_upgraded":7,"win_rate":0,"timestamp":1540447470,"path_taken":["M","?","$","M","?","R","E","R","T","R","M","?","?","?","R","BOSS","M","M","M","?","$","?","R","?","T","R","?","?","R","M","R","BOSS","M","M","?"],"build_version":"2018-10-18","purchased_purges":0,"victory":false,"max_hp_per_floor":[75,75,75,75,75,75,75,75,75,75,75,75,75,75,75,75,80,80,80,80,80,87,87,87,87,87,87,87,87,87,87,87,87,87,87,87,87],"card_choices":[{"not_picked":["Steam","FTL"],"picked":"Self Repair","floor":1},{"not_picked":["Barrage","Undo"],"picked":"Lockon","floor":4},{"not_picked":["Gash","Leap"],"picked":"Melter","floor":7},{"not_picked":["Go for the Eyes","Skim"],"picked":"Defragment","floor":11},{"not_picked":["Steam","Undo"],"picked":"Go for the Eyes","floor":12},{"not_picked":["Reboot","Machine Learning"],"picked":"Electrodynamics","floor":16},{"not_picked":["Chaos","Fusion"],"picked":"Heatsinks","floor":17},{"not_picked":["Melter+1","Glacier"],"picked":"Self Repair","floor":18},{"not_picked":["Streamline","Tempest"],"picked":"Static Discharge+1","floor":19},{"not_picked":["Gash+1","Redo+1"],"picked":"Consume","floor":20},{"not_picked":["Go for the Eyes","Turbo"],"picked":"Heatsinks+1","floor":28},{"not_picked":["Steam","Darkness"],"picked":"Go for the Eyes","floor":31},{"not_picked":["Multi-Cast","Core Surge"],"picked":"Electrodynamics+1","floor":33},{"not_picked":["Streamline+1","Gash"],"picked":"Reinforced Body+1","floor":35},{"not_picked":["Turbo","Cold Snap+1"],"picked":"Sunder","floor":36}],"player_experience":820275,"relics_obtained":[{"floor":7,"key":"Bottled Flame"},{"floor":9,"key":"Omamori"},{"floor":26,"key":"Letter Opener"}],"event_choices":[{"damage_healed":0,"gold_gain":0,"player_choice":"Ignored","damage_taken":0,"max_hp_gain":0,"max_hp_loss":0,"event_name":"Golden Wing","floor":2,"gold_loss":0},{"damage_healed":0,"gold_gain":0,"player_choice":"Take Damage","damage_taken":18,"relics_obtained":["Golden Idol"],"max_hp_gain":0,"max_hp_loss":0,"event_name":"Golden Idol","floor":5,"gold_loss":0},{"damage_healed":0,"gold_gain":0,"player_choice":"Grow","damage_taken":0,"max_hp_gain":0,"max_hp_loss":0,"event_name":"Living Wall","floor":13,"gold_loss":0,"cards_upgraded":["Defragment"]},{"cards_removed":["Strike_B"],"damage_healed":0,"gold_gain":0,"player_choice":"Card Removal","damage_taken":0,"max_hp_gain":0,"max_hp_loss":0,"event_name":"The Cleric","floor":14,"gold_loss":50},{"damage_healed":0,"gold_gain":99,"player_choice":"Stole From Cult","damage_taken":0,"max_hp_gain":0,"max_hp_loss":0,"event_name":"Nest","floor":21,"gold_loss":0},{"damage_healed":0,"gold_gain":0,"player_choice":"Fight","damage_taken":0,"max_hp_gain":0,"max_hp_loss":0,"event_name":"Colosseum","floor":23,"gold_loss":0},{"damage_healed":0,"gold_gain":0,"player_choice":"Fled From Nobs","damage_taken":0,"max_hp_gain":0,"max_hp_loss":0,"event_name":"Colosseum","floor":23,"gold_loss":0},{"damage_healed":0,"gold_gain":0,"player_choice":"Gave Potion","damage_taken":0,"relics_obtained":["Frozen Egg 2"],"max_hp_gain":0,"max_hp_loss":0,"event_name":"WeMeetAgain","floor":25,"gold_loss":0},{"damage_healed":0,"gold_gain":0,"player_choice":"Fight","damage_taken":0,"max_hp_gain":0,"max_hp_loss":0,"event_name":"Mysterious Sphere","floor":37,"gold_loss":0}],"is_beta":false,"boss_relics":[{"not_picked":["Snecko Eye","Empty Cage"],"picked":"Tiny House"},{"not_picked":["Lizard Tail","Coffee Dripper"],"picked":"Cursed Key"}],"items_purged_floors":[],"is_endless":false,"potions_floor_spawned":[11,12,16,18,23,28,36],"killed_by":"2 Orb Walkers","ascension_level":0}