{"gold_per_floor":[110,110,9,19,31,31,54,64,90,122,153,491,513,586,598,610],"floor_reached":16,"playtime":504,"items_purged":["Regret"],"score":166,"play_id":"dec8f45d-c2ab-4a95-afb0-08b83d3f5bf5","local_time":"20190123165223","is_ascension_mode":true,"campfire_choices":[{"data":"Heavy Blade","floor":6,"key":"SMITH"},{"floor":15,"key":"REST"}],"neow_cost":"NONE","seed_source_timestamp":184348078732038,"circlet_count":0,"master_deck":["AscendersBane","Strike_R","Strike_R","Strike_R","Strike_R","Strike_R","Defend_R","Defend_R","Defend_R","Defend_R","Bash","Heavy Blade+1","True Grit","Double Tap","Spot Weakness","Shrug It Off","Shrug It Off","Thunderclap","Cleave","Sword Boomerang","Rage"],"relics":["Burning Blood","Vajra","Oddly Smooth Stone","Odd Mushroom","MawBank","Old Coin","Bag of Marbles"],"potions_floor_usage":[12,14,16],"damage_taken":[{"damage":0,"enemies":"2 Louse","floor":1,"turns":4},{"damage":0,"enemies":"Small Slimes","floor":4,"turns":3},{"damage":12,"enemies":"Jaw Worm","floor":5,"turns":2},{"damage":33,"enemies":"The Mushroom Lair","floor":7,"turns":6},{"damage":19,"enemies":"Large Slime","floor":8,"turns":5},{"damage":4,"enemies":"Looter","floor":10,"turns":3},{"damage":9,"enemies":"Red Slaver","floor":11,"turns":3},{"damage":19,"enemies":"Lagavulin","floor":12,"turns":9},{"damage":8,"enemies":"Blue Slaver","floor":13,"turns":2},{"damage":14,"enemies":"3 Sentries","floor":14,"turns":4},{"damage":39,"enemies":"Slime Boss","floor":16,"turns":7}],"seed_played":"8552422028848342082","potions_obtained":[{"floor":7,"key":"Ancient Potion"},{"floor":8,"key":"Block Potion"},{"floor":13,"key":"Strength Potion"},{"floor":14,"key":"Energy Potion"}],"is_trial":false,"path_per_floor":["M","?","$","M","M","R","?","M","T","M","M","E","M","?","R","B"],"character_chosen":"IRONCLAD","items_purchased":["True Grit"],"campfire_rested":1,"item_purchase_floors":[3],"current_hp_per_floor":[78,78,78,80,74,74,47,34,34,36,33,20,18,10,34,0],"gold":610,"neow_bonus":"RANDOM_COMMON_RELIC","is_prod":false,"is_daily":false,"chose_seed":false,"campfire_upgraded":1,"win_rate":0,"timestamp":1548287543,"path_taken":["M","?","$","M","M","R","?","M","T","M","M","E","M","?","R","BOSS"],"build_version":"2019-01-23","purchased_purges":1,"victory":false,"max_hp_per_floor":[80,80,80,80,80,80,80,80,80,80,80,80,80,80,80,80],"card_choices":[{"not_picked":["Twin Strike","Bloodletting"],"picked":"Heavy Blade","floor":1},{"not_picked":["Headbutt","Cleave"],"picked":"Double Tap","floor":4},{"not_picked":["Disarm","Pommel Strike"],"picked":"Spot Weakness","floor":5},{"not_picked":["Clothesline","Body Slam"],"picked":"Shrug It Off","floor":7},{"not_picked":["Armaments","Clothesline"],"picked":"Shrug It Off","floor":8},{"not_picked":["Clothesline","Entrench","True Grit"],"picked":"SKIP","floor":10},{"not_picked":["Body Slam","Anger"],"picked":"Thunderclap","floor":11},{"not_picked":["Juggernaut","Seeing Red"],"picked":"Cleave","floor":12},{"not_picked":["Blood for Blood","Perfected Strike"],"picked":"Sword Boomerang","floor":13},{"not_picked":["Metallicize","Evolve"],"picked":"Rage","floor":14}],"player_experience":1275900,"relics_obtained":[{"floor":7,"key":"Odd Mushroom"},{"floor":9,"key":"MawBank"},{"floor":12,"key":"Old Coin"},{"floor":14,"key":"Bag of Marbles"}],"event_choices":[{"damage_healed":0,"gold_gain":0,"player_choice":"Box","damage_taken":0,"relics_obtained":["Oddly Smooth Stone"],"max_hp_gain":0,"max_hp_loss":0,"event_name":"Big Fish","floor":2,"gold_loss":0,"cards_obtained":["Regret"]},{"damage_healed":0,"gold_gain":0,"player_choice":"Fought Mushrooms","damage_taken":0,"max_hp_gain":0,"max_hp_loss":0,"event_name":"Mushrooms","floor":7,"gold_loss":0},{"damage_healed":0,"gold_gain":0,"player_choice":"Searched \u00271\u0027 times","damage_taken":0,"max_hp_gain":0,"max_hp_loss":0,"event_name":"Dead Adventurer","floor":14,"gold_loss":0}],"is_beta":false,"boss_relics":[],"items_purged_floors":[3],"is_endless":false,"potions_floor_spawned":[7,8,13,14],"killed_by":"Slime Boss","ascension_level":12}