{"path_per_floor":["M","M","M","?","M","R","?","R","T","M","T","R","M","M","R","B",null,"M","?"],"character_chosen":"DEFECT","items_purchased":[],"gold_per_floor":[109,129,140,140,150,150,150,150,150,163,163,163,178,194,194,297,297,310,310,220],"floor_reached":20,"campfire_rested":1,"playtime":1083,"current_hp_per_floor":[69,64,63,60,44,44,44,44,44,49,49,49,44,39,61,25,75,47,47,9],"items_purged":[],"gold":220,"score":166,"play_id":"48fe2c75-3b75-4607-acaf-5c3a0fd46a52","local_time":"20180427033903","is_prod":false,"is_daily":false,"chose_seed":false,"is_ascension_mode":false,"campfire_upgraded":3,"timestamp":1524814743,"path_taken":["M","M","M","?","M","R","?","R","T","M","?","R","M","M","R","BOSS","M","?","M"],"build_version":"2018-04-26v2","seed_source_timestamp":208013439804267,"purchased_purges":0,"victory":false,"master_deck":["Strike_B","Strike_B","Strike_B","Strike_B","Defend_B","Defend_B","Defend_B","Defend_B","Zap+1","Dualcast+1","Capacitor","Storm+1","Reinforced Body+1","Seek","Capacitor","Genetic Algorithm","Impulse","Rainbow","Capacitor","Writhe"],"max_hp_per_floor":[75,75,75,75,75,75,75,75,75,75,75,75,75,75,75,75,75,75,75,75],"relics":["Cracked Core","Juzu Bracelet","Question Card","Meat on the Bone","Bag of Preparation","Cursed Key","Dodecahedron"],"card_choices":[{"not_picked":["Beam Cell","Coolheaded"],"picked":"Capacitor","floor":1},{"not_picked":["Skim","Rip and Tear"],"picked":"Storm","floor":2},{"not_picked":["Axe Kick","Barrage"],"picked":"Reinforced Body","floor":3},{"not_picked":["Beam Cell","Steam Power","Tempest"],"picked":"Seek","floor":5},{"not_picked":["Blizzard","Streamline","Hello World"],"picked":"Capacitor","floor":10},{"not_picked":["Axe Kick","Rip and Tear","Sweeping Beam"],"picked":"Genetic Algorithm","floor":13},{"not_picked":["Hello World","Capacitor","Genetic Algorithm"],"picked":"Impulse","floor":14},{"not_picked":["Fusion","Prime","Fission"],"picked":"Rainbow","floor":16},{"not_picked":["Beam Cell","Melter","Flux Capacitor"],"picked":"Capacitor","floor":18}],"player_experience":103217,"potions_floor_usage":[5,16,20],"damage_taken":[{"damage":6,"enemies":"Jaw Worm","floor":1,"turns":4},{"damage":5,"enemies":"2 Louse","floor":2,"turns":3},{"damage":1,"enemies":"Cultist","floor":3,"turns":4},{"damage":16,"enemies":"Exordium Thugs","floor":5,"turns":4},{"damage":7,"enemies":"Blue Slaver","floor":10,"turns":3},{"damage":5,"enemies":"3 Louse","floor":13,"turns":3},{"damage":5,"enemies":"Looter","floor":14,"turns":3},{"damage":63,"enemies":"Slime Boss","floor":16,"turns":10},{"damage":28,"enemies":"Chosen","floor":18,"turns":5},{"damage":38,"enemies":"2 Thieves","floor":20,"turns":5}],"event_choices":[{"event_name":"Scrap Ooze","player_choice":"success","floor":4,"damage_taken":3},{"event_name":"Upgrade Shrine","player_choice":"Upgraded","floor":7,"damage_taken":0},{"event_name":"The Mausoleum","player_choice":"Yes","floor":19,"damage_taken":0}],"boss_relics":[{"not_picked":["Black Star","Runic Pyramid"],"picked":"Cursed Key"}],"potions_floor_spawned":[2,14,16,18],"seed_played":"2194890789096982956","killed_by":"2 Thieves","ascension_level":0,"is_trial":false}