{"gold_per_floor":[368,368,380,408,445,498,510,541,553,578,610,643,655,545,545,674,674,698,714,714],"floor_reached":20,"playtime":728,"items_purged":[],"score":214,"play_id":"a886e8f8-4b8e-45e5-ada2-f9740281cf36","local_time":"20181007021723","is_ascension_mode":true,"campfire_choices":[{"floor":7,"key":"REST"},{"data":"Bouncing Flask","floor":13,"key":"SMITH"},{"floor":15,"key":"REST"}],"neow_cost":"TEN_PERCENT_HP_LOSS","seed_source_timestamp":112877428698331,"circlet_count":0,"master_deck":["Defend_G","Defend_G","Defend_G","Defend_G","Defend_G","Strike_G","Strike_G","Strike_G","Strike_G","Strike_G","Survivor","Neutralize","Slice","Bouncing Flask+1","Backstab","Poisoned Stab","Quick Slash","All Out Attack","Backflip","Noxious Fumes","Envenom","Deadly Poison","Distraction"],"relics":["Ring of the Snake","MawBank","Golden Idol","Centennial Puzzle","Meat on the Bone","Sozu"],"potions_floor_usage":[6,11,16,20],"damage_taken":[{"damage":0,"enemies":"Cultist","floor":1,"turns":4},{"damage":0,"enemies":"2 Louse","floor":4,"turns":4},{"damage":3,"enemies":"Small Slimes","floor":5,"turns":4},{"damage":16,"enemies":"Gremlin Nob","floor":6,"turns":3},{"damage":9,"enemies":"Blue Slaver","floor":8,"turns":3},{"damage":2,"enemies":"Exordium Thugs","floor":10,"turns":4},{"damage":16,"enemies":"Gremlin Gang","floor":11,"turns":5},{"damage":19,"enemies":"Exordium Wildlife","floor":12,"turns":3},{"damage":22,"enemies":"Hexaghost","floor":16,"turns":7},{"damage":22,"enemies":"2 Thieves","floor":18,"turns":3},{"damage":13,"enemies":"Spheric Guardian","floor":19,"turns":4},{"damage":36,"enemies":"Centurion and Healer","floor":20,"turns":5}],"seed_played":"7730434413632901537","potions_obtained":[{"floor":4,"key":"SteroidPotion"},{"floor":5,"key":"Dexterity Potion"},{"floor":12,"key":"PowerPotion"},{"floor":16,"key":"PowerPotion"}],"is_trial":false,"path_per_floor":["M","T","?","M","M","E","R","M","T","M","M","M","R","$","R","B",null,"M","M"],"character_chosen":"THE_SILENT","items_purchased":["Noxious Fumes","FearPotion"],"campfire_rested":2,"item_purchase_floors":[14,14],"current_hp_per_floor":[63,63,48,48,45,29,47,38,38,36,32,25,25,25,43,33,63,41,40,4],"gold":714,"neow_bonus":"TWO_FIFTY_GOLD","is_prod":false,"is_daily":false,"chose_seed":false,"campfire_upgraded":1,"win_rate":0,"timestamp":1538893043,"path_taken":["M","?","?","?","?","E","R","M","T","?","?","M","R","$","R","BOSS","M","M","M"],"build_version":"2018-10-04","purchased_purges":0,"victory":false,"max_hp_per_floor":[63,63,63,63,63,63,63,63,63,63,63,63,63,63,63,63,63,63,63,63],"card_choices":[{"not_picked":["PiercingWail","Distraction"],"picked":"Slice","floor":1},{"not_picked":["Bane","Sucker Punch"],"picked":"Bouncing Flask","floor":4},{"not_picked":["Calculated Gamble","Flying Knee"],"picked":"Backstab","floor":5},{"not_picked":["Dash","Underhanded Strike"],"picked":"Poisoned Stab","floor":6},{"not_picked":["Slice","PiercingWail"],"picked":"Quick Slash","floor":8},{"not_picked":["Infinite Blades","Dash","PiercingWail"],"picked":"SKIP","floor":10},{"not_picked":["Dodge and Roll","Reflex"],"picked":"All Out Attack","floor":11},{"not_picked":["Accuracy","Storm of Steel"],"picked":"Backflip","floor":12},{"not_picked":["Bullet Time","Tools of the Trade"],"picked":"Envenom","floor":16},{"not_picked":["Concentrate","Acrobatics"],"picked":"Deadly Poison","floor":18},{"not_picked":["Slice","Flechettes"],"picked":"Distraction","floor":19}],"player_experience":308741,"relics_obtained":[{"floor":2,"key":"MawBank"},{"floor":6,"key":"Centennial Puzzle"},{"floor":9,"key":"Meat on the Bone"}],"event_choices":[{"event_name":"Golden Idol","player_choice":"Take Damage","floor":3,"damage_taken":0}],"is_beta":true,"boss_relics":[{"not_picked":["Orrery","WristBlade"],"picked":"Sozu"}],"items_purged_floors":[],"is_endless":false,"potions_floor_spawned":[4,5,12,16],"killed_by":"Centurion and Healer","ascension_level":4}