{"gold_per_floor":[112,126,199,99,109,137,137,162,162,162,162,180,200,213,213,213],"floor_reached":16,"playtime":619,"items_purged":[],"score":185,"play_id":"c99e7caa-28b5-4203-bd8c-304a9de0c38c","local_time":"20190218150924","is_ascension_mode":true,"campfire_choices":[{"floor":7.0,"key":"REST"},{"floor":11.0,"key":"REST"},{"floor":15.0,"key":"REST"}],"neow_cost":"NONE","seed_source_timestamp":249429668396496,"circlet_count":0,"master_deck":["AscendersBane","Strike_R","Strike_R","Strike_R","Strike_R","Strike_R","Defend_R","Defend_R","Defend_R","Defend_R","Bash","Exhume","Wild Strike","Headbutt","True Grit+1","Flex","Dropkick","Power Through","Twin Strike","Power Through+1","Shrug It Off+1","Cleave"],"special_seed":0,"relics":["Burning Blood","WingedGreaves","Shuriken","Toxic Egg 2"],"potions_floor_usage":[16,16],"damage_taken":[{"damage":9.0,"enemies":"Jaw Worm","floor":1.0,"turns":4.0},{"damage":5.0,"enemies":"Small Slimes","floor":2.0,"turns":5.0},{"damage":2.0,"enemies":"2 Louse","floor":5.0,"turns":2.0},{"damage":43.0,"enemies":"3 Sentries","floor":6.0,"turns":10.0},{"damage":20.0,"enemies":"Gremlin Nob","floor":8.0,"turns":5.0},{"damage":3.0,"enemies":"2 Fungi Beasts","floor":12.0,"turns":4.0},{"damage":10.0,"enemies":"Exordium Wildlife","floor":13.0,"turns":5.0},{"damage":35.0,"enemies":"Exordium Thugs","floor":14.0,"turns":5.0},{"damage":74,"enemies":"The Guardian","floor":16,"turns":15}],"seed_played":"4902988011458273463","potions_obtained":[{"floor":6.0,"key":"Block Potion"},{"floor":8.0,"key":"Energy Potion"},{"floor":13.0,"key":"Dexterity Potion"},{"floor":14.0,"key":"GamblersBrew"}],"is_trial":false,"path_per_floor":["M","M","?","$","M","E","R","E","T","?","R","M","M","M","R","B"],"character_chosen":"IRONCLAD","items_purchased":["True Grit","Flex"],"campfire_rested":3,"item_purchase_floors":[4,4],"current_hp_per_floor":[69,70,70,70,74,37,61,47,47,47,71,74,70,41,65,0],"gold":213,"neow_bonus":"ONE_RANDOM_RARE_CARD","is_prod":false,"is_daily":false,"chose_seed":false,"campfire_upgraded":0,"win_rate":0,"timestamp":1550527764,"path_taken":["M","M","?","$","M","E","R","E","T","?","R","M","M","M","R","BOSS"],"build_version":"2019-01-23","purchased_purges":0,"victory":false,"max_hp_per_floor":[80,80,80,80,80,80,80,80,80,80,80,80,80,80,80,80],"card_choices":[{"not_picked":["Havoc","Perfected Strike"],"picked":"Wild Strike","floor":1.0},{"not_picked":["Bloodletting","Clothesline"],"picked":"Headbutt","floor":2.0},{"not_picked":["Sword Boomerang","Clothesline"],"picked":"Dropkick","floor":5.0},{"not_picked":["True Grit","Body Slam"],"picked":"Power Through","floor":6.0},{"not_picked":["Heavy Blade","Blood for Blood"],"picked":"Twin Strike","floor":8.0},{"not_picked":["Pummel","Body Slam"],"picked":"Power Through+1","floor":12.0},{"not_picked":["Shockwave+1","Clash"],"picked":"Shrug It Off+1","floor":13.0},{"not_picked":["Sword Boomerang","Thunderclap"],"picked":"Cleave","floor":14.0}],"player_experience":1525133,"relics_obtained":[{"floor":6.0,"key":"WingedGreaves"},{"floor":8.0,"key":"Shuriken"},{"floor":9.0,"key":"Toxic Egg 2"}],"event_choices":[{"damage_healed":0.0,"max_hp_gain":0.0,"max_hp_loss":0.0,"gold_gain":73.0,"event_name":"Golden Wing","player_choice":"Gained Gold","floor":3.0,"gold_loss":0.0,"damage_taken":0.0},{"damage_healed":0.0,"max_hp_gain":0.0,"max_hp_loss":0.0,"gold_gain":0.0,"event_name":"Living Wall","player_choice":"Grow","floor":10.0,"gold_loss":0.0,"damage_taken":0.0,"cards_upgraded":["True Grit"]}],"is_beta":false,"boss_relics":[],"items_purged_floors":[],"is_endless":false,"potions_floor_spawned":[6,8,13,14],"killed_by":"The Guardian","ascension_level":13}