{"gold_per_floor":[119,136,136,136,136,136,82,101,151,183,195,223,246,274,286,395,407,429,459,485,497,509,521,533,545,557,586,617,649,661,687,699,816,828,851,863,248,267,267,267,286,286,311,311,322,347,347,363,363,363],"floor_reached":50,"playtime":40633,"items_purged":[],"score":622,"play_id":"805b6634-8be1-4c2a-8216-7788f0522c61","local_time":"20180926092624","is_ascension_mode":true,"campfire_choices":[{"data":"Regret","floor":6,"key":"PURGE"},{"floor":15,"key":"REST"},{"floor":23,"key":"REST"},{"data":"Redo","floor":25,"key":"SMITH"},{"floor":30,"key":"REST"},{"floor":32,"key":"REST"},{"floor":40,"key":"REST"},{"data":"Buffer","floor":42,"key":"SMITH"},{"data":"Madness","floor":44,"key":"SMITH"},{"floor":47,"key":"REST"},{"floor":49,"key":"REST"}],"neow_cost":"NONE","seed_source_timestamp":1053040922435646,"circlet_count":0,"master_deck":["Strike_B+1","Strike_B+1","Strike_B+1","Defend_B+1","Defend_B+1","Defend_B+1","Defend_B+1","Zap+1","Dualcast","BootSequence","Chaos","Blizzard","Rip and Tear","Conserve Battery","Chaos","Cold Snap","Coolheaded","Cold Snap+1","Beam Cell","Coolheaded","Thunder Strike","Cold Snap","Redo+1","Hologram","Doom and Gloom","Barrage+1","Loop+1","Steam","Hologram+1","Defragment","Coolheaded","Chaos","Buffer+1","Conserve Battery+1","Double Energy","Ball Lightning","Lockon+1","Madness+1","Madness","Barrage+1","Conserve Battery+1","Cold Snap"],"relics":["Cracked Core","Peace Pipe","Smiling Mask","Gambling Chip","MawBank","Orrery","MutagenicStrength","Nilry\u0027s Codex","Mercury Hourglass","Inserter","DataDisk","Strange Spoon","Whetstone","Art of War","Blood Vial"],"potions_floor_usage":[10,12,27,28,31,33,33,41,41],"damage_taken":[{"damage":1,"enemies":"2 Louse","floor":1,"turns":2},{"damage":6,"enemies":"Cultist","floor":2,"turns":3},{"damage":0,"enemies":"Small Slimes","floor":8,"turns":3},{"damage":15,"enemies":"Lagavulin","floor":10,"turns":4},{"damage":0,"enemies":"Looter","floor":11,"turns":2},{"damage":18,"enemies":"3 Sentries","floor":12,"turns":6},{"damage":6,"enemies":"3 Louse","floor":13,"turns":4},{"damage":0,"enemies":"Large Slime","floor":14,"turns":5},{"damage":41,"enemies":"The Guardian","floor":16,"turns":17},{"damage":13,"enemies":"Chosen","floor":18,"turns":5},{"damage":14,"enemies":"Spheric Guardian","floor":19,"turns":4},{"damage":11,"enemies":"Snake Plant","floor":20,"turns":4},{"damage":31,"enemies":"Centurion and Healer","floor":27,"turns":7},{"damage":7,"enemies":"Cultist and Chosen","floor":28,"turns":9},{"damage":7,"enemies":"Snake Plant","floor":29,"turns":4},{"damage":0,"enemies":"Snecko","floor":31,"turns":7},{"damage":48,"enemies":"Champ","floor":33,"turns":14},{"damage":5,"enemies":"3 Shapes","floor":35,"turns":4},{"damage":20,"enemies":"3 Darklings","floor":38,"turns":5},{"damage":9,"enemies":"Reptomancer","floor":41,"turns":6},{"damage":43,"enemies":"Transient","floor":45,"turns":5},{"damage":19,"enemies":"Sphere and 2 Shapes","floor":48,"turns":3},{"damage":55,"enemies":"Awakened One","floor":50,"turns":4}],"seed_played":"-2907532088001292513","potions_obtained":[{"floor":1,"key":"Fire Potion"},{"floor":2,"key":"FairyPotion"},{"floor":10,"key":"EssenceOfSteel"},{"floor":16,"key":"Strength Potion"},{"floor":20,"key":"Weak Potion"},{"floor":27,"key":"GamblersBrew"},{"floor":28,"key":"Weak Potion"},{"floor":31,"key":"LiquidBronze"},{"floor":33,"key":"EssenceOfSteel"},{"floor":38,"key":"Swift Potion"}],"is_trial":false,"path_per_floor":["M","M","?","?","?","R","$","M","T","E","M","E","M","M","R","B",null,"M","M","M","?","?","R","?","R","T","M","M","M","R","M","R","B",null,"M","?","$","M","?","R","M","R","T","R","M","T","R","M","R"],"character_chosen":"DEFECT","items_purchased":["Conserve Battery","DataDisk","Strange Spoon","Double Energy","Ball Lightning","Whetstone"],"campfire_rested":7,"item_purchase_floors":[7,37,37,37,37,37],"current_hp_per_floor":[74,68,68,68,68,68,68,68,68,53,53,35,29,29,51,10,75,62,48,37,37,21,43,43,43,43,12,12,5,27,27,49,1,75,70,70,70,50,41,63,54,54,54,54,11,11,33,16,38,0],"gold":363,"neow_bonus":"UPGRADE_CARD","is_prod":false,"is_daily":false,"chose_seed":false,"campfire_upgraded":3,"win_rate":0,"timestamp":1537975584,"path_taken":["M","M","?","?","?","R","?","M","T","E","?","E","M","M","R","BOSS","M","M","?","?","?","R","?","R","T","?","M","M","R","M","R","BOSS","M","?","$","?","?","R","M","R","T","R","?","?","R","M","R","BOSS"],"build_version":"2018-09-20","purchased_purges":0,"victory":false,"max_hp_per_floor":[75,75,75,75,75,75,75,75,75,75,75,75,75,75,75,75,75,75,75,75,75,75,75,75,75,75,75,75,75,75,75,75,75,75,75,75,75,75,75,75,75,75,75,75,75,75,75,75,75,75],"card_choices":[{"not_picked":["Storm","Leap"],"picked":"BootSequence","floor":1},{"not_picked":["Conserve Battery","Leap"],"picked":"Chaos","floor":2},{"not_picked":["Undo","Double Energy"],"picked":"Chaos","floor":8},{"not_picked":["Thunder Strike","Redo"],"picked":"Cold Snap","floor":10},{"not_picked":["Steam","Beam Cell"],"picked":"Coolheaded","floor":11},{"not_picked":["Leap","Reprogram"],"picked":"Cold Snap","floor":12},{"not_picked":["Turbo","Sunder"],"picked":"Beam Cell","floor":13},{"not_picked":["Blizzard","Beam Cell"],"picked":"Coolheaded","floor":14},{"not_picked":["Meteor Strike","Creative AI"],"picked":"Thunder Strike","floor":16},{"not_picked":["Hello World","Barrage"],"picked":"Cold Snap","floor":17},{"not_picked":["Reprogram","Doom and Gloom"],"picked":"Redo","floor":17},{"not_picked":["Gash","Hyperbeam"],"picked":"Hologram","floor":17},{"not_picked":["Streamline","Barrage"],"picked":"Doom and Gloom","floor":17},{"not_picked":["Gash","Rebound"],"picked":"Barrage","floor":17},{"not_picked":["Leap","Turbo"],"picked":"Go for the Eyes","floor":18},{"not_picked":["Doom and Gloom","Coolheaded"],"picked":"Loop+1","floor":19},{"not_picked":["Rebound","Tempest"],"picked":"Steam","floor":20},{"not_picked":["Sweeping Beam+1","Beam Cell"],"picked":"Hologram+1","floor":27},{"not_picked":["Seek","Hello World+1"],"picked":"Defragment","floor":28},{"not_picked":["Beam Cell","Hologram"],"picked":"Coolheaded","floor":29},{"not_picked":["Sweeping Beam+1","Steam"],"picked":"Chaos","floor":31},{"not_picked":["Seek","Machine Learning"],"picked":"Buffer","floor":33},{"not_picked":["Leap","Steam"],"picked":"Conserve Battery+1","floor":35},{"not_picked":["Sweeping Beam","Capacitor"],"picked":"Lockon+1","floor":38},{"not_picked":["FTL+1","Leap+1"],"picked":"Barrage+1","floor":41},{"not_picked":["Storm","BootSequence"],"picked":"Conserve Battery+1","floor":45},{"not_picked":["Barrage","Hyperbeam"],"picked":"Cold Snap","floor":48}],"player_experience":583042,"relics_obtained":[{"floor":9,"key":"Smiling Mask"},{"floor":10,"key":"Gambling Chip"},{"floor":12,"key":"MawBank"},{"floor":22,"key":"Nilry\u0027s Codex"},{"floor":26,"key":"Mercury Hourglass"},{"floor":43,"key":"Art of War"},{"floor":46,"key":"Blood Vial"}],"event_choices":[{"event_name":"Match and Keep!","player_choice":"1 cards matched","floor":3,"damage_taken":0},{"event_name":"Living Wall","player_choice":"Change","floor":4,"damage_taken":0},{"event_name":"Big Fish","player_choice":"Box","floor":5,"damage_taken":0},{"event_name":"Drug Dealer","player_choice":"Inject Mutagens","floor":21,"damage_taken":0},{"event_name":"Cursed Tome","player_choice":"Obtained Book","floor":22,"damage_taken":0},{"event_name":"Back to Basics","player_choice":"Simplicity","floor":24,"damage_taken":0},{"event_name":"Falling","player_choice":"Removed Attack","floor":36,"damage_taken":0},{"event_name":"Winding Halls","player_choice":"Embrace Madness","floor":39,"damage_taken":0}],"is_beta":false,"boss_relics":[{"not_picked":["Velvet Choker","Calling Bell"],"picked":"Orrery"},{"not_picked":["Lizard Tail","FrozenCore"],"picked":"Inserter"}],"items_purged_floors":[],"is_endless":false,"potions_floor_spawned":[1,2,10,16,20,27,28,31,33,38],"killed_by":"Awakened One","ascension_level":4}