{"gold_per_floor":[116,131,149,167,187,187,210,237,263,280,280,314,314,328,328,426,426,438,237,253,253,264,299,299,328,351,367,367,367,402,415,415,516,516],"floor_reached":34,"playtime":2970,"items_purged":["Regret"],"score":424,"play_id":"65c0c74a-a7ac-40cb-a3e2-db1eecd1c89a","local_time":"20190316100600","is_ascension_mode":false,"campfire_choices":[{"data":"Immolate","floor":6,"key":"SMITH"},{"data":"True Grit","floor":11,"key":"SMITH"},{"data":"Bash","floor":15,"key":"SMITH"},{"floor":24,"key":"REST"},{"floor":28,"key":"REST"},{"data":"Armaments","floor":32,"key":"SMITH"}],"neow_cost":"TEN_PERCENT_HP_LOSS","seed_source_timestamp":36107215574850,"circlet_count":0,"master_deck":["Strike_R","Strike_R","Strike_R","Strike_R","Strike_R","Defend_R","Defend_R","Defend_R","Defend_R","Bash+1","Immolate+1","Armaments","Cleave","Clothesline","Anger","Twin Strike","Anger","Iron Wave","True Grit+1","Clothesline","Metallicize","Reaper","Headbutt","Armaments+1","Disarm","Clothesline+1","Demon Form","Dropkick","True Grit","Anger","J.A.X.","Iron Wave+1","Wild Strike","Juggernaut"],"relics":["Burning Blood","Odd Mushroom","Boot","Smiling Mask","Potion Belt","Bag of Preparation","Runic Pyramid","Ancient Tea Set","Dodecahedron","Oddly Smooth Stone","Lantern","Bag of Marbles","Black Star"],"potions_floor_usage":[10,20,22,23,27,27,33,33,33,33],"damage_taken":[{"damage":4,"enemies":"2 Louse","floor":1,"turns":2},{"damage":0,"enemies":"Small Slimes","floor":2,"turns":4},{"damage":3,"enemies":"Jaw Worm","floor":3,"turns":3},{"damage":2,"enemies":"Looter","floor":4,"turns":3},{"damage":11,"enemies":"Lots of Slimes","floor":5,"turns":3},{"damage":0,"enemies":"The Mushroom Lair","floor":7,"turns":1},{"damage":11,"enemies":"Gremlin Nob","floor":8,"turns":4},{"damage":5,"enemies":"3 Louse","floor":10,"turns":2},{"damage":22,"enemies":"Lagavulin","floor":12,"turns":4},{"damage":0,"enemies":"Exordium Thugs","floor":14,"turns":2},{"damage":48,"enemies":"The Guardian","floor":16,"turns":12},{"damage":30,"enemies":"Shell Parasite","floor":18,"turns":12},{"damage":0,"enemies":"Chosen","floor":20,"turns":6},{"damage":2,"enemies":"Centurion and Healer","floor":22,"turns":8},{"damage":73,"enemies":"Gremlin Leader","floor":23,"turns":9},{"damage":27,"enemies":"Slavers","floor":25,"turns":7},{"damage":0,"enemies":"Cultist and Chosen","floor":27,"turns":9},{"damage":27,"enemies":"Gremlin Leader","floor":30,"turns":8},{"damage":4,"enemies":"Snecko","floor":31,"turns":7},{"damage":67,"enemies":"Collector","floor":33,"turns":10}],"seed_played":"4976176297685721179","potions_obtained":[{"floor":1,"key":"Ancient Potion"},{"floor":2,"key":"SkillPotion"},{"floor":5,"key":"Swift Potion"},{"floor":10,"key":"PowerPotion"},{"floor":14,"key":"Explosive Potion"},{"floor":16,"key":"Ancient Potion"},{"floor":20,"key":"EssenceOfSteel"},{"floor":25,"key":"Energy Potion"},{"floor":27,"key":"Regen Potion"},{"floor":30,"key":"Explosive Potion"}],"is_trial":false,"path_per_floor":["?","?","?","?"],"character_chosen":"IRONCLAD","items_purchased":["Headbutt","Armaments","Disarm"],"campfire_rested":2,"item_purchase_floors":[19,19,19],"current_hp_per_floor":[72,72,72,72,67,67,72,67,67,68,68,52,52,58,58,16,72,48,48,59,59,68,18,39,22,22,36,57,57,70,72,72,23,72],"gold":516,"neow_bonus":"THREE_RARE_CARDS","is_prod":false,"is_daily":false,"chose_seed":false,"campfire_upgraded":4,"win_rate":0,"timestamp":1552745160,"path_taken":["M","M","M","M","M","R","?","E","T","M","R","E","?","M","R","BOSS","M","$","M","?","M","E","R","E","T","M","R","?","E","M","R","BOSS"],"build_version":"2019-01-23","purchased_purges":1,"victory":false,"max_hp_per_floor":[72,72,72,72,72,72,72,72,72,72,72,72,72,72,72,72,72,72,72,72,72,72,72,72,72,72,72,72,72,72,72,72,72,72],"card_choices":[{"not_picked":["Double Tap","Offering"],"picked":"Immolate","floor":0},{"not_picked":["Searing Blow","Fire Breathing"],"picked":"Armaments","floor":1},{"not_picked":["Battle Trance","Dual Wield"],"picked":"Cleave","floor":2},{"not_picked":["Infernal Blade","Perfected Strike"],"picked":"Clothesline","floor":3},{"not_picked":["Fire Breathing","Inflame"],"picked":"Anger","floor":4},{"not_picked":["Bloodletting","Searing Blow"],"picked":"Twin Strike","floor":5},{"not_picked":["Shrug It Off","Dropkick"],"picked":"Anger","floor":7},{"not_picked":["Hemokinesis","Sword Boomerang"],"picked":"Iron Wave","floor":8},{"not_picked":["Body Slam","Clothesline"],"picked":"True Grit","floor":10},{"not_picked":["Barricade","Sword Boomerang"],"picked":"Clothesline","floor":12},{"not_picked":["Infernal Blade","Sword Boomerang"],"picked":"Metallicize","floor":14},{"not_picked":["Bludgeon","Berserk"],"picked":"Reaper","floor":16},{"not_picked":["Body Slam","Perfected Strike","Havoc"],"picked":"SKIP","floor":18},{"not_picked":["Heavy Blade","Havoc+1"],"picked":"Clothesline+1","floor":20},{"not_picked":["Flex","Perfected Strike+1"],"picked":"Demon Form","floor":22},{"not_picked":["Thunderclap","Offering"],"picked":"Dropkick","floor":23},{"not_picked":["Reaper","Blood for Blood+1"],"picked":"True Grit","floor":25},{"not_picked":["Rampage","Flame Barrier"],"picked":"Anger","floor":27},{"not_picked":["Pommel Strike","Clothesline"],"picked":"Iron Wave+1","floor":30},{"not_picked":["Clothesline+1","Disarm"],"picked":"Wild Strike","floor":31},{"not_picked":["Brutality","Immolate"],"picked":"Juggernaut","floor":33}],"player_experience":669978,"relics_obtained":[{"floor":7,"key":"Odd Mushroom"},{"floor":8,"key":"Boot"},{"floor":9,"key":"Smiling Mask"},{"floor":12,"key":"Potion Belt"},{"floor":23,"key":"Dodecahedron"},{"floor":25,"key":"Oddly Smooth Stone"},{"floor":26,"key":"Lantern"},{"floor":30,"key":"Bag of Marbles"}],"event_choices":[{"damage_healed":0,"gold_gain":0,"player_choice":"Fought Mushrooms","damage_taken":0,"max_hp_gain":0,"max_hp_loss":0,"event_name":"Mushrooms","floor":7,"gold_loss":0},{"damage_healed":0,"gold_gain":0,"player_choice":"Box","damage_taken":0,"relics_obtained":["Bag of Preparation"],"max_hp_gain":0,"max_hp_loss":0,"event_name":"Big Fish","floor":13,"gold_loss":0,"cards_obtained":["Regret"]},{"damage_healed":0,"gold_gain":0,"player_choice":"Opened","damage_taken":0,"relics_obtained":["Ancient Tea Set"],"max_hp_gain":0,"max_hp_loss":0,"event_name":"The Mausoleum","floor":21,"gold_loss":0},{"damage_healed":0,"gold_gain":0,"player_choice":"Obtain J.A.X.","damage_taken":0,"max_hp_gain":0,"max_hp_loss":0,"event_name":"Drug Dealer","floor":29,"gold_loss":0,"cards_obtained":["J.A.X."]}],"is_beta":false,"boss_relics":[{"not_picked":["White Beast Statue","Cursed Key"],"picked":"Runic Pyramid"},{"not_picked":["Velvet Choker","Fusion Hammer"],"picked":"Black Star"}],"items_purged_floors":[19],"is_endless":false,"potions_floor_spawned":[1,2,5,10,14,16,20,25,27,30],"ascension_level":0}