{"gold_per_floor":[109,31,31,31,31,31,72,72,98,112,112,130,169,189,189,189],"floor_reached":16,"playtime":902,"items_purged":[],"score":167,"play_id":"401809d3-a61d-4c18-b8a3-2386c1253e8f","local_time":"20190213224835","is_ascension_mode":true,"campfire_choices":[{"data":"Well Laid Plans","floor":6,"key":"SMITH"},{"floor":8,"key":"REST"},{"data":"Poisoned Stab","floor":11,"key":"SMITH"},{"floor":15,"key":"REST"}],"neow_cost":"NONE","seed_source_timestamp":966053550155179,"circlet_count":0,"master_deck":["AscendersBane","Defend_G","Defend_G","Defend_G","Defend_G","Defend_G","Strike_G","Strike_G","Strike_G","Strike_G","Strike_G","Survivor","Neutralize+1","Poisoned Stab+1","Well Laid Plans+1","Crippling Poison+1","PiercingWail+1","Dagger Spray","Distraction+1","Malaise+1"],"relics":["Ring of the Snake","Golden Idol","Toxic Egg 2","Bag of Preparation","The Specimen"],"potions_floor_usage":[],"damage_taken":[{"damage":2,"enemies":"Jaw Worm","floor":1,"turns":6},{"damage":52,"enemies":"Gremlin Nob","floor":7,"turns":6},{"damage":0,"enemies":"Small Slimes","floor":10,"turns":3},{"damage":0,"enemies":"Cultist","floor":12,"turns":3},{"damage":16,"enemies":"Lagavulin","floor":13,"turns":5},{"damage":0,"enemies":"3 Louse","floor":14,"turns":3},{"damage":21,"enemies":"Slime Boss","floor":16,"turns":9}],"seed_played":"-1693566637135425187","potions_obtained":[{"floor":12,"key":"LiquidBronze"},{"floor":13,"key":"Weak Potion"}],"is_trial":false,"path_per_floor":["M","$","?","?","?","R","E","R","T","M","R","M","E","M","R","B"],"character_chosen":"THE_SILENT","items_purchased":["Well Laid Plans"],"campfire_rested":2,"item_purchase_floors":[2],"current_hp_per_floor":[68,68,73,53,53,53,1,25,25,25,25,25,9,9,33,12],"gold":189,"neow_bonus":"TEN_PERCENT_HP_BONUS","is_prod":false,"is_daily":false,"chose_seed":false,"campfire_upgraded":2,"win_rate":0,"timestamp":1550126915,"path_taken":["M","$","?","?","?","R","E","R","T","M","R","M","E","M","R","BOSS"],"build_version":"2019-01-23","purchased_purges":0,"victory":false,"max_hp_per_floor":[77,77,82,82,82,82,82,82,82,82,82,82,82,82,82,82],"card_choices":[{"not_picked":["Endless Agony","Blade Dance"],"picked":"Poisoned Stab","floor":1},{"not_picked":["Underhanded Strike","Crippling Poison","Finisher"],"picked":"SKIP","floor":7},{"not_picked":["Underhanded Strike","Finisher"],"picked":"Crippling Poison","floor":7},{"not_picked":["Acrobatics+1","Expertise+1"],"picked":"PiercingWail+1","floor":10},{"not_picked":["Prepared+1","Quick Slash"],"picked":"Dagger Spray","floor":12},{"not_picked":["Outmaneuver+1","Acrobatics+1"],"picked":"Distraction+1","floor":13},{"not_picked":["Heel Hook","Poisoned Stab"],"picked":"Malaise+1","floor":14}],"player_experience":392637,"relics_obtained":[{"floor":7,"key":"Toxic Egg 2"},{"floor":9,"key":"Bag of Preparation"},{"floor":13,"key":"The Specimen"}],"event_choices":[{"damage_healed":0,"gold_gain":0,"player_choice":"Donut","damage_taken":0,"max_hp_gain":5,"max_hp_loss":0,"event_name":"Big Fish","floor":3,"gold_loss":0},{"damage_healed":0,"gold_gain":0,"player_choice":"Take Damage","damage_taken":20,"relics_obtained":["Golden Idol"],"max_hp_gain":0,"max_hp_loss":0,"event_name":"Golden Idol","floor":4,"gold_loss":0},{"damage_healed":0,"gold_gain":0,"player_choice":"Forge","damage_taken":0,"max_hp_gain":0,"max_hp_loss":0,"event_name":"Accursed Blacksmith","floor":5,"gold_loss":0,"cards_upgraded":["Neutralize"]}],"is_beta":false,"boss_relics":[],"items_purged_floors":[],"is_endless":false,"potions_floor_spawned":[12,13],"killed_by":"Slime Boss","ascension_level":11}