{"gold_per_floor":[116,132,144,144,154,36,47,47,73,85,85,85,103,118,118,215,215,231,243,223,243,253,270,287,287],"floor_reached":25,"playtime":1125,"items_purged":[],"score":203,"play_id":"f97dce07-6f8c-4325-8325-11d14d98ca21","local_time":"20190224160018","is_ascension_mode":false,"campfire_choices":[{"floor":11.0,"key":"REST"},{"floor":15.0,"key":"REST"}],"neow_cost":"NONE","seed_source_timestamp":770398977292922,"circlet_count":0,"master_deck":["Strike_B","Strike_B","Defend_B","Defend_B","Defend_B","Defend_B","Zap","Dualcast","Buffer","Darkness","Barrage","Compile Driver","Defragment","Redo","Barrage","Coolheaded","Leap","Zap","All For One","Ball Lightning","Static Discharge","Cold Snap","Rainbow","Self Repair","White Noise","Redo","Steam","Leap+1","Steam"],"special_seed":0,"relics":["Cracked Core"],"potions_floor_usage":[21,21,22,24,25],"damage_taken":[{"damage":0.0,"enemies":"2 Louse","floor":1.0,"turns":3.0},{"damage":3.0,"enemies":"Jaw Worm","floor":2.0,"turns":4.0},{"damage":0.0,"enemies":"Cultist","floor":3.0,"turns":4.0},{"damage":16.0,"enemies":"Exordium Wildlife","floor":5.0,"turns":5.0},{"damage":4.0,"enemies":"Large Slime","floor":7.0,"turns":6.0},{"damage":25.0,"enemies":"Gremlin Gang","floor":10.0,"turns":4.0},{"damage":0.0,"enemies":"3 Louse","floor":13.0,"turns":3.0},{"damage":1.0,"enemies":"Exordium Wildlife","floor":14.0,"turns":3.0},{"damage":24.0,"enemies":"The Guardian","floor":16.0,"turns":11.0},{"damage":21.0,"enemies":"3 Byrds","floor":18.0,"turns":4.0},{"damage":7.0,"enemies":"Shell Parasite","floor":19.0,"turns":5.0},{"damage":23,"enemies":"Centurion and Healer","floor":21,"turns":8},{"damage":20,"enemies":"Snake Plant","floor":22,"turns":5},{"damage":24,"enemies":"Chosen and Byrds","floor":23,"turns":8},{"damage":4,"enemies":"Sentry and Sphere","floor":24,"turns":4},{"damage":14,"enemies":"Snake Plant","floor":25,"turns":2}],"seed_played":"6584397028648840188","potions_obtained":[{"floor":1.0,"key":"Block Potion"},{"floor":2.0,"key":"SpeedPotion"},{"floor":10.0,"key":"AttackPotion"},{"floor":13.0,"key":"FocusPotion"},{"floor":16.0,"key":"FocusPotion"},{"floor":18.0,"key":"Weak Potion"},{"floor":20.0,"key":"GamblersBrew"},{"floor":22,"key":"PowerPotion"},{"floor":24,"key":"Dexterity Potion"}],"is_trial":false,"path_per_floor":["M","M","M","?","M","$","M","?","T","M","R","?","M","M","R","B",null,"M","M","?","M","M","M","M","M"],"character_chosen":"DEFECT","items_purchased":["Redo","Barrage","Coolheaded"],"campfire_rested":2,"item_purchase_floors":[6,6,6],"current_hp_per_floor":[75,72,72,65,49,49,45,45,45,20,42,42,42,41,63,39,75,54,54,54,38,25,8,11,0],"gold":287,"neow_bonus":"TRANSFORM_CARD","is_prod":false,"is_daily":false,"chose_seed":false,"campfire_upgraded":0,"win_rate":0,"timestamp":1551049218,"path_taken":["M","M","M","?","M","?","M","?","T","?","R","?","M","M","R","BOSS","M","M","?","M","M","M","M","?"],"build_version":"2019-01-23","purchased_purges":0,"victory":false,"max_hp_per_floor":[75,75,75,75,75,75,75,75,75,75,75,75,75,75,75,75,75,75,75,75,75,75,75,75,75],"card_choices":[{"not_picked":["Beam Cell","Skim"],"picked":"Darkness","floor":1.0},{"not_picked":["Streamline","Conserve Battery"],"picked":"Barrage","floor":2.0},{"not_picked":["Hello World","Undo"],"picked":"Compile Driver","floor":3.0},{"not_picked":["Conserve Battery","Skim"],"picked":"Defragment","floor":5.0},{"not_picked":["Streamline","Chill"],"picked":"Leap","floor":7.0},{"not_picked":["Beam Cell","Hyperbeam"],"picked":"Ball Lightning","floor":10.0},{"not_picked":["Hologram","Leap"],"picked":"Static Discharge","floor":13.0},{"not_picked":["Beam Cell","Scrape"],"picked":"Cold Snap","floor":14.0},{"not_picked":["Buffer","Meteor Strike"],"picked":"Rainbow","floor":16.0},{"not_picked":["Blizzard","Cold Snap"],"picked":"Self Repair","floor":18.0},{"not_picked":["Loop","Cold Snap"],"picked":"White Noise","floor":19.0},{"not_picked":["Gash","Scrape"],"picked":"Redo","floor":21},{"not_picked":["Aggregate","Go for the Eyes"],"picked":"Steam","floor":22},{"not_picked":["Gash+1","Beam Cell"],"picked":"Leap+1","floor":23},{"not_picked":["Hologram","Gash"],"picked":"Steam","floor":24}],"player_experience":1592370,"relics_obtained":[],"event_choices":[{"cards_removed":["Strike_B"],"damage_healed":0.0,"max_hp_gain":0.0,"max_hp_loss":0.0,"gold_gain":0.0,"event_name":"Golden Wing","player_choice":"Card Removal","floor":4.0,"gold_loss":0.0,"damage_taken":7.0},{"damage_healed":0.0,"max_hp_gain":0.0,"max_hp_loss":0.0,"gold_gain":0.0,"event_name":"Match and Keep!","player_choice":"2 cards matched","floor":8.0,"gold_loss":0.0,"damage_taken":0.0,"cards_obtained":["Zap","All For One"]},{"damage_healed":0.0,"max_hp_gain":0.0,"max_hp_loss":0.0,"gold_gain":0.0,"event_name":"Golden Idol","player_choice":"Ignored","floor":12.0,"gold_loss":0.0,"damage_taken":0.0},{"damage_healed":0.0,"max_hp_gain":0.0,"max_hp_loss":0.0,"gold_gain":0.0,"event_name":"The Woman in Blue","player_choice":"Bought 1 Potion","floor":20.0,"gold_loss":0.0,"damage_taken":0.0}],"is_beta":false,"boss_relics":[{"not_picked":["Coffee Dripper","Philosopher\u0027s Stone","Ectoplasm"]}],"items_purged_floors":[],"is_endless":false,"potions_floor_spawned":[1,2,10,13,16,18,22,24],"killed_by":"Snake Plant","ascension_level":0}