{"gold_per_floor":[111,130,142,162,162,162,162,20,20,34,34,49,49,69,69,164,164,176,0,0,0,0,0,11,44,44,44,44,44,61,61],"floor_reached":31,"playtime":971,"items_purged":[],"score":247,"play_id":"d1825cc6-9dd2-4614-bef3-b48a9ef2fb2c","local_time":"20190203124408","is_ascension_mode":false,"campfire_choices":[{"data":"Combust","floor":6,"key":"SMITH"},{"data":"Flame Barrier","floor":11,"key":"SMITH"},{"data":"Rupture","floor":15,"key":"SMITH"},{"data":"Body Slam","floor":23,"key":"SMITH"},{"floor":28,"key":"REST"}],"neow_cost":"CURSE","seed_source_timestamp":433323261851164,"circlet_count":0,"master_deck":["Strike_R","Strike_R","Defend_R","Defend_R","Defend_R","Bash","Parasite","Burning Pact","Combust+1","Flex","Anger","Rage","Body Slam+1","Finesse","Flex","Flame Barrier+1","Body Slam+1","Rupture+1","Offering","True Grit+1","Entrench+1","Ghostly Armor","Reckless Charge+1"],"relics":["Burning Blood"],"potions_floor_usage":[14,16,25,25,27,29,29,30],"damage_taken":[{"damage":7,"enemies":"2 Louse","floor":1,"turns":3},{"damage":8,"enemies":"Jaw Worm","floor":2,"turns":4},{"damage":8,"enemies":"Small Slimes","floor":3,"turns":3},{"damage":16,"enemies":"3 Louse","floor":4,"turns":3},{"damage":21,"enemies":"Exordium Wildlife","floor":10,"turns":4},{"damage":5,"enemies":"Looter","floor":12,"turns":3},{"damage":1,"enemies":"Red Slaver","floor":14,"turns":3},{"damage":33,"enemies":"The Guardian","floor":16,"turns":8},{"damage":26,"enemies":"Spheric Guardian","floor":18,"turns":4},{"damage":13,"enemies":"2 Thieves","floor":24,"turns":5},{"damage":52,"enemies":"Slavers","floor":25,"turns":6},{"damage":6,"enemies":"Snake Plant","floor":29,"turns":3},{"damage":35,"enemies":"Sentry and Sphere","floor":30,"turns":6},{"damage":11,"enemies":"Chosen and Byrds","floor":31,"turns":3}],"seed_played":"-141349323048442995","potions_obtained":[{"floor":3,"key":"Ancient Potion"},{"floor":10,"key":"Regen Potion"},{"floor":14,"key":"Swift Potion"},{"floor":16,"key":"Energy Potion"},{"floor":25,"key":"Fire Potion"},{"floor":27,"key":"Fruit Juice"},{"floor":27,"key":"SmokeBomb"},{"floor":27,"key":"SkillPotion"}],"is_trial":false,"path_per_floor":["M","M","M","M","?","R","?","$","T","M","R","M","?","M","R","B",null,"M","?","$","?","$","R","M","E","T","?","R","M","M","M"],"character_chosen":"IRONCLAD","items_purchased":["Finesse","Flex"],"campfire_rested":1,"item_purchase_floors":[8,8],"current_hp_per_floor":[79,77,75,65,65,65,58,58,58,43,43,44,44,61,61,34,80,60,60,60,60,60,60,53,7,7,12,37,37,8,0],"gold":61,"neow_bonus":"TRANSFORM_TWO_CARDS","is_prod":false,"is_daily":false,"chose_seed":false,"campfire_upgraded":4,"win_rate":0,"timestamp":1549223048,"path_taken":["M","M","M","M","?","R","?","$","T","M","R","M","?","?","R","BOSS","M","?","$","?","?","R","M","E","T","?","R","?","M","M"],"build_version":"2019-01-23","purchased_purges":0,"victory":false,"max_hp_per_floor":[80,80,80,80,80,80,80,80,80,80,80,80,80,80,80,80,80,80,80,80,80,80,80,80,80,80,85,85,85,85,85],"card_choices":[{"not_picked":["Pommel Strike","Havoc"],"picked":"Flex","floor":1},{"not_picked":["Headbutt","Second Wind"],"picked":"Anger","floor":2},{"not_picked":["Twin Strike","Sever Soul"],"picked":"Rage","floor":3},{"not_picked":["Heavy Blade","Disarm"],"picked":"Body Slam","floor":4},{"not_picked":["Shrug It Off","Entrench"],"picked":"Flame Barrier","floor":10},{"not_picked":["Sword Boomerang","Metallicize"],"picked":"Body Slam","floor":12},{"not_picked":["Battle Trance","Iron Wave"],"picked":"Rupture","floor":14},{"not_picked":["Impervious","Berserk"],"picked":"Offering","floor":16},{"not_picked":["Burning Pact","Havoc"],"picked":"True Grit+1","floor":18},{"not_picked":["Feel No Pain","Battle Trance"],"picked":"Entrench+1","floor":24},{"not_picked":["Perfected Strike+1","Searing Blow"],"picked":"Ghostly Armor","floor":25},{"not_picked":["Perfected Strike","Sentinel"],"picked":"Reckless Charge+1","floor":30}],"player_experience":1380036,"relics_obtained":[],"event_choices":[{"damage_healed":0,"gold_gain":0,"player_choice":"Grow","damage_taken":0,"max_hp_gain":0,"max_hp_loss":0,"event_name":"Living Wall","floor":5,"gold_loss":0,"cards_upgraded":["Body Slam"]},{"cards_removed":["Strike_R"],"damage_healed":0,"gold_gain":0,"player_choice":"Card Removal","damage_taken":7,"max_hp_gain":0,"max_hp_loss":0,"event_name":"Golden Wing","floor":7,"gold_loss":0},{"damage_healed":0,"gold_gain":0,"player_choice":"Fled","damage_taken":0,"max_hp_gain":0,"max_hp_loss":0,"event_name":"Scrap Ooze","floor":13,"gold_loss":0},{"damage_healed":0,"gold_gain":0,"player_choice":"Paid Fearfully","damage_taken":0,"max_hp_gain":0,"max_hp_loss":0,"event_name":"Masked Bandits","floor":19,"gold_loss":176},{"cards_removed":["Strike_R"],"damage_healed":0,"gold_gain":0,"player_choice":"Elegance","damage_taken":0,"max_hp_gain":0,"max_hp_loss":0,"event_name":"Back to Basics","floor":21,"gold_loss":0},{"damage_healed":0,"gold_gain":0,"player_choice":"Got Potions","damage_taken":0,"max_hp_gain":0,"max_hp_loss":0,"event_name":"Lab","floor":27,"gold_loss":0}],"is_beta":false,"boss_relics":[{"not_picked":["Fusion Hammer","Coffee Dripper","Calling Bell"]}],"items_purged_floors":[],"is_endless":false,"potions_floor_spawned":[3,10,14,16,25],"killed_by":"Chosen and Byrds","ascension_level":0}