{"gold_per_floor":[109,126,136,150,167,200,200,200,253,268,301,301,107,138,138,138],"floor_reached":16,"playtime":1584,"items_purged":["Strike_R"],"score":159,"play_id":"9b9f39c2-d1df-49f4-a00f-c0801056f738","local_time":"20190321190814","is_ascension_mode":true,"campfire_choices":[{"data":"Bash","floor":8,"key":"SMITH"},{"data":"Clothesline","floor":12,"key":"SMITH"},{"floor":15,"key":"REST"}],"neow_cost":"NONE","seed_source_timestamp":502024845960943,"circlet_count":0,"master_deck":["Strike_R","Strike_R","Strike_R","Defend_R","Defend_R","Defend_R","Defend_R","Bash+1","Disarm","Flame Barrier","Clothesline","Armaments","Fiend Fire","Spot Weakness","Second Wind","Sentinel","Clothesline+1","Feel No Pain","Warcry","Reaper"],"relics":["Burning Blood","Incense Burner","Bottled Flame","PreservedInsect"],"potions_floor_usage":[1,5,11,16,16],"damage_taken":[{"damage":2,"enemies":"Jaw Worm","floor":1,"turns":4},{"damage":3,"enemies":"Cultist","floor":2,"turns":4},{"damage":1,"enemies":"Small Slimes","floor":3,"turns":3},{"damage":3,"enemies":"Looter","floor":4,"turns":5},{"damage":12,"enemies":"3 Louse","floor":5,"turns":6},{"damage":27,"enemies":"Lagavulin","floor":6,"turns":10},{"damage":4,"enemies":"Large Slime","floor":10,"turns":5},{"damage":25,"enemies":"3 Sentries","floor":11,"turns":9},{"damage":24,"enemies":"Gremlin Nob","floor":14,"turns":5},{"damage":62,"enemies":"Slime Boss","floor":16,"turns":18}],"seed_played":"-8565329054384293450","potions_obtained":[{"floor":0,"key":"Dexterity Potion"},{"floor":0,"key":"Energy Potion"},{"floor":0,"key":"Explosive Potion"},{"floor":2,"key":"BloodPotion"},{"floor":3,"key":"Ancient Potion"},{"floor":4,"key":"GamblersBrew"},{"floor":6,"key":"GamblersBrew"}],"is_trial":false,"path_per_floor":["?","M"],"character_chosen":"IRONCLAD","items_purchased":["Feel No Pain","Warcry"],"campfire_rested":1,"item_purchase_floors":[13,13],"current_hp_per_floor":[76,79,80,80,74,53,53,53,53,55,44,44,44,26,50,0],"gold":138,"neow_bonus":"THREE_SMALL_POTIONS","is_prod":false,"is_daily":false,"chose_seed":false,"campfire_upgraded":2,"win_rate":0,"timestamp":1553209694,"path_taken":["M","M","M","M","M","E","?","R","T","?","E","R","$","E","R","BOSS"],"build_version":"2019-01-23","purchased_purges":1,"victory":false,"max_hp_per_floor":[80,80,80,80,80,80,80,80,80,80,80,80,80,80,80,80],"card_choices":[{"not_picked":["Headbutt","Twin Strike"],"picked":"Disarm","floor":1},{"not_picked":["Anger","Combust"],"picked":"Flame Barrier","floor":2},{"not_picked":["Iron Wave","Sever Soul"],"picked":"Clothesline","floor":3},{"not_picked":["Havoc","Body Slam"],"picked":"Armaments","floor":4},{"not_picked":["Twin Strike","Havoc"],"picked":"Fiend Fire","floor":5},{"not_picked":["Hemokinesis","Pommel Strike"],"picked":"Spot Weakness","floor":6},{"not_picked":["Burning Pact","Havoc"],"picked":"Sentinel","floor":10},{"not_picked":["Sword Boomerang","Clash"],"picked":"Clothesline","floor":11},{"not_picked":["Carnage","Cleave"],"picked":"Reaper","floor":14}],"player_experience":852205,"relics_obtained":[{"floor":6,"key":"Incense Burner"},{"floor":11,"key":"Bottled Flame"},{"floor":14,"key":"PreservedInsect"}],"event_choices":[{"damage_healed":0,"gold_gain":0,"cards_transformed":["Strike_R"],"player_choice":"Transformed","damage_taken":0,"max_hp_gain":0,"max_hp_loss":0,"event_name":"Transmorgrifier","floor":7,"gold_loss":0,"cards_obtained":["Second Wind"]}],"is_beta":false,"boss_relics":[],"items_purged_floors":[13],"is_endless":false,"potions_floor_spawned":[2,3,4,6],"killed_by":"Slime Boss","ascension_level":6}