{"gold_per_floor":[369,383,4,22,38,69,69,84,110,128,147,147,163,15,15,118,118,58,58,71,2,2,2,19,1,1,1,1,12,12,12],"floor_reached":31,"playtime":5642,"items_purged":[],"score":334,"play_id":"51dcd085-ca76-47df-a6da-3a6f5341186a","local_time":"20190201105715","is_ascension_mode":true,"campfire_choices":[{"floor":7,"key":"REST"},{"floor":15,"key":"REST"},{"floor":23,"key":"REST"},{"floor":27,"key":"REST"},{"data":"Corruption","floor":30,"key":"SMITH"}],"neow_cost":"TEN_PERCENT_HP_LOSS","seed_source_timestamp":0,"circlet_count":0,"master_deck":["Strike_R+1","Strike_R+1","Strike_R+1","Strike_R+1","Strike_R+1","Defend_R+1","Defend_R+1","Defend_R+1","Defend_R+1","Bash","Twin Strike","Armaments","Apotheosis","Heavy Blade","Flex","Body Slam","Feel No Pain","Dual Wield","Seeing Red","Thunderclap","Corruption+1","Disarm","Double Tap","Blood for Blood","Metallicize","True Grit","Rampage","Barricade","Shrug It Off","Flame Barrier","Bludgeon","Pommel Strike","Reckless Charge","Ghostly","Ghostly","Ghostly","Ghostly","Ghostly","Clothesline"],"relics":["Burning Blood","Membership Card","Blue Candle","Vajra","NlothsMask","White Beast Statue"],"potions_floor_usage":[4,10,13,13,16,16,20,24,24],"damage_taken":[{"damage":12,"enemies":"Jaw Worm","floor":1,"turns":6},{"damage":11,"enemies":"Cultist","floor":2,"turns":4},{"damage":7,"enemies":"2 Louse","floor":4,"turns":3},{"damage":6,"enemies":"2 Fungi Beasts","floor":5,"turns":4},{"damage":49,"enemies":"3 Sentries","floor":6,"turns":10},{"damage":14,"enemies":"Exordium Wildlife","floor":8,"turns":6},{"damage":6,"enemies":"Large Slime","floor":10,"turns":5},{"damage":31,"enemies":"Gremlin Gang","floor":11,"turns":6},{"damage":14,"enemies":"Looter","floor":13,"turns":3},{"damage":51,"enemies":"The Guardian","floor":16,"turns":8},{"damage":44,"enemies":"2 Thieves","floor":18,"turns":4},{"damage":0,"enemies":"Chosen","floor":20,"turns":8},{"damage":49,"enemies":"Snake Plant","floor":24,"turns":6},{"damage":15,"enemies":"Centurion and Healer","floor":29,"turns":7},{"damage":33,"enemies":"Book of Stabbing","floor":31,"turns":5}],"seed_played":"2940461889059798981","potions_obtained":[{"floor":1,"key":"Fruit Juice"},{"floor":8,"key":"Block Potion"},{"floor":10,"key":"Regen Potion"},{"floor":11,"key":"Regen Potion"},{"floor":16,"key":"PowerPotion"},{"floor":18,"key":"Fire Potion"},{"floor":20,"key":"BloodPotion"},{"floor":24,"key":"SpeedPotion"},{"floor":29,"key":"Fire Potion"}],"is_trial":false,"path_per_floor":["M","M","$","M","M","E","R","M","T","M","M","?","M","$","R","B",null,"M","?","M","$","?","R","M","$","T","R","?","M","R","E"],"character_chosen":"IRONCLAD","items_purchased":["Membership Card","Apotheosis","Heavy Blade","Flex","Body Slam","Feel No Pain","BloodPotion","Metallicize","True Grit","PowerPotion","Rampage","Bludgeon","Reckless Charge"],"campfire_rested":4,"item_purchase_floors":[3,3,3,3,3,3,14,14,14,14,14,21,25],"current_hp_per_floor":[66,61,61,65,65,22,45,37,37,37,12,12,23,23,46,8,77,39,25,31,31,31,55,20,20,20,44,41,32,32,0],"gold":12,"neow_bonus":"TWO_FIFTY_GOLD","is_prod":false,"is_daily":false,"chose_seed":true,"campfire_upgraded":1,"win_rate":0,"timestamp":1549018635,"path_taken":["M","M","$","M","M","E","R","M","T","M","M","?","M","?","R","BOSS","M","?","M","?","?","R","M","$","T","R","?","M","R","E"],"build_version":"2019-01-23","purchased_purges":0,"victory":false,"max_hp_per_floor":[72,72,72,77,77,77,77,77,77,77,77,77,77,77,77,77,77,77,82,82,82,82,82,82,82,82,82,41,41,41,41],"card_choices":[{"not_picked":["Fire Breathing","Pommel Strike"],"picked":"Twin Strike","floor":1},{"not_picked":["Twin Strike","Warcry"],"picked":"Armaments","floor":2},{"not_picked":["Feel No Pain","Flex"],"picked":"Dual Wield","floor":4},{"not_picked":["Anger","Reckless Charge"],"picked":"Seeing Red","floor":5},{"not_picked":["Havoc","Pommel Strike"],"picked":"Thunderclap","floor":6},{"not_picked":["Ghostly Armor","Iron Wave"],"picked":"Corruption","floor":8},{"not_picked":["Iron Wave","Thunderclap"],"picked":"Disarm","floor":10},{"not_picked":["Sever Soul","Evolve"],"picked":"Double Tap","floor":11},{"not_picked":["Evolve","Dropkick"],"picked":"Blood for Blood","floor":13},{"not_picked":["Brutality","Bludgeon"],"picked":"Barricade","floor":16},{"not_picked":["Combust","Rupture+1"],"picked":"Shrug It Off","floor":18},{"not_picked":["Warcry+1","Battle Trance"],"picked":"Flame Barrier","floor":20},{"not_picked":["Havoc","Bloodletting"],"picked":"Pommel Strike","floor":24},{"not_picked":["Havoc","Combust+1"],"picked":"Clothesline","floor":29}],"player_experience":135319,"relics_obtained":[{"floor":6,"key":"Blue Candle"},{"floor":9,"key":"Vajra"}],"event_choices":[{"damage_healed":0,"gold_gain":0,"player_choice":"Trade","damage_taken":0,"relics_obtained":["NlothsMask"],"max_hp_gain":0,"max_hp_loss":0,"event_name":"FaceTrader","floor":12,"gold_loss":0},{"damage_healed":0,"gold_gain":0,"player_choice":"Shed Blood","damage_taken":19,"max_hp_gain":5,"max_hp_loss":0,"event_name":"Forgotten Altar","floor":19,"gold_loss":0},{"damage_healed":0,"gold_gain":0,"player_choice":"Simplicity","damage_taken":0,"max_hp_gain":0,"max_hp_loss":0,"event_name":"Back to Basics","floor":22,"gold_loss":0,"cards_upgraded":["Strike_R","Strike_R","Strike_R","Strike_R","Strike_R","Defend_R","Defend_R","Defend_R","Defend_R"]},{"damage_healed":0,"gold_gain":0,"player_choice":"Became a Ghost","damage_taken":0,"max_hp_gain":0,"max_hp_loss":41,"event_name":"Ghosts","floor":28,"gold_loss":0,"cards_obtained":["Ghostly","Ghostly","Ghostly","Ghostly","Ghostly"]}],"is_beta":false,"boss_relics":[{"not_picked":["Astrolabe","Philosopher\u0027s Stone"],"picked":"White Beast Statue"}],"items_purged_floors":[],"is_endless":false,"potions_floor_spawned":[1,8,10,11,16,18,20,24,29],"killed_by":"Book of Stabbing","ascension_level":4}