{"gold_per_floor":[118,137,147,147,167,201,221,221,291,305,315,11,26,39,39,137,137,151,41,61,61,61,61,61,11,11,27,9,9,27,27,27,27],"floor_reached":33,"playtime":3654,"items_purged":["Strike_G","Strike_G"],"score":251,"play_id":"f09e8f9d-7841-48cb-8a11-4c57fd493f49","local_time":"20190130010546","is_ascension_mode":false,"campfire_choices":[{"floor":8,"key":"REST"},{"floor":15,"key":"REST"},{"floor":23,"key":"REST"},{"floor":29,"key":"REST"},{"floor":32,"key":"REST"}],"neow_cost":"NONE","seed_source_timestamp":91789528994888,"circlet_count":0,"master_deck":["Defend_G","Defend_G","Defend_G","Defend_G","Strike_G","Strike_G","Strike_G","Survivor","Neutralize","Blade Dance","Bane","Backflip","Underhanded Strike","Caltrops","Endless Agony","Finisher","Dagger Spray","Dagger Throw","Flying Knee","Blade Dance","Dagger Spray","Infinite Blades","Prepared","Prepared","Corpse Explosion","Infinite Blades","Acrobatics","Underhanded Strike","Dagger Throw","Distraction","Die Die Die","Die Die Die"],"relics":["Bag of Preparation","Matryoshka","Membership Card","Black Star","TwistedFunnel","Nloth\u0027s Gift","Anchor","Darkstone Periapt"],"potions_floor_usage":[16,16,30,33,33],"damage_taken":[{"damage":1,"enemies":"2 Louse","floor":1,"turns":3},{"damage":0,"enemies":"Cultist","floor":2,"turns":3},{"damage":1,"enemies":"Jaw Worm","floor":3,"turns":4},{"damage":0,"enemies":"Blue Slaver","floor":5,"turns":1},{"damage":45,"enemies":"Lagavulin","floor":6,"turns":9},{"damage":6,"enemies":"Large Slime","floor":7,"turns":6},{"damage":4,"enemies":"Gremlin Gang","floor":10,"turns":3},{"damage":10,"enemies":"Red Slaver","floor":11,"turns":5},{"damage":7,"enemies":"Blue Slaver","floor":13,"turns":3},{"damage":4,"enemies":"Exordium Thugs","floor":14,"turns":4},{"damage":11,"enemies":"Slime Boss","floor":16,"turns":6},{"damage":34,"enemies":"Shell Parasite","floor":18,"turns":4},{"damage":15,"enemies":"Spheric Guardian","floor":20,"turns":3},{"damage":36,"enemies":"Snake Plant","floor":27,"turns":5},{"damage":24,"enemies":"Centurion and Healer","floor":30,"turns":8},{"damage":39,"enemies":"Automaton","floor":33,"turns":6}],"seed_played":"2297684655699343185","potions_obtained":[{"floor":5,"key":"Swift Potion"},{"floor":6,"key":"Explosive Potion"},{"floor":7,"key":"Weak Potion"},{"floor":14,"key":"Fire Potion"},{"floor":16,"key":"PowerPotion"},{"floor":27,"key":"PowerPotion"}],"is_trial":false,"path_per_floor":["?","M","$","M","?","?","?","M","$","?"],"character_chosen":"THE_SILENT","items_purchased":["Dagger Spray","Membership Card","Infinite Blades","TwistedFunnel","Acrobatics","Distraction"],"campfire_rested":5,"item_purchase_floors":[12,12,12,19,19,28],"current_hp_per_floor":[69,69,68,68,68,23,17,38,38,34,24,24,17,13,34,23,70,36,36,21,21,21,42,42,42,42,6,6,27,3,3,24,0],"gold":27,"neow_bonus":"BOSS_RELIC","is_prod":false,"is_daily":false,"chose_seed":false,"campfire_upgraded":0,"win_rate":0.0,"timestamp":1548828346,"path_taken":["M","M","M","?","M","E","?","R","T","M","M","?","M","?","R","BOSS","M","$","M","?","?","R","?","$","T","?","?","R","M","?","R","BOSS"],"build_version":"2019-01-23","purchased_purges":2,"victory":false,"max_hp_per_floor":[70,70,70,70,70,70,70,70,70,70,70,70,70,70,70,70,70,70,70,70,70,70,70,70,70,70,70,70,70,70,70,70,70],"card_choices":[{"not_picked":["Deflect","Prepared"],"picked":"Blade Dance","floor":0},{"not_picked":["Reflex","Deadly Poison"],"picked":"Bane","floor":0},{"not_picked":["Flechettes","Tactician"],"picked":"Backflip","floor":0},{"not_picked":["Bane","Masterful Stab"],"picked":"Underhanded Strike","floor":0},{"not_picked":["Outmaneuver","Slice"],"picked":"Caltrops","floor":0},{"not_picked":["Outmaneuver","Underhanded Strike"],"picked":"Endless Agony","floor":1},{"not_picked":["Leg Sweep","Footwork","Bouncing Flask"],"picked":"SKIP","floor":2},{"not_picked":["Backflip","Envenom"],"picked":"Finisher","floor":3},{"not_picked":["Finisher","Acrobatics"],"picked":"Dagger Spray","floor":5},{"not_picked":["Heel Hook","Noxious Fumes","Corpse Explosion"],"picked":"SKIP","floor":6},{"not_picked":["Sucker Punch","Infinite Blades"],"picked":"Dagger Throw","floor":7},{"not_picked":["Outmaneuver","PiercingWail"],"picked":"Flying Knee","floor":10},{"not_picked":["Well Laid Plans","Masterful Stab"],"picked":"Blade Dance","floor":11},{"not_picked":["Burst","Outmaneuver"],"picked":"Prepared","floor":13},{"not_picked":["Skewer","Masterful Stab"],"picked":"Prepared","floor":14},{"not_picked":["Glass Knife","Doppelganger"],"picked":"Corpse Explosion","floor":16},{"not_picked":["Backflip","Bane"],"picked":"Infinite Blades","floor":18},{"not_picked":["Quick Slash","Reflex+1"],"picked":"Underhanded Strike","floor":20},{"not_picked":["Sucker Punch","After Image"],"picked":"Dagger Throw","floor":27},{"not_picked":["Flying Knee","All Out Attack"],"picked":"Die Die Die","floor":30}],"player_experience":32430,"relics_obtained":[{"floor":6,"key":"Bag of Preparation"},{"floor":9,"key":"Matryoshka"},{"floor":26,"key":"Anchor"},{"floor":26,"key":"Darkstone Periapt"}],"event_choices":[{"cards_removed":["Defend_G"],"damage_healed":0,"gold_gain":0,"player_choice":"Purged","damage_taken":0,"max_hp_gain":0,"max_hp_loss":0,"event_name":"Purifier","floor":4,"gold_loss":0},{"damage_healed":0,"gold_gain":0,"player_choice":"Ignored","damage_taken":0,"max_hp_gain":0,"max_hp_loss":0,"event_name":"Ghosts","floor":21,"gold_loss":0},{"damage_healed":0,"gold_gain":0,"player_choice":"Ignored","damage_taken":0,"max_hp_gain":0,"max_hp_loss":0,"event_name":"Beggar","floor":22,"gold_loss":0},{"damage_healed":0,"gold_gain":0,"player_choice":"Traded Relic","damage_taken":0,"relics_obtained":["Nloth\u0027s Gift"],"max_hp_gain":0,"max_hp_loss":0,"event_name":"N\u0027loth","floor":24,"relics_lost":["Orrery"],"gold_loss":0},{"damage_healed":0,"gold_gain":0,"player_choice":"Copied","damage_taken":0,"max_hp_gain":0,"max_hp_loss":0,"event_name":"Duplicator","floor":31,"gold_loss":0,"cards_obtained":["Die Die Die"]}],"is_beta":false,"boss_relics":[{"not_picked":["White Beast Statue","Tiny House"],"picked":"Black Star"}],"items_purged_floors":[12,25],"is_endless":false,"potions_floor_spawned":[5,6,7,11,14,16,27],"killed_by":"Automaton","ascension_level":0}