{"gold_per_floor":[117,67,79,79,90,145,145,164,164,174,174,28,93,123,123,222,222,235,248,248,173,188,188,208,235,315,315,315],"floor_reached":28,"playtime":1374,"items_purged":["Defend_R"],"score":248,"play_id":"652fce63-f4e0-47de-b42b-0e756225f31c","local_time":"20190210231617","is_ascension_mode":false,"campfire_choices":[{"floor":7,"key":"REST"},{"floor":11,"key":"REST"},{"floor":15,"key":"REST"},{"data":"Combust","floor":23,"key":"SMITH"}],"neow_cost":"NONE","seed_source_timestamp":297174835123516,"circlet_count":0,"master_deck":["Strike_R","Strike_R","Strike_R","Defend_R","Defend_R","Defend_R","Bash","Cleave","Combust","Cleave","Fire Breathing","Combust+1","Combust","Metallicize","Feed","Shrug It Off","Dual Wield","Armaments+1","Flame Barrier","RitualDagger"],"relics":["Black Blood","Centennial Puzzle","Tiny Chest","Mummified Hand","Red Skull","Champion Belt","Bottled Flame","Bag of Preparation","Question Card"],"potions_floor_usage":[10,16,16,22,25,28,28],"damage_taken":[{"damage":4,"enemies":"2 Louse","floor":1,"turns":3},{"damage":6,"enemies":"Jaw Worm","floor":3,"turns":3},{"damage":0,"enemies":"Small Slimes","floor":5,"turns":4},{"damage":58,"enemies":"Lagavulin","floor":6,"turns":6},{"damage":6,"enemies":"Exordium Wildlife","floor":8,"turns":4},{"damage":4,"enemies":"Gremlin Gang","floor":10,"turns":3},{"damage":29,"enemies":"Gremlin Nob","floor":13,"turns":4},{"damage":8,"enemies":"Gremlin Nob","floor":14,"turns":3},{"damage":20,"enemies":"Slime Boss","floor":16,"turns":6},{"damage":13,"enemies":"3 Byrds","floor":18,"turns":3},{"damage":18,"enemies":"2 Thieves","floor":19,"turns":4},{"damage":16,"enemies":"Snake Plant","floor":22,"turns":5},{"damage":12,"enemies":"3 Cultists","floor":24,"turns":3},{"damage":44,"enemies":"Gremlin Leader","floor":25,"turns":6},{"damage":21,"enemies":"Slavers","floor":28,"turns":3}],"seed_played":"-6136685299969825900","potions_obtained":[{"floor":5,"key":"Swift Potion"},{"floor":6,"key":"Regen Potion"},{"floor":8,"key":"GamblersBrew"},{"floor":13,"key":"Swift Potion"},{"floor":18,"key":"Fire Potion"},{"floor":19,"key":"Weak Potion"},{"floor":22,"key":"Block Potion"}],"is_trial":false,"path_per_floor":["?","?","?","?","?"],"character_chosen":"IRONCLAD","items_purchased":["Red Skull"],"campfire_rested":3,"item_purchase_floors":[12],"current_hp_per_floor":[80,80,80,73,79,27,51,51,51,58,80,80,57,55,79,65,80,77,69,69,69,63,63,61,27,27,21,0],"gold":315,"neow_bonus":"RANDOM_COMMON_RELIC","is_prod":false,"is_daily":false,"chose_seed":false,"campfire_upgraded":1,"win_rate":0,"timestamp":1549858577,"path_taken":["M","?","M","?","M","E","R","M","T","M","R","$","?","E","R","BOSS","M","M","?","$","M","R","M","E","T","?","E"],"build_version":"2019-01-23","purchased_purges":1,"victory":false,"max_hp_per_floor":[80,80,80,80,80,80,80,80,80,80,80,80,80,80,80,80,80,80,80,80,80,80,80,80,80,80,80,80],"card_choices":[{"not_picked":["Searing Blow","Thunderclap"],"picked":"Cleave","floor":1},{"not_picked":["Hemokinesis","Perfected Strike","Battle Trance"],"picked":"SKIP","floor":3},{"not_picked":["Rage","Sever Soul"],"picked":"Combust","floor":5},{"not_picked":["Fire Breathing","Uppercut"],"picked":"Cleave","floor":6},{"not_picked":["Bloodletting","Twin Strike"],"picked":"Fire Breathing","floor":8},{"not_picked":["Armaments","Wild Strike"],"picked":"Combust","floor":10},{"not_picked":["Clash","Pommel Strike"],"picked":"Combust","floor":13},{"not_picked":["Sever Soul","Bludgeon"],"picked":"Metallicize","floor":14},{"not_picked":["Limit Break","Double Tap"],"picked":"Feed","floor":16},{"not_picked":["Entrench+1","Reckless Charge+1"],"picked":"Shrug It Off","floor":18},{"not_picked":["Thunderclap","Infernal Blade","Twin Strike+1"],"picked":"SKIP","floor":19},{"not_picked":["Burning Pact","Thunderclap","Dual Wield"],"picked":"SKIP","floor":22},{"not_picked":["Burning Pact","Thunderclap"],"picked":"Dual Wield","floor":22},{"not_picked":["True Grit","Warcry"],"picked":"Armaments+1","floor":24},{"not_picked":["Cleave","Thunderclap"],"picked":"Flame Barrier","floor":25}],"player_experience":396792,"relics_obtained":[{"floor":6,"key":"Tiny Chest"},{"floor":9,"key":"Mummified Hand"},{"floor":13,"key":"Champion Belt"},{"floor":14,"key":"Bottled Flame"},{"floor":25,"key":"Bag of Preparation"},{"floor":26,"key":"Question Card"}],"event_choices":[{"cards_removed":["Strike_R"],"damage_healed":0,"gold_gain":0,"player_choice":"Card Removal","damage_taken":0,"max_hp_gain":0,"max_hp_loss":0,"event_name":"The Cleric","floor":2,"gold_loss":50},{"cards_removed":["Strike_R"],"damage_healed":0,"gold_gain":0,"player_choice":"Card Removal","damage_taken":7,"max_hp_gain":0,"max_hp_loss":0,"event_name":"Golden Wing","floor":4,"gold_loss":0},{"damage_healed":0,"gold_gain":0,"player_choice":"Searched \u00272\u0027 times","damage_taken":0,"max_hp_gain":0,"max_hp_loss":0,"event_name":"Dead Adventurer","floor":13,"gold_loss":0},{"damage_healed":0,"gold_gain":0,"player_choice":"Ignored","damage_taken":0,"max_hp_gain":0,"max_hp_loss":0,"event_name":"Ghosts","floor":20,"gold_loss":0},{"damage_healed":0,"gold_gain":0,"player_choice":"Joined the Cult","damage_taken":6,"max_hp_gain":0,"max_hp_loss":0,"event_name":"Nest","floor":27,"gold_loss":0,"cards_obtained":["RitualDagger"]}],"is_beta":false,"boss_relics":[{"not_picked":["Velvet Choker","Cursed Key"],"picked":"Black Blood"}],"items_purged_floors":[21],"is_endless":false,"potions_floor_spawned":[5,6,8,13,18,19,22],"killed_by":"Slavers","ascension_level":0}