{"gold_per_floor":[115,190,190,200,10,10,26,39,39,57,132,6,16,26,26,131,131,148,12,22,22,22,22,32,52,52,52,64,12,24,42,42,42],"floor_reached":33,"playtime":2976,"items_purged":["Strike_G","Strike_G"],"score":362,"play_id":"a2c4d04e-0f09-443f-9e74-d53ef0e8c3e7","local_time":"20190410114522","is_ascension_mode":true,"campfire_choices":[{"data":"After Image","floor":6.0,"key":"SMITH"},{"data":"Noxious Fumes","floor":15.0,"key":"SMITH"},{"data":"Bouncing Flask","floor":23.0,"key":"SMITH"},{"data":"Catalyst","floor":32,"key":"SMITH"}],"neow_cost":"NONE","seed_source_timestamp":133442084999,"circlet_count":0,"master_deck":["Defend_G","Defend_G","Defend_G","Defend_G","Defend_G","Survivor","Neutralize","Noxious Fumes+1","Blur","After Image+1","Flechettes","Cloak And Dagger","Bouncing Flask+1","Predator","Backflip","Corpse Explosion","Noxious Fumes+1","Leg Sweep","Blur","Bite","Bite","Bite","Bite","Crippling Poison","Dodge and Roll+1","Catalyst+1"],"special_seed":0,"relics":["Ring of the Snake","Frozen Egg 2","Cursed Key"],"potions_floor_usage":[30,31,33,33],"damage_taken":[{"damage":0.0,"enemies":"Small Slimes","floor":1.0,"turns":4.0},{"damage":5.0,"enemies":"Jaw Worm","floor":4.0,"turns":5.0},{"damage":0.0,"enemies":"Cultist","floor":7.0,"turns":5.0},{"damage":6.0,"enemies":"Exordium Thugs","floor":8.0,"turns":4.0},{"damage":3.0,"enemies":"Exordium Wildlife","floor":10.0,"turns":6.0},{"damage":0.0,"enemies":"Looter","floor":13.0,"turns":3.0},{"damage":0.0,"enemies":"Large Slime","floor":14.0,"turns":6.0},{"damage":0.0,"enemies":"Hexaghost","floor":16.0,"turns":9.0},{"damage":2.0,"enemies":"Shell Parasite","floor":18.0,"turns":5.0},{"damage":4.0,"enemies":"3 Byrds","floor":20.0,"turns":4.0},{"damage":23.0,"enemies":"Colosseum Slavers","floor":21.0,"turns":5.0},{"damage":15.0,"enemies":"Centurion and Healer","floor":24.0,"turns":5.0},{"damage":19.0,"enemies":"Snake Plant","floor":25.0,"turns":4.0},{"damage":7,"enemies":"Snecko","floor":28,"turns":5},{"damage":1,"enemies":"3 Cultists","floor":30,"turns":4},{"damage":8,"enemies":"Snake Plant","floor":31,"turns":6},{"damage":71,"enemies":"Collector","floor":33,"turns":8}],"seed_played":"1588556697907540935","potions_obtained":[{"floor":8.0,"key":"GhostInAJar"},{"floor":10.0,"key":"Energy Potion"},{"floor":14.0,"key":"Fire Potion"},{"floor":16.0,"key":"EntropicBrew"},{"floor":28,"key":"AttackPotion"},{"floor":30,"key":"Poison Potion"},{"floor":31,"key":"LiquidBronze"}],"is_trial":false,"path_per_floor":["M","?","?","M","$","R","M","M","T","M","T","$","M","M","R","B",null,"M","$","M","?","?","R","M","M","T","?","M","$","M","M","R","B"],"character_chosen":"THE_SILENT","items_purchased":["After Image","Explosive Potion","Dexterity Potion","Leg Sweep","Fire Potion"],"campfire_rested":0,"item_purchase_floors":[5,5,12,19,29],"current_hp_per_floor":[77,66,71,66,66,66,66,60,60,57,57,57,57,57,57,57,82,80,80,76,53,53,53,46,31,31,31,34,34,41,41,41,0],"gold":42,"neow_bonus":"TEN_PERCENT_HP_BONUS","is_prod":false,"is_daily":false,"chose_seed":false,"campfire_upgraded":4,"win_rate":0,"timestamp":1554911122,"path_taken":["M","?","?","M","?","R","M","?","T","M","?","$","M","M","R","BOSS","M","$","M","?","?","R","M","M","T","?","M","$","M","M","R","BOSS"],"build_version":"2019-01-23","purchased_purges":2,"victory":false,"max_hp_per_floor":[77,77,82,82,82,82,82,82,82,82,82,82,82,82,82,82,82,82,82,82,82,57,57,57,57,57,57,57,57,57,57,57,57],"card_choices":[{"not_picked":["Bane","Underhanded Strike"],"picked":"Noxious Fumes","floor":1.0},{"not_picked":["Slice","Dagger Spray"],"picked":"Blur","floor":4.0},{"not_picked":["Endless Agony","Acrobatics"],"picked":"Flechettes","floor":7.0},{"not_picked":["PiercingWail","Deadly Poison"],"picked":"Cloak And Dagger","floor":8.0},{"not_picked":["Quick Slash","Riddle With Holes"],"picked":"Bouncing Flask","floor":10.0},{"not_picked":["Blade Dance","Terror"],"picked":"Predator","floor":13.0},{"not_picked":["Bane","Dagger Throw"],"picked":"Backflip","floor":14.0},{"not_picked":["Die Die Die","A Thousand Cuts+1"],"picked":"Corpse Explosion","floor":16.0},{"not_picked":["Backstab+1","Prepared+1"],"picked":"Noxious Fumes+1","floor":18.0},{"not_picked":["Poisoned Stab","Caltrops+1"],"picked":"Blur","floor":20.0},{"not_picked":["All Out Attack","Blade Dance","Quick Slash+1"],"picked":"SKIP","floor":24.0},{"not_picked":["Dagger Throw","Deflect+1"],"picked":"Crippling Poison","floor":25.0},{"not_picked":["Underhanded Strike","Caltrops+1","Blade Dance"],"picked":"SKIP","floor":28},{"not_picked":["Dagger Spray","Dagger Throw"],"picked":"Dodge and Roll+1","floor":30},{"not_picked":["Dagger Spray","Die Die Die"],"picked":"Catalyst","floor":31}],"player_experience":301494,"relics_obtained":[{"floor":9.0,"key":"Frozen Egg 2"}],"event_choices":[{"damage_healed":0.0,"max_hp_gain":0.0,"max_hp_loss":0.0,"gold_gain":75.0,"event_name":"World of Goop","player_choice":"Gather Gold","floor":2.0,"gold_loss":0.0,"damage_taken":11.0},{"damage_healed":0.0,"max_hp_gain":5.0,"max_hp_loss":0.0,"gold_gain":0.0,"event_name":"Big Fish","player_choice":"Donut","floor":3.0,"gold_loss":0.0,"damage_taken":0.0},{"damage_healed":0.0,"max_hp_gain":0.0,"max_hp_loss":0.0,"gold_gain":0.0,"event_name":"Colosseum","player_choice":"Fight","floor":21.0,"gold_loss":0.0,"damage_taken":0.0},{"damage_healed":0.0,"max_hp_gain":0.0,"max_hp_loss":0.0,"gold_gain":0.0,"event_name":"Colosseum","player_choice":"Fled From Nobs","floor":21.0,"gold_loss":0.0,"damage_taken":0.0},{"damage_healed":0.0,"max_hp_gain":0.0,"max_hp_loss":25.0,"gold_gain":0.0,"event_name":"Vampires","player_choice":"Became a vampire","floor":22.0,"gold_loss":0.0,"damage_taken":0.0,"cards_obtained":["Bite","Bite","Bite","Bite","Bite"]},{"cards_removed":["Bite"],"damage_healed":0,"gold_gain":0,"player_choice":"Elegance","damage_taken":0,"max_hp_gain":0,"max_hp_loss":0,"event_name":"Back to Basics","floor":27,"gold_loss":0}],"is_beta":false,"boss_relics":[{"not_picked":["HoveringKite","Runic Dome"],"picked":"Cursed Key"}],"items_purged_floors":[12,19],"is_endless":false,"potions_floor_spawned":[8,10,14,16,21,28,30,31],"killed_by":"Collector","ascension_level":3}