{"gold_per_floor":[19,19,19,19,34,65,78,112,112,112,112,128,164,178,178,308,338,352,124,124,124,24,62,62,86,86,104,104,104,104,139,139,139],"floor_reached":33,"playtime":1528,"items_purged":["Writhe","Injury"],"score":326,"play_id":"6d3a2829-7d35-4266-8986-b5edbc079365","local_time":"20190212170954","is_ascension_mode":false,"campfire_choices":[{"floor":11,"key":"REST"},{"floor":15,"key":"REST"},{"floor":24,"key":"DIG"},{"floor":28,"key":"REST"},{"floor":32,"key":"DIG"}],"neow_cost":"NO_GOLD","seed_source_timestamp":447834239397641,"circlet_count":0,"master_deck":["Strike_B","Strike_B","Strike_B","Strike_B","Defend_B","Defend_B","Defend_B","Zap+1","Dualcast","Genetic Algorithm","Ball Lightning","Gash","Gash","Self Repair","Conserve Battery","Electrodynamics","Clumsy","Defragment+1","Capacitor","Force Field","Blizzard","Beam Cell","Ghostly","Ghostly","Ghostly","Ghostly","Ghostly","Pain","Loop"],"relics":["Cracked Core","Dead Branch","Golden Idol","Sundial","Bottled Lightning","Bottled Flame","Cables","Calling Bell","Tiny Chest","Singing Bowl","Shovel","Enchiridion","The Courier","Potion Belt","Dodecahedron","WarpedTongs","Centennial Puzzle","Toxic Egg 2"],"potions_floor_usage":[8,16,18,23,27],"damage_taken":[{"damage":0,"enemies":"2 Louse","floor":1,"turns":3},{"damage":0,"enemies":"Jaw Worm","floor":5,"turns":4},{"damage":26,"enemies":"Lagavulin","floor":6,"turns":5},{"damage":0,"enemies":"Cultist","floor":7,"turns":3},{"damage":14,"enemies":"Gremlin Nob","floor":8,"turns":4},{"damage":12,"enemies":"Blue Slaver","floor":12,"turns":2},{"damage":4,"enemies":"Lagavulin","floor":13,"turns":6},{"damage":0,"enemies":"2 Fungi Beasts","floor":14,"turns":3},{"damage":57,"enemies":"Hexaghost","floor":16,"turns":10},{"damage":15,"enemies":"Shell Parasite","floor":18,"turns":7},{"damage":30,"enemies":"Book of Stabbing","floor":23,"turns":5},{"damage":10,"enemies":"Chosen","floor":25,"turns":4},{"damage":20,"enemies":"Sentry and Sphere","floor":27,"turns":5},{"damage":26,"enemies":"Gremlin Leader","floor":31,"turns":5},{"damage":30,"enemies":"Automaton","floor":33,"turns":6}],"seed_played":"-6926543245708309909","potions_obtained":[{"floor":1,"key":"SpeedPotion"},{"floor":5,"key":"Dexterity Potion"},{"floor":12,"key":"Fire Potion"},{"floor":14,"key":"SneckoOil"},{"floor":16,"key":"Weak Potion"},{"floor":25,"key":"FearPotion"}],"is_trial":false,"path_per_floor":["?","?","?","?","?","?","M","?","?"],"character_chosen":"DEFECT","items_purchased":["Capacitor","Force Field"],"campfire_rested":3,"item_purchase_floors":[19,19],"current_hp_per_floor":[75,57,57,57,57,31,31,17,17,17,39,27,30,37,59,9,75,67,67,51,51,51,30,30,27,27,16,39,39,39,20,20,0],"gold":139,"neow_bonus":"ONE_RARE_RELIC","is_prod":false,"is_daily":false,"chose_seed":false,"campfire_upgraded":0,"win_rate":0,"timestamp":1550009394,"path_taken":["M","?","?","?","M","E","M","E","T","?","R","M","E","M","R","BOSS","M","$","?","?","$","E","R","?","T","M","R","?","?","E","R","BOSS"],"build_version":"2019-01-23","purchased_purges":2,"victory":false,"max_hp_per_floor":[75,75,75,75,75,75,75,75,75,75,75,75,75,75,75,75,75,75,75,75,75,75,77,77,77,77,79,79,39,39,39,39,39],"card_choices":[{"not_picked":["Rip and Tear","Lockon"],"picked":"Genetic Algorithm","floor":1},{"not_picked":["Glacier","Recycle"],"picked":"Ball Lightning","floor":5},{"not_picked":["Go for the Eyes","Reinforced Body"],"picked":"Gash","floor":6},{"not_picked":["Turbo","Barrage","Aggregate"],"picked":"SKIP","floor":7},{"not_picked":["Loop","Tempest"],"picked":"Gash","floor":8},{"not_picked":["Coolheaded","Barrage"],"picked":"Self Repair","floor":12},{"not_picked":["Echo Form","BootSequence"],"picked":"Conserve Battery","floor":13},{"not_picked":["Leap","Hologram","Sweeping Beam"],"picked":"SKIP","floor":14},{"not_picked":["Rainbow","All For One"],"picked":"Electrodynamics","floor":16},{"not_picked":["Barrage","Go for the Eyes+1"],"picked":"Defragment+1","floor":18},{"not_picked":["FTL","Core Surge","Steam"],"picked":"Singing Bowl","floor":23},{"not_picked":["Ball Lightning","Turbo"],"picked":"Beam Cell","floor":25},{"not_picked":["Streamline+1","Glacier","Sweeping Beam+1"],"picked":"Singing Bowl","floor":27},{"not_picked":["Reinforced Body","Redo"],"picked":"Loop","floor":31}],"player_experience":451189,"relics_obtained":[{"floor":6,"key":"Sundial"},{"floor":8,"key":"Bottled Lightning"},{"floor":9,"key":"Bottled Flame"},{"floor":13,"key":"Cables"},{"floor":17,"key":"Tiny Chest"},{"floor":17,"key":"Singing Bowl"},{"floor":17,"key":"Shovel"},{"floor":20,"key":"Enchiridion"},{"floor":23,"key":"The Courier"},{"floor":24,"key":"Potion Belt"},{"floor":26,"key":"Dodecahedron"},{"floor":31,"key":"Centennial Puzzle"},{"floor":32,"key":"Toxic Egg 2"}],"event_choices":[{"damage_healed":0,"gold_gain":0,"player_choice":"Take Damage","damage_taken":18,"relics_obtained":["Golden Idol"],"max_hp_gain":0,"max_hp_loss":0,"event_name":"Golden Idol","floor":2,"gold_loss":0},{"damage_healed":0,"gold_gain":0,"player_choice":"Leave","damage_taken":0,"max_hp_gain":0,"max_hp_loss":0,"event_name":"The Cleric","floor":3,"gold_loss":0},{"damage_healed":0,"gold_gain":0,"player_choice":"Grow","damage_taken":0,"max_hp_gain":0,"max_hp_loss":0,"event_name":"Living Wall","floor":4,"gold_loss":0,"cards_upgraded":["Zap"]},{"damage_healed":0,"gold_gain":0,"player_choice":"Ignored","damage_taken":0,"max_hp_gain":0,"max_hp_loss":0,"event_name":"Liars Game","floor":10,"gold_loss":0},{"damage_healed":0,"gold_gain":0,"player_choice":"Obtained Book","damage_taken":16,"max_hp_gain":0,"max_hp_loss":0,"event_name":"Cursed Tome","floor":20,"gold_loss":0},{"damage_healed":0,"gold_gain":0,"cards_transformed":["Defend_B"],"player_choice":"Transformed","damage_taken":0,"max_hp_gain":0,"max_hp_loss":0,"event_name":"Transmorgrifier","floor":21,"gold_loss":0,"cards_obtained":["Blizzard"]},{"damage_healed":0,"gold_gain":0,"player_choice":"Became a Ghost","damage_taken":0,"max_hp_gain":0,"max_hp_loss":40,"event_name":"Ghosts","floor":29,"gold_loss":0,"cards_obtained":["Ghostly","Ghostly","Ghostly","Ghostly","Ghostly"]},{"damage_healed":0,"gold_gain":0,"player_choice":"Rummage","damage_taken":0,"relics_obtained":["WarpedTongs"],"max_hp_gain":0,"max_hp_loss":0,"event_name":"Accursed Blacksmith","floor":30,"gold_loss":0,"cards_obtained":["Pain"]}],"is_beta":false,"boss_relics":[{"not_picked":["Ectoplasm","Snecko Eye"],"picked":"Calling Bell"}],"items_purged_floors":[19,22],"is_endless":false,"potions_floor_spawned":[1,5,12,14,16,25],"killed_by":"Automaton","ascension_level":0}