{"gold_per_floor":[119,119,139,139,162,162,230,253,253,253,20,20,59,84,84,212,212,226,251,276,27,0,0],"floor_reached":23,"playtime":870,"items_purged":[],"score":229,"play_id":"f1ef04d2-4ea3-4745-8774-2ea43dd3a9ae","local_time":"20180915123346","is_ascension_mode":true,"campfire_choices":[{"floor":6,"key":"REST"},{"floor":10,"key":"REST"},{"data":"Defragment","floor":12,"key":"SMITH"},{"floor":15,"key":"REST"}],"neow_cost":"NONE","seed_source_timestamp":154031973751592,"circlet_count":0,"master_deck":["Strike_B","Strike_B","Strike_B","Strike_B","Defend_B","Defend_B","Defend_B","Defend_B","Zap","Dualcast","Genetic Algorithm","Coolheaded","Injury","Ball Lightning","Rip and Tear","Lockon","BootSequence","Defragment+1","Blizzard","Stack","Steam","Lockon","Capacitor","Thunder Strike","Compile Driver+1","Consume","Leap","Steam"],"relics":["Cracked Core","Golden Idol","Centennial Puzzle","Dodecahedron","Oddly Smooth Stone","Busted Crown","Runic Capacitor"],"potions_floor_usage":[7,16,18,19],"damage_taken":[{"damage":19,"enemies":"Small Slimes","floor":1,"turns":4},{"damage":8,"enemies":"2 Louse","floor":3,"turns":2},{"damage":0,"enemies":"Jaw Worm","floor":5,"turns":4},{"damage":21,"enemies":"Lagavulin Event","floor":7,"turns":6},{"damage":6,"enemies":"2 Fungi Beasts","floor":8,"turns":3},{"damage":36,"enemies":"Lagavulin","floor":13,"turns":7},{"damage":0,"enemies":"Large Slime","floor":14,"turns":6},{"damage":20,"enemies":"Slime Boss","floor":16,"turns":9},{"damage":3,"enemies":"Shell Parasite","floor":18,"turns":6},{"damage":3,"enemies":"2 Thieves","floor":19,"turns":4},{"damage":21,"enemies":"Sentry and Sphere","floor":20,"turns":6},{"damage":56,"enemies":"Gremlin Leader","floor":23,"turns":6}],"seed_played":"5918644577882502967","potions_obtained":[{"floor":3,"key":"Block Potion"},{"floor":7,"key":"SpeedPotion"},{"floor":14,"key":"FearPotion"},{"floor":18,"key":"Explosive Potion"}],"is_trial":false,"path_per_floor":["M","?","M","?","M","R","?","M","T","R","$","R","E","M","R","B",null,"M","M","M","$","?"],"character_chosen":"DEFECT","items_purchased":["Defragment","Blizzard","Stack","Steam","Runic Capacitor","Steam"],"campfire_rested":3,"item_purchase_floors":[11,11,11,11,21,21],"current_hp_per_floor":[56,56,48,48,48,70,49,43,43,65,65,65,29,29,51,31,75,72,69,48,48,48,0],"gold":0,"neow_bonus":"THREE_CARDS","is_prod":false,"is_daily":false,"chose_seed":false,"campfire_upgraded":1,"win_rate":0,"timestamp":1537036426,"path_taken":["M","?","M","?","M","R","?","M","T","R","$","R","E","M","R","BOSS","M","?","?","?","?","E"],"build_version":"2018-09-06","purchased_purges":0,"victory":false,"max_hp_per_floor":[75,75,75,75,75,75,75,75,75,75,75,75,75,75,75,75,75,75,75,75,75,75,75],"card_choices":[{"not_picked":["Leap","Sweeping Beam"],"picked":"Genetic Algorithm","floor":0},{"not_picked":["Fusion","Barrage"],"picked":"Coolheaded","floor":1},{"not_picked":["Stack","Go for the Eyes"],"picked":"Ball Lightning","floor":3},{"not_picked":["Gash","Rebound"],"picked":"Rip and Tear","floor":5},{"not_picked":["Leap","Go for the Eyes"],"picked":"Lockon","floor":7},{"not_picked":["Genetic Algorithm","Rebound"],"picked":"BootSequence","floor":8},{"not_picked":["Recycle","Beam Cell"],"picked":"Lockon","floor":13},{"not_picked":["BootSequence","Gash"],"picked":"Capacitor","floor":14},{"not_picked":["Meteor Strike","Buffer"],"picked":"Thunder Strike","floor":16},{"not_picked":[],"picked":"Compile Driver+1","floor":18},{"not_picked":[],"picked":"Consume","floor":19},{"not_picked":[],"picked":"Leap","floor":20}],"player_experience":523581,"relics_obtained":[{"floor":7,"key":"Centennial Puzzle"},{"floor":9,"key":"Dodecahedron"},{"floor":13,"key":"Oddly Smooth Stone"}],"event_choices":[{"event_name":"Golden Idol","player_choice":"Take Wound","floor":2,"damage_taken":0},{"event_name":"Shining Light","player_choice":"Ignored","floor":4,"damage_taken":0},{"event_name":"Dead Adventurer","player_choice":"Searched \u00273\u0027 times","floor":7,"damage_taken":0},{"event_name":"Masked Bandits","player_choice":"Paid Fearfully","floor":22,"damage_taken":0}],"is_beta":false,"boss_relics":[{"not_picked":["Fusion Hammer","Ectoplasm"],"picked":"Busted Crown"}],"items_purged_floors":[],"is_endless":false,"potions_floor_spawned":[3,7,14,18],"killed_by":"Gremlin Leader","ascension_level":4}