{"gold_per_floor":[113,113,78,93,103,128,128,144,170,187,217,237,237,249,249,353,353,372,372,332,85,48,83,83,83,108,140,55,55,67,67],"floor_reached":31,"playtime":875,"items_purged":[],"score":434,"play_id":"b6583943-5c16-450e-8b49-bfb3b1a66b26","local_time":"20181014191423","is_ascension_mode":true,"campfire_choices":[{"data":"Bouncing Flask","floor":7,"key":"SMITH"},{"data":"Catalyst","floor":13,"key":"SMITH"},{"floor":15,"key":"REST"},{"floor":25,"key":"REST"}],"neow_cost":"NONE","seed_source_timestamp":90521346381236,"circlet_count":0,"master_deck":["Defend_G","Defend_G","Defend_G","Defend_G","Defend_G","Strike_G","Strike_G","Strike_G","Strike_G","Strike_G","Survivor","Neutralize","Deadly Poison","Dagger Spray+1","Deadly Poison","PiercingWail","Bouncing Flask+1","Bouncing Flask","Backflip","Catalyst+1","Leg Sweep","After Image","PiercingWail","Bouncing Flask","Poisoned Stab","After Image"],"relics":["Ring of the Snake","Snake Skull","Orichalcum","Oddly Smooth Stone","Black Star","PreservedInsect","Dodecahedron","Bottled Flame","Lantern","Blood Vial","Dream Catcher","Shuriken","MutagenicStrength"],"potions_floor_usage":[6,11,11,18,18,23,23,23,23,23,24,31],"damage_taken":[{"damage":0,"enemies":"Small Slimes","floor":1,"turns":3},{"damage":0,"enemies":"2 Louse","floor":4,"turns":3},{"damage":0,"enemies":"Jaw Worm","floor":5,"turns":3},{"damage":32,"enemies":"Lagavulin","floor":6,"turns":7},{"damage":1,"enemies":"Looter","floor":8,"turns":3},{"damage":1,"enemies":"Blue Slaver","floor":10,"turns":3},{"damage":4,"enemies":"3 Sentries","floor":11,"turns":4},{"damage":9,"enemies":"2 Fungi Beasts","floor":12,"turns":3},{"damage":0,"enemies":"Exordium Thugs","floor":14,"turns":3},{"damage":18,"enemies":"Hexaghost","floor":16,"turns":4},{"damage":21,"enemies":"2 Thieves","floor":18,"turns":4},{"damage":19,"enemies":"Slavers","floor":23,"turns":6},{"damage":0,"enemies":"Shell Parasite","floor":24,"turns":1},{"damage":22,"enemies":"Book of Stabbing","floor":27,"turns":4},{"damage":7,"enemies":"Shelled Parasite and Fungi","floor":30,"turns":4},{"damage":25,"enemies":"Centurion and Healer","floor":31,"turns":6}],"seed_played":"8149366819746668431","potions_obtained":[{"floor":4,"key":"Energy Potion"},{"floor":6,"key":"AttackPotion"},{"floor":8,"key":"Strength Potion"},{"floor":11,"key":"Swift Potion"},{"floor":14,"key":"PowerPotion"},{"floor":16,"key":"Fire Potion"},{"floor":20,"key":"Energy Potion"},{"floor":20,"key":"Swift Potion"},{"floor":30,"key":"Regen Potion"}],"is_trial":false,"path_per_floor":["M","?","?","M","M","E","R","M","T","M","E","M","R","M","R","B",null,"M","?","?","$","$","E","M","R","T","E","?","?","M"],"character_chosen":"THE_SILENT","items_purchased":["PreservedInsect","EntropicBrew","Bouncing Flask"],"campfire_rested":2,"item_purchase_floors":[21,21,22],"current_hp_per_floor":[63,63,70,70,70,38,38,37,37,36,32,23,23,23,44,26,59,38,25,25,25,25,6,6,28,28,6,6,6,1,0],"gold":67,"neow_bonus":"THREE_CARDS","is_prod":false,"is_daily":false,"chose_seed":false,"campfire_upgraded":2,"win_rate":0,"timestamp":1539558863,"path_taken":["M","?","?","M","M","E","R","?","T","M","E","M","R","M","R","BOSS","M","?","?","?","$","E","?","R","T","E","?","?","M","M"],"build_version":"2018-10-11","purchased_purges":0,"victory":false,"max_hp_per_floor":[70,70,70,70,70,70,70,70,70,70,70,70,70,70,70,70,70,70,75,75,75,75,75,75,75,75,75,75,75,75,75],"card_choices":[{"not_picked":["Outmaneuver","Prepared"],"picked":"Deadly Poison","floor":0},{"not_picked":["Dagger Throw","Blade Dance"],"picked":"Dagger Spray","floor":1},{"not_picked":["Reflex","Calculated Gamble"],"picked":"Deadly Poison","floor":4},{"not_picked":["Flying Knee","Cloak And Dagger"],"picked":"PiercingWail","floor":5},{"not_picked":["Prepared","Wraith Form v2"],"picked":"Bouncing Flask","floor":6},{"not_picked":["Underhanded Strike","Sucker Punch","All Out Attack"],"picked":"SKIP","floor":8},{"not_picked":["PiercingWail","Outmaneuver"],"picked":"Bouncing Flask","floor":10},{"not_picked":["Finisher","Heel Hook"],"picked":"Backflip","floor":11},{"not_picked":["Bullet Time","Endless Agony"],"picked":"Catalyst","floor":12},{"not_picked":["Caltrops","Outmaneuver"],"picked":"Leg Sweep","floor":14},{"not_picked":["Envenom","Unload"],"picked":"After Image","floor":16},{"not_picked":["Deflect","Prepared"],"picked":"PiercingWail","floor":18},{"not_picked":["Flying Knee","Bane"],"picked":"Poisoned Stab","floor":23},{"not_picked":["Riddle With Holes","Bane","Heel Hook"],"picked":"SKIP","floor":27},{"not_picked":["Leg Sweep+1","Poisoned Stab"],"picked":"After Image","floor":30}],"player_experience":336570,"relics_obtained":[{"floor":6,"key":"Snake Skull"},{"floor":9,"key":"Orichalcum"},{"floor":11,"key":"Oddly Smooth Stone"},{"floor":23,"key":"Dodecahedron"},{"floor":23,"key":"Bottled Flame"},{"floor":26,"key":"Lantern"},{"floor":27,"key":"Blood Vial"},{"floor":27,"key":"Dream Catcher"}],"event_choices":[{"event_name":"Living Wall","player_choice":"Grow","floor":2,"damage_taken":0},{"event_name":"The Cleric","player_choice":"Healed","floor":3,"damage_taken":0},{"event_name":"Forgotten Altar","player_choice":"Shed Blood","floor":19,"damage_taken":0},{"event_name":"The Woman in Blue","player_choice":"Bought 3 Potions","floor":20,"damage_taken":0},{"event_name":"Addict","player_choice":"Obtained Relic","floor":28,"damage_taken":0},{"event_name":"Drug Dealer","player_choice":"Inject Mutagens","floor":29,"damage_taken":0}],"is_beta":true,"boss_relics":[{"not_picked":["Orrery","Astrolabe"],"picked":"Black Star"}],"items_purged_floors":[],"is_endless":false,"potions_floor_spawned":[4,6,8,11,14,16,24,30],"killed_by":"Centurion and Healer","ascension_level":8}