{"gold_per_floor":[114,131,62,78,26,26,41,11,36,211,230,230,242,256,256,256],"floor_reached":16,"playtime":538,"items_purged":[],"score":94,"play_id":"c1bc3a88-c617-4f0c-9c1d-b1d79b3cce9f","local_time":"20190113144213","is_ascension_mode":false,"campfire_choices":[{"data":"Entrench","floor":6,"key":"SMITH"},{"floor":12,"key":"REST"},{"data":"Body Slam","floor":15,"key":"SMITH"}],"neow_cost":"NONE","seed_source_timestamp":61705000530460,"circlet_count":0,"master_deck":["Strike_R","Strike_R","Strike_R","Strike_R","Strike_R","Defend_R","Defend_R","Defend_R","Defend_R","Bash","Thunderclap","Entrench+1","Metallicize","Clothesline","Doubt","Body Slam+1","Shrug It Off","Burning Pact"],"relics":["Burning Blood","Dream Catcher","Red Skull"],"potions_floor_usage":[16,16],"damage_taken":[{"damage":5,"enemies":"Jaw Worm","floor":1,"turns":4},{"damage":6,"enemies":"Cultist","floor":2,"turns":4},{"damage":6,"enemies":"2 Louse","floor":4,"turns":3},{"damage":38,"enemies":"Exordium Thugs","floor":7,"turns":8},{"damage":5,"enemies":"Looter","floor":8,"turns":4},{"damage":9,"enemies":"Blue Slaver","floor":11,"turns":6},{"damage":8,"enemies":"Lots of Slimes","floor":13,"turns":6},{"damage":6,"enemies":"Looter","floor":14,"turns":5},{"damage":74,"enemies":"Hexaghost","floor":16,"turns":11}],"seed_played":"-2465306854305377448","potions_obtained":[{"floor":4,"key":"EssenceOfSteel"},{"floor":11,"key":"Swift Potion"},{"floor":13,"key":"Ancient Potion"}],"is_trial":false,"path_per_floor":["M","M","$","M","$","R","M","M","T","?","M","R","M","M","R","B"],"character_chosen":"IRONCLAD","items_purchased":["Entrench","Clothesline"],"campfire_rested":1,"item_purchase_floors":[3,5],"current_hp_per_floor":[80,80,80,80,80,80,48,49,49,49,46,70,68,68,68,0],"gold":256,"neow_bonus":"RANDOM_COMMON_RELIC","is_prod":false,"is_daily":false,"chose_seed":false,"campfire_upgraded":2,"win_rate":0,"timestamp":1547419333,"path_taken":["M","M","$","M","$","R","M","M","T","?","M","R","M","M","R","BOSS"],"build_version":"2019-01-10","purchased_purges":0,"victory":false,"max_hp_per_floor":[80,80,80,80,80,80,80,80,80,80,80,80,80,80,80,80],"card_choices":[{"not_picked":["Wild Strike","Twin Strike","Fire Breathing"],"picked":"SKIP","floor":1},{"not_picked":["Disarm","Anger"],"picked":"Thunderclap","floor":2},{"not_picked":["Perfected Strike","Thunderclap"],"picked":"Metallicize","floor":4},{"not_picked":["Warcry","Wild Strike","Clash"],"picked":"SKIP","floor":7},{"not_picked":["Bloodletting","Blood for Blood","Flex"],"picked":"SKIP","floor":8},{"not_picked":["Flex","Offering"],"picked":"Body Slam","floor":11},{"not_picked":["Cleave","Iron Wave"],"picked":"Shrug It Off","floor":12},{"not_picked":["Cleave","Clothesline"],"picked":"Burning Pact","floor":13},{"not_picked":["Combust","Second Wind","Entrench"],"picked":"SKIP","floor":14}],"player_experience":225844,"relics_obtained":[{"floor":9,"key":"Red Skull"}],"event_choices":[{"damage_healed":0,"gold_gain":175,"player_choice":"AGREE","damage_taken":0,"max_hp_gain":0,"max_hp_loss":0,"event_name":"Liars Game","floor":10,"gold_loss":0,"cards_obtained":["Doubt"]}],"is_beta":false,"boss_relics":[],"items_purged_floors":[],"is_endless":false,"potions_floor_spawned":[4,11,13,14],"killed_by":"Hexaghost","ascension_level":0}