{"gold_per_floor":[110,123,143,161,179,204,1,1,51,83,110,110,110,169,169,271,271,281,281,47,65,65,90,108,108],"floor_reached":25,"playtime":3392,"items_purged":[],"score":291,"play_id":"e3244002-1875-4383-a2cf-5b2d74e06ce5","local_time":"20190222214334","is_ascension_mode":false,"campfire_choices":[{"floor":8,"key":"REST"},{"floor":12,"key":"REST"},{"floor":15,"key":"REST"}],"neow_cost":"NONE","seed_source_timestamp":862423362151295,"circlet_count":0,"master_deck":["Defend_G","Defend_G+1","Defend_G","Defend_G","Defend_G+1","Strike_G","Strike_G","Strike_G","Strike_G","Strike_G","Survivor","Neutralize","Dagger Throw","Skewer","Terror","PiercingWail","Backflip","Bouncing Flask","Caltrops+1","Slice","Poisoned Stab","Venomology","Dodge and Roll","Corpse Explosion","Noxious Fumes","Distraction","Bane","Outmaneuver+1","Ghostly","Ghostly","Ghostly","Ghostly","Ghostly","Sucker Punch+1","Crippling Poison"],"relics":["Ring of the Snake","War Paint","Sling","Dream Catcher","Paper Crane","Odd Mushroom","Tiny Chest","Black Star","MutagenicStrength","Snake Skull","Vajra","PreservedInsect"],"potions_floor_usage":[5,6,16,16,16,23,24,25,25],"damage_taken":[{"damage":0,"enemies":"Cultist","floor":1,"turns":5},{"damage":0,"enemies":"2 Louse","floor":2,"turns":2},{"damage":0,"enemies":"Jaw Worm","floor":3,"turns":4},{"damage":2,"enemies":"Blue Slaver","floor":4,"turns":4},{"damage":11,"enemies":"Exordium Wildlife","floor":5,"turns":8},{"damage":32,"enemies":"3 Sentries","floor":6,"turns":10},{"damage":12,"enemies":"Lagavulin","floor":10,"turns":8},{"damage":12,"enemies":"The Mushroom Lair","floor":11,"turns":6},{"damage":9,"enemies":"Gremlin Nob","floor":14,"turns":4},{"damage":17,"enemies":"Slime Boss","floor":16,"turns":8},{"damage":45,"enemies":"2 Thieves","floor":18,"turns":4},{"damage":0,"enemies":"3 Byrds","floor":21,"turns":2},{"damage":20,"enemies":"Slavers","floor":23,"turns":4},{"damage":11,"enemies":"Sentry and Sphere","floor":24,"turns":7},{"damage":3,"enemies":"Cultist and Chosen","floor":25,"turns":3}],"seed_played":"7937250873371388881","potions_obtained":[{"floor":2,"key":"EssenceOfSteel"},{"floor":4,"key":"Strength Potion"},{"floor":10,"key":"Swift Potion"},{"floor":11,"key":"EssenceOfSteel"},{"floor":14,"key":"SteroidPotion"},{"floor":16,"key":"Swift Potion"},{"floor":24,"key":"Poison Potion"}],"is_trial":false,"path_per_floor":["M","M","M","M","M","E","$","R","T","E","?","R","?","E","R","B",null,"M","?","$","M","?","E","M","M"],"character_chosen":"THE_SILENT","items_purchased":["Sling","Snake Skull","Distraction","Bane"],"campfire_rested":3,"item_purchase_floors":[7,20,20,20],"current_hp_per_floor":[77,77,77,75,64,32,32,55,55,43,31,54,54,45,68,51,77,32,32,32,32,32,12,1,0],"gold":108,"neow_bonus":"TEN_PERCENT_HP_BONUS","is_prod":false,"is_daily":false,"chose_seed":false,"campfire_upgraded":0,"win_rate":0.0,"timestamp":1550871814,"path_taken":["M","M","M","M","M","E","?","R","T","E","?","R","?","E","R","BOSS","M","?","$","M","?","E","?","M"],"build_version":"2019-01-23","purchased_purges":0,"victory":false,"max_hp_per_floor":[77,77,77,77,77,77,77,77,77,77,77,77,77,77,77,77,77,77,77,77,77,38,38,38,38],"card_choices":[{"not_picked":["Prepared","Dagger Spray"],"picked":"Dagger Throw","floor":1},{"not_picked":["Quick Slash","Predator"],"picked":"Skewer","floor":2},{"not_picked":["Backflip","Outmaneuver"],"picked":"Terror","floor":3},{"not_picked":["Infinite Blades","Expertise"],"picked":"PiercingWail","floor":4},{"not_picked":["Choke","Calculated Gamble"],"picked":"Backflip","floor":5},{"not_picked":["After Image","Outmaneuver"],"picked":"Bouncing Flask","floor":6},{"not_picked":["Well Laid Plans","Night Terror"],"picked":"Caltrops","floor":10},{"not_picked":["Underhanded Strike","Bane"],"picked":"Slice","floor":11},{"not_picked":["Flying Knee","Deadly Poison"],"picked":"Poisoned Stab","floor":12},{"not_picked":["Choke","Dagger Spray"],"picked":"Venomology","floor":14},{"not_picked":["Masterful Stab","Dagger Throw"],"picked":"Dodge and Roll","floor":15},{"not_picked":["Glass Knife","Tools of the Trade"],"picked":"Corpse Explosion","floor":16},{"not_picked":["PiercingWail+1","Distraction+1"],"picked":"Noxious Fumes","floor":18},{"not_picked":["Slice+1","Terror"],"picked":"Outmaneuver+1","floor":21},{"not_picked":["Prepared","Quick Slash+1"],"picked":"Sucker Punch+1","floor":23},{"not_picked":["Deadly Poison+1","Slice"],"picked":"Crippling Poison","floor":24}],"player_experience":209263,"relics_obtained":[{"floor":6,"key":"War Paint"},{"floor":9,"key":"Dream Catcher"},{"floor":10,"key":"Paper Crane"},{"floor":11,"key":"Odd Mushroom"},{"floor":14,"key":"Tiny Chest"},{"floor":23,"key":"Vajra"},{"floor":23,"key":"PreservedInsect"}],"event_choices":[{"damage_healed":0,"gold_gain":0,"player_choice":"Fought Mushrooms","damage_taken":0,"max_hp_gain":0,"max_hp_loss":0,"event_name":"Mushrooms","floor":11,"gold_loss":0},{"damage_healed":0,"gold_gain":0,"player_choice":"Grow","damage_taken":0,"max_hp_gain":0,"max_hp_loss":0,"event_name":"Living Wall","floor":13,"gold_loss":0,"cards_upgraded":["Caltrops"]},{"damage_healed":0,"gold_gain":0,"player_choice":"Inject Mutagens","damage_taken":0,"relics_obtained":["MutagenicStrength"],"max_hp_gain":0,"max_hp_loss":0,"event_name":"Drug Dealer","floor":19,"gold_loss":0},{"damage_healed":0,"gold_gain":0,"player_choice":"Became a Ghost","damage_taken":0,"max_hp_gain":0,"max_hp_loss":39,"event_name":"Ghosts","floor":22,"gold_loss":0,"cards_obtained":["Ghostly","Ghostly","Ghostly","Ghostly","Ghostly"]}],"is_beta":false,"boss_relics":[{"not_picked":["Ectoplasm","Snecko Eye"],"picked":"Black Star"}],"items_purged_floors":[],"is_endless":false,"potions_floor_spawned":[2,4,10,11,14,16,24],"killed_by":"Cultist and Chosen","ascension_level":0}