{"gold_per_floor":[114,114,25,40,40,70,70,100,125,140,170,185],"floor_reached":12,"playtime":602,"items_purged":[],"score":123,"play_id":"314e95c3-4bfa-451e-9012-5b1a0f302f6e","local_time":"20180902220959","daily_mods":["Specialized","Elite Swarm","Night Terrors"],"is_ascension_mode":false,"campfire_choices":[{"data":"Glass Knife","floor":7.0,"key":"SMITH"}],"neow_cost":"","seed_source_timestamp":0,"circlet_count":0,"master_deck":["Defend_G","Defend_G","Defend_G","Defend_G","Defend_G","Strike_G","Strike_G","Strike_G","Strike_G","Strike_G","Survivor","Neutralize","Venomology","Venomology","Venomology","Venomology","Venomology","Dash","Blur","Deflect","Quick Slash","Normality","Glass Knife+1","After Image","Distraction","Die Die Die"],"special_seed":17774,"relics":["Ring of the Snake","Question Card","Pear","The Specimen","Vajra","Blood Vial"],"potions_floor_usage":[],"damage_taken":[{"damage":11.0,"enemies":"2 Louse","floor":1.0,"turns":4.0},{"damage":0.0,"enemies":"Small Slimes","floor":4.0,"turns":4.0},{"damage":7.0,"enemies":"Lagavulin","floor":6.0,"turns":9.0},{"damage":6.0,"enemies":"3 Sentries","floor":8.0,"turns":7.0},{"damage":0.0,"enemies":"Cultist","floor":10.0,"turns":4.0},{"damage":9.0,"enemies":"Lagavulin","floor":11.0,"turns":7.0},{"damage":0.0,"enemies":"2 Fungi Beasts","floor":12.0,"turns":1.0}],"seed_played":"-8244340238949798716","potions_obtained":[{"floor":6.0,"key":"Regen Potion"},{"floor":8.0,"key":"Swift Potion"},{"floor":11.0,"key":"GamblersBrew"}],"is_trial":false,"path_per_floor":["M","?","$","M","?","E","R","E","T","M","E"],"character_chosen":"THE_SILENT","items_purchased":["Blur","Deflect"],"campfire_rested":0,"item_purchase_floors":[3,3],"current_hp_per_floor":[59,59,59,59,59,62,62,71,71,71,62,64],"gold":185,"neow_bonus":"","is_prod":false,"is_daily":true,"chose_seed":false,"campfire_upgraded":1,"win_rate":0,"timestamp":1535947799,"path_taken":["M","?","$","M","?","E","R","E","T","M","E","?"],"build_version":"2018-08-30","purchased_purges":0,"victory":false,"max_hp_per_floor":[70,70,70,70,70,80,80,80,80,80,80,80],"card_choices":[{"not_picked":["Flechettes","Blade Dance"],"picked":"Dash","floor":1.0},{"not_picked":["Infinite Blades","Underhanded Strike"],"picked":"Quick Slash","floor":4.0},{"not_picked":["Night Terror","Phantasmal Killer","A Thousand Cuts"],"picked":"Glass Knife","floor":6.0},{"not_picked":["Grand Finale","Corpse Explosion","Malaise"],"picked":"After Image","floor":8.0},{"not_picked":["Prepared","Sucker Punch","Backstab"],"picked":"Distraction","floor":10.0},{"not_picked":["Wraith Form v2","Tools of the Trade","A Thousand Cuts"],"picked":"Die Die Die","floor":11.0}],"player_experience":453145,"relics_obtained":[{"floor":6.0,"key":"Pear"},{"floor":8.0,"key":"The Specimen"},{"floor":9.0,"key":"Vajra"},{"floor":11.0,"key":"Blood Vial"}],"event_choices":[{"event_name":"Scrap Ooze","player_choice":"unsuccessful","floor":2.0,"damage_taken":0.0},{"event_name":"Accursed Blacksmith","player_choice":"Rummage","floor":5.0,"damage_taken":0.0}],"is_beta":false,"boss_relics":[],"items_purged_floors":[],"is_endless":false,"potions_floor_spawned":[6,8,11],"killed_by":"2 Fungi Beasts","ascension_level":0}