{"gold_per_floor":[118,118,132,142,153,153,167,193,193,118,18,18,18,29,29,106,106,122,122,133,143,0,20,20,20,70,102,114,57,57,82,82,82],"floor_reached":33,"playtime":1287,"items_purged":["Strike_G","Strike_G"],"score":441,"play_id":"d81fd1ec-901e-46fd-9854-94dae2ff067c","local_time":"20190320150816","is_ascension_mode":true,"campfire_choices":[{"data":"Skewer","floor":6.0,"key":"SMITH"},{"data":"Glass Knife","floor":15.0,"key":"SMITH"},{"data":"Glass Knife","floor":24.0,"key":"SMITH"},{"data":"Footwork","floor":28.0,"key":"SMITH"},{"floor":32.0,"key":"REST"}],"neow_cost":"NONE","seed_source_timestamp":0,"circlet_count":0,"master_deck":["AscendersBane","Defend_G","Defend_G","Defend_G","Defend_G","Defend_G","Survivor","Neutralize","Well Laid Plans","Backstab","Skewer+1","Glass Knife+1","Crippling Poison","Glass Knife+1","Backflip","Choke","Footwork+1","Caltrops+1","Leg Sweep","Venomology"],"special_seed":0,"relics":["Ring of the Snake","Pocketwatch","Happy Flower","Incense Burner","Orrery","Art of War","MawBank","Juzu Bracelet"],"potions_floor_usage":[33],"damage_taken":[{"damage":2.0,"enemies":"Jaw Worm","floor":1.0,"turns":4.0},{"damage":0.0,"enemies":"Cultist","floor":3.0,"turns":4.0},{"damage":0.0,"enemies":"2 Louse","floor":4.0,"turns":3.0},{"damage":4.0,"enemies":"Blue Slaver","floor":5.0,"turns":4.0},{"damage":5.0,"enemies":"3 Louse","floor":7.0,"turns":4.0},{"damage":29.0,"enemies":"Lagavulin","floor":8.0,"turns":6.0},{"damage":0.0,"enemies":"Exordium Wildlife","floor":14.0,"turns":4.0},{"damage":14.0,"enemies":"The Guardian","floor":16.0,"turns":13.0},{"damage":17.0,"enemies":"Shell Parasite","floor":18.0,"turns":5.0},{"damage":0.0,"enemies":"Spheric Guardian","floor":20.0,"turns":3.0},{"damage":15.0,"enemies":"Snake Plant","floor":21.0,"turns":5.0},{"damage":0.0,"enemies":"Snecko","floor":23.0,"turns":5.0},{"damage":2.0,"enemies":"Chosen and Byrds","floor":27.0,"turns":4.0},{"damage":20.0,"enemies":"Slavers","floor":31.0,"turns":6.0},{"damage":31,"enemies":"Champ","floor":33,"turns":13}],"seed_played":"1704628454402923691","potions_obtained":[{"floor":1.0,"key":"Energy Potion"},{"floor":5.0,"key":"Fire Potion"},{"floor":14.0,"key":"SteroidPotion"},{"floor":18.0,"key":"Block Potion"},{"floor":31.0,"key":"Fruit Juice"}],"is_trial":false,"path_per_floor":["M","?","M","M","M","R","M","E","T","$","$","?","T","M","R","B",null,"M","?","M","M","$","M","R","?","T","M","R","$","?","E","R","B"],"character_chosen":"THE_SILENT","items_purchased":["Art of War","Leg Sweep"],"campfire_rested":1,"item_purchase_floors":[22,29],"current_hp_per_floor":[68,68,68,68,64,64,59,30,30,30,30,30,30,30,30,16,62,45,45,45,30,30,30,30,30,30,28,28,28,28,13,37,6],"gold":82,"neow_bonus":"TEN_PERCENT_HP_BONUS","is_prod":false,"is_daily":false,"chose_seed":false,"campfire_upgraded":4,"win_rate":0,"timestamp":1553119696,"path_taken":["M","?","M","?","M","R","M","E","T","?","$","?","?","M","R","BOSS","M","?","M","M","$","M","R","?","T","M","R","?","?","E","R","BOSS"],"build_version":"2019-01-23","purchased_purges":2,"victory":false,"max_hp_per_floor":[77,77,77,77,77,77,77,77,77,77,77,77,77,77,77,77,77,77,77,77,77,77,77,77,77,77,77,77,77,77,82,82,82],"card_choices":[{"not_picked":["Leg Sweep","Bane"],"picked":"Well Laid Plans","floor":1.0},{"not_picked":["Flying Knee","Backstab","Acrobatics"],"picked":"SKIP","floor":3.0},{"not_picked":["Flying Knee","Acrobatics"],"picked":"Backstab","floor":3.0},{"not_picked":["PiercingWail","Quick Slash"],"picked":"Skewer","floor":4.0},{"not_picked":["PiercingWail","Dagger Spray"],"picked":"Glass Knife","floor":5.0},{"not_picked":["Finisher","Dagger Throw","Expertise"],"picked":"SKIP","floor":7.0},{"not_picked":["Finisher","Dagger Throw","Expertise"],"picked":"SKIP","floor":7.0},{"not_picked":["Deflect","Dagger Throw","Bane"],"picked":"SKIP","floor":8.0},{"not_picked":["Tactician","Finisher"],"picked":"Crippling Poison","floor":14.0},{"not_picked":["Grand Finale","Venomology"],"picked":"Glass Knife","floor":16.0},{"not_picked":["Outmaneuver","Caltrops"],"picked":"Backflip","floor":17.0},{"not_picked":["Venomology","Setup"],"picked":"Choke","floor":17.0},{"not_picked":["Prepared","Flying Knee","Expertise"],"picked":"SKIP","floor":18.0},{"not_picked":["Dagger Throw","Deflect","Bane+1"],"picked":"SKIP","floor":20.0},{"not_picked":["Cloak And Dagger+1","Crippling Poison"],"picked":"Footwork","floor":21.0},{"not_picked":["Bane","Underhanded Strike"],"picked":"Caltrops+1","floor":23.0},{"not_picked":["Quick Slash","Dagger Spray","Finisher"],"picked":"SKIP","floor":27.0},{"not_picked":["Underhanded Strike","Deadly Poison"],"picked":"Venomology","floor":31.0}],"player_experience":420192,"relics_obtained":[{"floor":8.0,"key":"Pocketwatch"},{"floor":9.0,"key":"Happy Flower"},{"floor":13.0,"key":"Incense Burner"},{"floor":26.0,"key":"MawBank"},{"floor":31.0,"key":"Juzu Bracelet"}],"event_choices":[{"cards_removed":["Strike_G"],"damage_healed":0.0,"max_hp_gain":0.0,"max_hp_loss":0.0,"gold_gain":0.0,"event_name":"Purifier","player_choice":"Purged","floor":2.0,"gold_loss":0.0,"damage_taken":0.0},{"damage_healed":0.0,"max_hp_gain":0.0,"max_hp_loss":0.0,"gold_gain":0.0,"event_name":"The Cleric","player_choice":"Leave","floor":12.0,"gold_loss":0.0,"damage_taken":0.0},{"damage_healed":0.0,"max_hp_gain":0.0,"max_hp_loss":0.0,"gold_gain":0.0,"event_name":"Vampires","player_choice":"Ignored","floor":19.0,"gold_loss":0.0,"damage_taken":0.0},{"cards_removed":["Strike_G"],"damage_healed":0.0,"max_hp_gain":0.0,"max_hp_loss":0.0,"gold_gain":0.0,"event_name":"Back to Basics","player_choice":"Elegance","floor":25.0,"gold_loss":0.0,"damage_taken":0.0},{"cards_removed":["Strike_G"],"damage_healed":0.0,"max_hp_gain":0.0,"max_hp_loss":0.0,"gold_gain":0.0,"event_name":"Bonfire Elementals","player_choice":"Offered Basic","floor":30.0,"gold_loss":0.0,"damage_taken":0.0}],"is_beta":false,"boss_relics":[{"not_picked":["Busted Crown","Runic Dome"],"picked":"Orrery"}],"items_purged_floors":[10,11],"is_endless":false,"potions_floor_spawned":[1,5,14,18,21,31],"killed_by":"Champ","ascension_level":13}