{"gold_per_floor":[110,64,64,78,92,92,57,87,87,97,107,122,147,76,76,178,178,195,17,17,17,36,63,75,75],"floor_reached":25,"playtime":1438,"items_purged":[],"score":256,"play_id":"2f3855b1-3e89-4c06-b5be-634d9ad06ce3","local_time":"20180829221242","is_ascension_mode":true,"campfire_choices":[{"floor":6,"key":"REST"},{"data":"Rainbow","floor":15,"key":"SMITH"}],"neow_cost":"NONE","seed_source_timestamp":7881151369801,"circlet_count":0,"master_deck":["Strike_B","Strike_B","Defend_B","Defend_B","Defend_B","Defend_B","Zap","Dualcast","Echo Form","Ball Lightning","Conserve Battery","Self Repair","Rainbow+1","Go for the Eyes","Steam","Rebound","Turbo","Defragment","Rainbow","Coolheaded","Static Discharge","Bandage Up","Echo Form","Streamline+1","Chill","White Noise"],"relics":["Cracked Core","Mango","Pen Nib","Meat on the Bone","DataDisk","Busted Crown","Bottled Tornado"],"potions_floor_usage":[8,13,16,23,25],"damage_taken":[{"damage":13,"enemies":"2 Louse","floor":1,"turns":2},{"damage":21,"enemies":"Small Slimes","floor":4,"turns":3},{"damage":12,"enemies":"Jaw Worm","floor":5,"turns":4},{"damage":8,"enemies":"Lagavulin","floor":8,"turns":5},{"damage":9,"enemies":"Red Slaver","floor":10,"turns":5},{"damage":34,"enemies":"Lots of Slimes","floor":11,"turns":4},{"damage":0,"enemies":"Large Slime","floor":12,"turns":6},{"damage":12,"enemies":"3 Sentries","floor":13,"turns":6},{"damage":21,"enemies":"Hexaghost","floor":16,"turns":9},{"damage":28,"enemies":"3 Byrds","floor":18,"turns":6},{"damage":41,"enemies":"Colosseum Slavers","floor":21,"turns":6},{"damage":7,"enemies":"Spheric Guardian","floor":22,"turns":5},{"damage":58,"enemies":"Slavers","floor":23,"turns":6},{"damage":16,"enemies":"Centurion and Healer","floor":24,"turns":7},{"damage":61,"enemies":"Gremlin Leader","floor":25,"turns":5}],"seed_played":"6984838398954766213","potions_obtained":[{"floor":1,"key":"Poison Potion"},{"floor":5,"key":"Dexterity Potion"},{"floor":13,"key":"SkillPotion"},{"floor":22,"key":"Dexterity Potion"},{"floor":24,"key":"Weak Potion"}],"is_trial":false,"path_per_floor":["M","?","?","M","M","R","?","E","T","M","M","M","E","$","R","B",null,"M","$","?","?","M","E","M"],"character_chosen":"DEFECT","items_purchased":["Defragment","Static Discharge","Bandage Up"],"campfire_rested":1,"item_purchase_floors":[14,19,19],"current_hp_per_floor":[62,62,51,30,18,44,66,65,65,63,41,60,62,62,62,53,89,61,61,61,54,58,34,48,0],"gold":75,"neow_bonus":"TRANSFORM_CARD","is_prod":false,"is_daily":false,"chose_seed":false,"campfire_upgraded":1,"win_rate":0,"timestamp":1535602362,"path_taken":["M","?","?","?","M","R","?","E","T","M","M","?","E","$","R","BOSS","M","$","?","?","M","E","M","E"],"build_version":"2018-08-23v2","purchased_purges":0,"victory":false,"max_hp_per_floor":[75,75,89,89,89,89,89,89,89,89,89,89,89,89,89,89,89,89,89,89,89,89,89,89,89],"card_choices":[{"not_picked":["Sunder","Rip and Tear"],"picked":"Ball Lightning","floor":1},{"not_picked":["White Noise","Turbo"],"picked":"Conserve Battery","floor":4},{"not_picked":["Stack","Force Field"],"picked":"Self Repair","floor":5},{"not_picked":["Chill","Blizzard"],"picked":"Rainbow","floor":8},{"not_picked":["Streamline","Barrage"],"picked":"Go for the Eyes","floor":10},{"not_picked":["Gash","Streamline"],"picked":"Steam","floor":11},{"not_picked":["Beam Cell","Hyperbeam"],"picked":"Rebound","floor":12},{"not_picked":["Compile Driver","Rebound"],"picked":"Turbo","floor":13},{"not_picked":["Meteor Strike","Multi-Cast"],"picked":"Rainbow","floor":16},{"not_picked":[],"picked":"Coolheaded","floor":18},{"not_picked":[],"picked":"Streamline+1","floor":22},{"not_picked":[],"picked":"Chill","floor":23},{"not_picked":[],"picked":"White Noise","floor":24}],"player_experience":417362,"relics_obtained":[{"floor":8,"key":"Pen Nib"},{"floor":9,"key":"Meat on the Bone"},{"floor":13,"key":"DataDisk"},{"floor":23,"key":"Bottled Tornado"}],"event_choices":[{"event_name":"World of Goop","player_choice":"Left","floor":2,"damage_taken":0},{"event_name":"Scrap Ooze","player_choice":"success","floor":3,"damage_taken":25},{"event_name":"The Cleric","player_choice":"Healed","floor":7,"damage_taken":0},{"event_name":"Transmorgrifier","player_choice":"Transform","floor":20,"damage_taken":0},{"event_name":"Colosseum","player_choice":"Fight","floor":21,"damage_taken":0},{"event_name":"Colosseum","player_choice":"Fled From Nobs","floor":21,"damage_taken":0}],"is_beta":false,"boss_relics":[{"not_picked":["Orrery","Velvet Choker"],"picked":"Busted Crown"}],"items_purged_floors":[],"is_endless":false,"potions_floor_spawned":[1,5,13,22,24],"killed_by":"Gremlin Leader","ascension_level":2}