{"gold_per_floor":[117,15,25,44,44,44,70,70,138,138,138,173,186,186,186,286,286,301,301,301,317,329,329,340,418,443,443,472,472,472,485,485,586,586,604,151,168,178,198,198,218,218,218,218,218,318,318,335,335,335],"floor_reached":50,"playtime":4429,"items_purged":["Strike_B","Strike_B"],"score":494,"play_id":"f7b9be97-4e46-4c0c-8e9a-53ff68bf8d37","local_time":"20190408022625","is_ascension_mode":true,"campfire_choices":[{"data":"Redo","floor":6,"key":"SMITH"},{"data":"Zap","floor":8,"key":"SMITH"},{"data":"Seek","floor":10,"key":"SMITH"},{"data":"Genetic Algorithm","floor":15,"key":"SMITH"},{"data":"Barrage","floor":23,"key":"SMITH"},{"floor":27,"key":"REST"},{"data":"Turbo","floor":30,"key":"SMITH"},{"floor":32,"key":"REST"},{"floor":40,"key":"REST"},{"floor":42,"key":"REST"},{"data":"Dualcast","floor":47,"key":"SMITH"},{"floor":49,"key":"REST"}],"neow_cost":"NONE","seed_source_timestamp":248470664412198,"circlet_count":0,"master_deck":["Defend_B","Defend_B","Defend_B","Zap+1","Dualcast+1","Hologram","Redo+1","Ball Lightning","Conserve Battery","Seek+1","Genetic Algorithm+1","Electrodynamics+1","Lockon+1","Barrage+1","Capacitor+1","Defragment+1","Turbo+1","Creative AI+1","Rebound+1"],"relics":["Cracked Core","NeowsBlessing","Vajra","Frozen Egg 2","Anchor","Inserter","PreservedInsect","Ornamental Fan","Art of War","Du-Vu Doll","Busted Crown","TheAbacus","Blood Vial"],"potions_floor_usage":[7,7,7,16,16,16,33,50],"damage_taken":[{"damage":0,"enemies":"Cultist","floor":1,"turns":1},{"damage":0,"enemies":"2 Louse","floor":3,"turns":1},{"damage":0,"enemies":"Small Slimes","floor":4,"turns":1},{"damage":12,"enemies":"Gremlin Nob","floor":7,"turns":3},{"damage":17,"enemies":"Lagavulin","floor":12,"turns":5},{"damage":0,"enemies":"2 Fungi Beasts","floor":13,"turns":3},{"damage":11,"enemies":"The Guardian","floor":16,"turns":7},{"damage":18,"enemies":"Shell Parasite","floor":18,"turns":5},{"damage":0,"enemies":"3 Byrds","floor":21,"turns":2},{"damage":8,"enemies":"Snecko","floor":22,"turns":5},{"damage":11,"enemies":"Snake Plant","floor":24,"turns":3},{"damage":5,"enemies":"Slavers","floor":28,"turns":3},{"damage":0,"enemies":"Chosen and Byrds","floor":31,"turns":4},{"damage":50,"enemies":"Champ","floor":33,"turns":8},{"damage":0,"enemies":"Orb Walker","floor":35,"turns":3},{"damage":29,"enemies":"3 Shapes","floor":37,"turns":4},{"damage":20,"enemies":"Sphere and 2 Shapes","floor":38,"turns":4},{"damage":0,"enemies":"Maw","floor":39,"turns":6},{"damage":13,"enemies":"4 Shapes","floor":41,"turns":4},{"damage":38,"enemies":"Writhing Mass","floor":48,"turns":4},{"damage":53,"enemies":"Donu and Deca","floor":50,"turns":5}],"seed_played":"-5546177846205108330","potions_obtained":[{"floor":1,"key":"EntropicBrew"},{"floor":7,"key":"Poison Potion"},{"floor":12,"key":"PowerPotion"},{"floor":13,"key":"Fire Potion"},{"floor":31,"key":"SteroidPotion"},{"floor":35,"key":"FearPotion"}],"is_trial":false,"path_per_floor":["M","$","M","M","?","R","E","R","T","R","?","E","M","?","R","B",null,"M","?","T","M","M","R","M","T","T","R","E","?","R","M","R","B",null,"M","$","M","M","M","R","M","R","T","?","?","?","R","M","R","B"],"character_chosen":"DEFECT","items_purchased":["Redo","TheAbacus","Blood Vial"],"campfire_rested":5,"item_purchase_floors":[2,36,36],"current_hp_per_floor":[75,75,75,75,68,68,56,56,56,56,75,58,58,58,58,47,75,57,57,57,57,49,49,38,38,38,60,55,55,55,55,75,25,75,75,75,46,28,30,52,41,63,63,63,63,63,63,27,49,0],"gold":335,"neow_bonus":"THREE_ENEMY_KILL","is_prod":false,"is_daily":false,"chose_seed":false,"campfire_upgraded":7,"win_rate":0,"timestamp":1554708385,"path_taken":["M","$","?","M","?","R","E","R","T","R","?","E","M","?","R","BOSS","M","?","?","M","?","R","M","?","T","R","E","?","R","M","R","BOSS","M","$","M","M","M","R","M","R","T","?","?","?","R","M","R","BOSS"],"build_version":"2019-01-23","purchased_purges":2,"victory":false,"max_hp_per_floor":[75,75,75,75,75,75,75,75,75,75,75,75,75,75,75,75,75,75,75,75,75,75,75,75,75,75,75,75,75,75,75,75,75,75,75,75,75,75,75,75,75,75,75,75,75,75,75,75,75,75],"card_choices":[{"not_picked":["Auto Shields","Conserve Battery"],"picked":"Hologram","floor":1},{"not_picked":["Sweeping Beam","Barrage"],"picked":"Ball Lightning","floor":3},{"not_picked":["Fusion","Beam Cell"],"picked":"Conserve Battery","floor":4},{"not_picked":["Scrape","Conserve Battery"],"picked":"Seek","floor":7},{"not_picked":["Storm+1","Blizzard"],"picked":"Genetic Algorithm","floor":12},{"not_picked":["Hologram","Fusion","Sunder"],"picked":"SKIP","floor":13},{"not_picked":["All For One","Reboot"],"picked":"Electrodynamics+1","floor":16},{"not_picked":["Beam Cell","Leap","Darkness"],"picked":"SKIP","floor":18},{"not_picked":["Stack","Gash"],"picked":"Lockon+1","floor":21},{"not_picked":["Cold Snap","Compile Driver"],"picked":"Barrage","floor":22},{"not_picked":["Stack+1","Conserve Battery+1"],"picked":"Capacitor+1","floor":24},{"not_picked":["Barrage","Storm+1"],"picked":"Defragment+1","floor":28},{"not_picked":["Gash","Sweeping Beam","Stack+1"],"picked":"SKIP","floor":31},{"not_picked":["Gash","Sweeping Beam","Stack+1"],"picked":"SKIP","floor":31},{"not_picked":["Fission","Electrodynamics+1"],"picked":"Creative AI+1","floor":33},{"not_picked":["Leap"],"picked":"SKIP","floor":35},{"not_picked":["Cold Snap"],"picked":"SKIP","floor":37},{"not_picked":["Streamline"],"picked":"SKIP","floor":38},{"not_picked":["Beam Cell+1"],"picked":"SKIP","floor":39},{"not_picked":[],"picked":"Rebound+1","floor":41},{"not_picked":["Seek"],"picked":"SKIP","floor":48}],"player_experience":178069,"relics_obtained":[{"floor":7,"key":"Vajra"},{"floor":9,"key":"Frozen Egg 2"},{"floor":12,"key":"Anchor"},{"floor":20,"key":"PreservedInsect"},{"floor":25,"key":"Ornamental Fan"},{"floor":26,"key":"Art of War"},{"floor":28,"key":"Du-Vu Doll"}],"event_choices":[{"cards_removed":["Strike_B"],"damage_healed":0,"gold_gain":0,"player_choice":"Card Removal","damage_taken":7,"max_hp_gain":0,"max_hp_loss":0,"event_name":"Golden Wing","floor":5,"gold_loss":0},{"damage_healed":25,"gold_gain":0,"player_choice":"Banana","damage_taken":0,"max_hp_gain":0,"max_hp_loss":0,"event_name":"Big Fish","floor":11,"gold_loss":0},{"damage_healed":0,"gold_gain":0,"player_choice":"Ignored","damage_taken":0,"max_hp_gain":0,"max_hp_loss":0,"event_name":"Liars Game","floor":14,"gold_loss":0},{"cards_removed":["Strike_B"],"damage_healed":0,"gold_gain":0,"player_choice":"Elegance","damage_taken":0,"max_hp_gain":0,"max_hp_loss":0,"event_name":"Back to Basics","floor":19,"gold_loss":0},{"damage_healed":0,"gold_gain":0,"player_choice":"Read","damage_taken":0,"max_hp_gain":0,"max_hp_loss":0,"event_name":"The Library","floor":29,"gold_loss":0,"cards_obtained":["Turbo"]},{"cards_removed":["Defend_B"],"damage_healed":0,"gold_gain":0,"player_choice":"Removed Skill","damage_taken":0,"max_hp_gain":0,"max_hp_loss":0,"event_name":"Falling","floor":44,"gold_loss":0},{"damage_healed":0,"gold_gain":0,"player_choice":"Ignored","damage_taken":0,"max_hp_gain":0,"max_hp_loss":0,"event_name":"Mysterious Sphere","floor":45,"gold_loss":0},{"damage_healed":0,"gold_gain":100,"player_choice":"Pray","damage_taken":0,"max_hp_gain":0,"max_hp_loss":0,"event_name":"Golden Shrine","floor":46,"gold_loss":0}],"is_beta":false,"boss_relics":[{"not_picked":["FrozenCore","Philosopher\u0027s Stone"],"picked":"Inserter"},{"not_picked":["Velvet Choker","Eternal Feather"],"picked":"Busted Crown"}],"items_purged_floors":[2,36],"is_endless":false,"potions_floor_spawned":[1,7,12,13,31,35,48],"killed_by":"Donu and Deca","ascension_level":1}