{"gold_per_floor":[110,129,129,149,149,149,162,180,235,60,73,49,66,83,83,185,185,196,196,168,168,168,168,188,188,260,67,95,95],"floor_reached":29,"playtime":887,"items_purged":[],"score":237,"play_id":"b337a175-2602-487f-9515-140f64c4fd63","local_time":"20190204114903","is_ascension_mode":false,"campfire_choices":[{"data":"Hemokinesis","floor":6,"key":"SMITH"},{"data":"True Grit","floor":15,"key":"SMITH"},{"data":"Limit Break","floor":23,"key":"SMITH"},{"floor":25,"key":"REST"}],"neow_cost":"NONE","seed_source_timestamp":516503247076250,"circlet_count":0,"master_deck":["Strike_R+1","Strike_R+1","Strike_R+1","Strike_R+1","Strike_R+1","Defend_R+1","Defend_R+1","Defend_R+1","Defend_R+1","Bash","Finesse","Clothesline","Thunderclap","Hemokinesis+1","Spot Weakness","Cleave","Ghostly Armor","Sword Boomerang","Flex","Rage","Shrug It Off","True Grit+1","Power Through","Limit Break+1","Armaments+1","Twin Strike+1","Limit Break","Sword Boomerang","Shrug It Off","Sword Boomerang","Trip","Rupture"],"relics":["Burning Blood"],"potions_floor_usage":[18,18,28,28,29],"damage_taken":[{"damage":0,"enemies":"Small Slimes","floor":1,"turns":3},{"damage":6,"enemies":"Jaw Worm","floor":2,"turns":3},{"damage":2,"enemies":"Cultist","floor":4,"turns":3},{"damage":7,"enemies":"Looter","floor":7,"turns":2},{"damage":6,"enemies":"Exordium Wildlife","floor":8,"turns":3},{"damage":20,"enemies":"Exordium Thugs","floor":11,"turns":6},{"damage":2,"enemies":"2 Fungi Beasts","floor":13,"turns":2},{"damage":2,"enemies":"3 Louse","floor":14,"turns":3},{"damage":14,"enemies":"Slime Boss","floor":16,"turns":8},{"damage":25,"enemies":"Spheric Guardian","floor":18,"turns":5},{"damage":24,"enemies":"2 Thieves","floor":20,"turns":5},{"damage":33,"enemies":"Centurion and Healer","floor":24,"turns":6},{"damage":44,"enemies":"Gremlin Leader","floor":28,"turns":7},{"damage":16,"enemies":"3 Cultists","floor":29,"turns":3}],"seed_played":"3931366689106070558","potions_obtained":[{"floor":2,"key":"PowerPotion"},{"floor":14,"key":"Swift Potion"},{"floor":16,"key":"BloodPotion"},{"floor":24,"key":"Strength Potion"},{"floor":28,"key":"SpeedPotion"}],"is_trial":false,"path_per_floor":["M","M","?","M","T","R","M","M","T","$","M","$","M","M","R","B",null,"M","?","M","?","?","R","M","R","T","$","E","M"],"character_chosen":"IRONCLAD","items_purchased":["Ghostly Armor","Sword Boomerang","Flex","Shrug It Off","Shrug It Off","Sword Boomerang","Trip"],"campfire_rested":1,"item_purchase_floors":[10,10,10,12,27,27,27],"current_hp_per_floor":[80,80,80,80,80,80,79,79,79,79,65,65,69,73,73,65,80,69,69,51,51,51,51,24,48,48,48,10,0],"gold":95,"neow_bonus":"RANDOM_COLORLESS","is_prod":false,"is_daily":false,"chose_seed":false,"campfire_upgraded":3,"win_rate":0,"timestamp":1549306143,"path_taken":["M","M","?","M","?","R","M","?","T","$","M","$","M","M","R","BOSS","M","?","M","?","?","R","?","R","T","$","E","M"],"build_version":"2019-01-23","purchased_purges":0,"victory":false,"max_hp_per_floor":[80,80,80,80,80,80,80,80,80,80,80,80,80,80,80,80,80,80,80,80,80,80,80,80,80,80,80,80,80],"card_choices":[{"not_picked":["Whirlwind","Heavy Blade"],"picked":"Clothesline","floor":1},{"not_picked":["Entrench","Clash"],"picked":"Thunderclap","floor":2},{"not_picked":["Clash","Havoc"],"picked":"Hemokinesis","floor":4},{"not_picked":["Heavy Blade","Clash"],"picked":"Spot Weakness","floor":7},{"not_picked":["Blood for Blood","Sword Boomerang"],"picked":"Cleave","floor":8},{"not_picked":["Anger","Second Wind"],"picked":"Rage","floor":11},{"not_picked":["Intimidate","Body Slam"],"picked":"True Grit","floor":13},{"not_picked":["Sentinel","Heavy Blade"],"picked":"Power Through","floor":14},{"not_picked":["Berserk","Dark Embrace"],"picked":"Limit Break","floor":16},{"not_picked":["Searing Blow+1","Clash"],"picked":"Armaments+1","floor":18},{"not_picked":["Iron Wave+1","Clash"],"picked":"Twin Strike+1","floor":20},{"not_picked":["Berserk","Body Slam"],"picked":"Sword Boomerang","floor":24},{"not_picked":["Warcry","Ghostly Armor"],"picked":"Rupture","floor":28}],"player_experience":1388168,"relics_obtained":[],"event_choices":[{"damage_healed":0,"gold_gain":0,"player_choice":"Fled","damage_taken":0,"max_hp_gain":0,"max_hp_loss":0,"event_name":"Scrap Ooze","floor":3,"gold_loss":0},{"damage_healed":0,"gold_gain":0,"player_choice":"Simplicity","damage_taken":0,"max_hp_gain":0,"max_hp_loss":0,"event_name":"Back to Basics","floor":21,"gold_loss":0,"cards_upgraded":["Strike_R","Strike_R","Strike_R","Strike_R","Strike_R","Defend_R","Defend_R","Defend_R","Defend_R"]},{"damage_healed":0,"gold_gain":0,"player_choice":"Copied","damage_taken":0,"max_hp_gain":0,"max_hp_loss":0,"event_name":"Duplicator","floor":22,"gold_loss":0,"cards_obtained":["Limit Break"]}],"is_beta":false,"boss_relics":[{"not_picked":["Eternal Feather","Fusion Hammer","Ectoplasm"]}],"items_purged_floors":[],"is_endless":false,"potions_floor_spawned":[2,14,16,24,28],"killed_by":"3 Cultists","ascension_level":0}