{"gold_per_floor":[113,38,51,1,13,44,44,69,69,69,81,109,109,119,119,216,216,234,251,78,91,91,91,103,103,103,103,103],"floor_reached":28,"playtime":2483,"items_purged":["Strike_G","Strike_G"],"score":285,"play_id":"fd0475dd-dc34-4a72-a53d-6b78b37c4790","local_time":"20181028204151","is_ascension_mode":true,"campfire_choices":[{"data":"Blade Dance","floor":7.0,"key":"SMITH"},{"data":"Neutralize","floor":13.0,"key":"SMITH"},{"floor":15.0,"key":"REST"},{"data":"After Image","floor":23.0,"key":"SMITH"},{"data":"Adrenaline","floor":25,"key":"SMITH"}],"neow_cost":"NONE","seed_source_timestamp":1563918253362752,"circlet_count":0,"master_deck":["Defend_G","Defend_G","Defend_G","Defend_G","Defend_G","Strike_G","Strike_G","Survivor","Neutralize+1","Dagger Throw","Adrenaline+1","Blade Dance+1","Envenom","Escape Plan","After Image+1","Infinite Blades","Choke+1","RitualDagger","Infinite Blades+1"],"special_seed":0,"relics":["Ring of the Snake","Strawberry","Tingsha","Pocketwatch","Incense Burner","Odd Mushroom","Eternal Feather","Ornamental Fan"],"potions_floor_usage":[24,24],"damage_taken":[{"damage":0.0,"enemies":"Cultist","floor":1.0,"turns":4.0},{"damage":0.0,"enemies":"Small Slimes","floor":3.0,"turns":4.0},{"damage":0.0,"enemies":"Jaw Worm","floor":5.0,"turns":4.0},{"damage":19.0,"enemies":"Gremlin Nob","floor":6.0,"turns":4.0},{"damage":22.0,"enemies":"Lagavulin","floor":8.0,"turns":7.0},{"damage":2.0,"enemies":"2 Fungi Beasts","floor":11.0,"turns":3.0},{"damage":10.0,"enemies":"The Mushroom Lair","floor":12.0,"turns":4.0},{"damage":0.0,"enemies":"Looter","floor":14.0,"turns":3.0},{"damage":4.0,"enemies":"The Guardian","floor":16.0,"turns":13.0},{"damage":3.0,"enemies":"3 Byrds","floor":18.0,"turns":6.0},{"damage":2.0,"enemies":"Shell Parasite","floor":19.0,"turns":6.0},{"damage":2.0,"enemies":"Cultist and Chosen","floor":21.0,"turns":8.0},{"damage":15,"enemies":"Snake Plant","floor":24,"turns":6},{"damage":82,"enemies":"Gremlin Leader","floor":28,"turns":7}],"seed_played":"2485001114673066879","potions_obtained":[{"floor":3.0,"key":"Fire Potion"},{"floor":6.0,"key":"LiquidBronze"},{"floor":14.0,"key":"Fruit Juice"},{"floor":19.0,"key":"Energy Potion"},{"floor":21.0,"key":"Regen Potion"}],"is_trial":false,"path_per_floor":["M","$","M","?","M","E","R","E","T","?","M","?","R","M","R","B",null,"M","M","$","M","?","R","M","R","T","$"],"character_chosen":"THE_SILENT","items_purchased":["Regen Potion"],"campfire_rested":1,"item_purchase_floors":[20],"current_hp_per_floor":[77,77,77,77,77,58,58,36,36,36,34,24,24,24,47,48,74,71,69,69,82,76,82,72,81,81,81,0],"gold":103,"neow_bonus":"RANDOM_COMMON_RELIC","is_prod":false,"is_daily":false,"chose_seed":false,"campfire_upgraded":4,"win_rate":0,"timestamp":1540780911,"path_taken":["M","$","M","?","M","E","R","E","T","?","M","?","R","M","R","BOSS","M","?","$","M","?","R","?","R","T","$","E"],"build_version":"2018-10-25v2","purchased_purges":2,"victory":false,"max_hp_per_floor":[77,77,77,77,77,77,77,77,77,77,77,77,77,77,77,82,82,82,82,82,82,82,82,82,82,82,82,82],"card_choices":[{"not_picked":["Underhanded Strike","Quick Slash"],"picked":"Dagger Throw","floor":1.0},{"not_picked":["Backflip","Cloak And Dagger"],"picked":"Adrenaline","floor":3.0},{"not_picked":["Dagger Throw","Acrobatics"],"picked":"Blade Dance","floor":5.0},{"not_picked":["Endless Agony","Quick Slash"],"picked":"Envenom","floor":6.0},{"not_picked":["Poisoned Stab","Backflip","Dodge and Roll"],"picked":"SKIP","floor":8.0},{"not_picked":["Concentrate","Acrobatics"],"picked":"Escape Plan","floor":11.0},{"not_picked":["Setup","Underhanded Strike","Acrobatics"],"picked":"SKIP","floor":14.0},{"not_picked":["Wraith Form v2","Die Die Die"],"picked":"After Image","floor":16.0},{"not_picked":["Noxious Fumes+1","Riddle With Holes"],"picked":"Infinite Blades","floor":18.0},{"not_picked":["Dodge and Roll","Caltrops+1","Deadly Poison+1"],"picked":"SKIP","floor":19.0},{"not_picked":["Underhanded Strike","PiercingWail"],"picked":"Choke+1","floor":21.0},{"not_picked":["Calculated Gamble","Sucker Punch+1"],"picked":"Infinite Blades+1","floor":24}],"player_experience":946317,"relics_obtained":[{"floor":6.0,"key":"Tingsha"},{"floor":8.0,"key":"Pocketwatch"},{"floor":9.0,"key":"Incense Burner"},{"floor":12.0,"key":"Odd Mushroom"},{"floor":26,"key":"Ornamental Fan"}],"event_choices":[{"cards_removed":["Strike_G"],"damage_healed":0.0,"max_hp_gain":0.0,"max_hp_loss":0.0,"gold_gain":0.0,"event_name":"The Cleric","player_choice":"Card Removal","floor":4.0,"gold_loss":50.0,"damage_taken":0.0},{"damage_healed":0.0,"max_hp_gain":0.0,"max_hp_loss":0.0,"gold_gain":0.0,"event_name":"Shining Light","player_choice":"Ignored","floor":10.0,"gold_loss":0.0,"damage_taken":0.0},{"damage_healed":0.0,"max_hp_gain":0.0,"max_hp_loss":0.0,"gold_gain":0.0,"event_name":"Mushrooms","player_choice":"Fought Mushrooms","floor":12.0,"gold_loss":0.0,"damage_taken":0.0},{"damage_healed":0.0,"max_hp_gain":0.0,"max_hp_loss":0.0,"gold_gain":0.0,"event_name":"Nest","player_choice":"Joined the Cult","floor":22.0,"gold_loss":0.0,"damage_taken":6.0,"cards_obtained":["RitualDagger"]}],"is_beta":false,"boss_relics":[{"not_picked":["Ectoplasm","Calling Bell"],"picked":"Eternal Feather"}],"items_purged_floors":[2,20],"is_endless":false,"potions_floor_spawned":[3,6,14,19,21],"killed_by":"Gremlin Leader","ascension_level":5}