{"gold_per_floor":[111,61,61,35,46,46,72,72,72,90,124,136,136,311,311,408,408,422,438,39,52,68,68,87,87,87,106,106,117,152,165,165,269,319,329,329,339,339,37,37,72,84,84,118,118,130,130,130,130,130],"floor_reached":50,"playtime":4688,"items_purged":["Doubt","Zap+1"],"score":916,"play_id":"f8950c6e-7a61-42d3-bdb2-f384c4e1e58b","local_time":"20190325153026","is_ascension_mode":true,"campfire_choices":[{"data":"Zap","floor":6,"key":"SMITH"},{"data":"Defragment","floor":8,"key":"SMITH"},{"floor":13,"key":"REST"},{"floor":15,"key":"REST"},{"floor":23,"key":"REST"},{"floor":25,"key":"REST"},{"data":"Defragment","floor":28,"key":"SMITH"},{"floor":32,"key":"REST"},{"data":"Buffer","floor":40,"key":"SMITH"},{"floor":49,"key":"RECALL"}],"neow_cost":"NONE","seed_source_timestamp":831454647765540,"circlet_count":0,"master_deck":["Strike_B","Strike_B","Strike_B","Defend_B","Defend_B+1","Defend_B","Defend_B","Dualcast","Go for the Eyes","Conserve Battery","BootSequence","Defragment+1","Echo Form","Leap","Buffer+1","Coolheaded","Defragment+1","Defragment+1","Undo","Darkness","Chill+1","Genetic Algorithm","Dark Shackles"],"relics":["Cracked Core","NeowsBlessing","PreservedInsect","Anchor","Pocketwatch","Orichalcum","Velvet Choker","Bottled Lightning","Pear","Darkstone Periapt","Tiny House","Medical Kit","Dream Catcher","Meat on the Bone"],"potions_floor_usage":[16,33,33,33,50,50],"damage_taken":[{"damage":0,"enemies":"Cultist","floor":1,"turns":1},{"damage":0,"enemies":"Small Slimes","floor":5,"turns":1},{"damage":0,"enemies":"Gremlin Nob","floor":7,"turns":1},{"damage":0,"enemies":"2 Louse","floor":10,"turns":3},{"damage":14,"enemies":"Lagavulin","floor":11,"turns":6},{"damage":16,"enemies":"Exordium Thugs","floor":12,"turns":5},{"damage":52,"enemies":"Slime Boss","floor":16,"turns":10},{"damage":13,"enemies":"Spheric Guardian","floor":18,"turns":6},{"damage":0,"enemies":"Chosen","floor":19,"turns":5},{"damage":7,"enemies":"Centurion and Healer","floor":21,"turns":15},{"damage":26,"enemies":"3 Cultists","floor":22,"turns":8},{"damage":20,"enemies":"Sentry and Sphere","floor":24,"turns":10},{"damage":1,"enemies":"Centurion and Healer","floor":27,"turns":6},{"damage":19,"enemies":"Shelled Parasite and Fungi","floor":29,"turns":12},{"damage":0,"enemies":"Book of Stabbing","floor":30,"turns":7},{"damage":2,"enemies":"Snake Plant","floor":31,"turns":7},{"damage":39,"enemies":"Collector","floor":33,"turns":20},{"damage":0,"enemies":"3 Shapes","floor":35,"turns":10},{"damage":6,"enemies":"3 Darklings","floor":37,"turns":9},{"damage":3,"enemies":"Giant Head","floor":41,"turns":15},{"damage":7,"enemies":"Jaw Worm Horde","floor":42,"turns":8},{"damage":0,"enemies":"Nemesis","floor":44,"turns":13},{"damage":0,"enemies":"Transient","floor":46,"turns":5},{"damage":71,"enemies":"Awakened One","floor":50,"turns":5}],"seed_played":"2992939854745898911","potions_obtained":[{"floor":5,"key":"Ancient Potion"},{"floor":7,"key":"SkillPotion"},{"floor":12,"key":"Explosive Potion"},{"floor":16,"key":"SkillPotion"},{"floor":31,"key":"Weak Potion"},{"floor":33,"key":"AttackPotion"},{"floor":34,"key":"LiquidBronze"},{"floor":37,"key":"Strength Potion"},{"floor":42,"key":"Regen Potion"}],"is_trial":false,"path_per_floor":["?","?","?","?","?","M","?","?"],"character_chosen":"DEFECT","items_purchased":["Conserve Battery","Defragment","Bottled Lightning","Medical Kit"],"campfire_rested":5,"item_purchase_floors":[4,20,20,39],"current_hp_per_floor":[68,68,43,43,43,43,43,43,43,43,29,13,35,35,57,5,58,45,45,45,38,12,34,14,36,46,45,45,26,26,24,49,10,71,71,71,65,65,65,65,62,55,55,55,55,55,55,55,55,0],"gold":130,"neow_bonus":"THREE_ENEMY_KILL","is_prod":false,"is_daily":false,"chose_seed":false,"campfire_upgraded":4,"win_rate":0,"timestamp":1553542226,"path_taken":["M","?","?","$","M","R","E","R","T","M","E","M","R","?","R","BOSS","M","M","$","M","M","R","M","R","T","M","R","M","E","M","R","BOSS","M","?","M","?","$","R","E","?","T","E","$","M","?","?","R","BOSS"],"build_version":"2019-01-23","purchased_purges":2,"victory":false,"max_hp_per_floor":[75,75,75,75,75,75,75,75,75,75,75,75,75,75,75,75,75,75,75,75,75,75,75,75,75,85,85,85,85,85,85,85,85,90,90,85,85,85,85,85,85,85,85,85,85,85,85,85,85,85],"card_choices":[{"not_picked":["Hologram","Sweeping Beam"],"picked":"Go for the Eyes","floor":1},{"not_picked":["Capacitor","Compile Driver"],"picked":"BootSequence","floor":5},{"not_picked":["Steam","Conserve Battery"],"picked":"Defragment","floor":7},{"not_picked":["Storm","Leap"],"picked":"Echo Form","floor":10},{"not_picked":["All For One","Go for the Eyes","Barrage"],"picked":"SKIP","floor":11},{"not_picked":["Compile Driver","Streamline"],"picked":"Leap","floor":12},{"not_picked":["Biased Cognition","Thunder Strike"],"picked":"Buffer","floor":16},{"not_picked":["Fusion+1","Conserve Battery"],"picked":"Coolheaded","floor":18},{"not_picked":["BootSequence","Beam Cell"],"picked":"Defragment","floor":19},{"not_picked":["Ball Lightning+1","Recycle+1"],"picked":"Undo","floor":21},{"not_picked":["Redo","Static Discharge","Tempest"],"picked":"SKIP","floor":22},{"not_picked":["Sweeping Beam","Machine Learning"],"picked":"Darkness","floor":24},{"not_picked":["Chaos","Double Energy","Go for the Eyes+1"],"picked":"SKIP","floor":27},{"not_picked":["Hologram","Undo"],"picked":"Chill+1","floor":29},{"not_picked":["Hologram","Go for the Eyes","Beam Cell+1"],"picked":"SKIP","floor":30},{"not_picked":["Blizzard","Streamline","Gash+1"],"picked":"SKIP","floor":31},{"not_picked":["Ball Lightning","Redo"],"picked":"Genetic Algorithm","floor":34},{"not_picked":["Cold Snap","Leap","Recycle+1"],"picked":"SKIP","floor":35},{"not_picked":["Streamline","Steam","Cold Snap"],"picked":"SKIP","floor":37},{"not_picked":["Rebound","Cold Snap+1","Static Discharge+1"],"picked":"SKIP","floor":41},{"not_picked":["Gash+1","Sunder+1","Cold Snap+1"],"picked":"SKIP","floor":42},{"not_picked":["Leap","Go for the Eyes+1","Fusion"],"picked":"SKIP","floor":44},{"not_picked":["Ball Lightning","Scrape","Amplify"],"picked":"SKIP","floor":46},{"not_picked":["Apotheosis","Impatience"],"picked":"Dark Shackles","floor":47}],"player_experience":996893,"relics_obtained":[{"floor":7,"key":"Anchor"},{"floor":9,"key":"Pocketwatch"},{"floor":11,"key":"Orichalcum"},{"floor":26,"key":"Pear"},{"floor":30,"key":"Darkstone Periapt"},{"floor":41,"key":"Dream Catcher"},{"floor":44,"key":"Meat on the Bone"}],"event_choices":[{"cards_removed":["Strike_B"],"damage_healed":0,"gold_gain":0,"player_choice":"Card Removal","damage_taken":0,"max_hp_gain":0,"max_hp_loss":0,"event_name":"The Cleric","floor":2,"gold_loss":50},{"damage_healed":0,"gold_gain":0,"player_choice":"Success","damage_taken":25,"relics_obtained":["PreservedInsect"],"max_hp_gain":0,"max_hp_loss":0,"event_name":"Scrap Ooze","floor":3,"gold_loss":0},{"damage_healed":0,"gold_gain":175,"player_choice":"AGREE","damage_taken":0,"max_hp_gain":0,"max_hp_loss":0,"event_name":"Liars Game","floor":14,"gold_loss":0,"cards_obtained":["Doubt"]},{"damage_healed":0,"gold_gain":0,"player_choice":"Max HP","damage_taken":0,"max_hp_gain":0,"max_hp_loss":5,"event_name":"Winding Halls","floor":36,"gold_loss":0},{"damage_healed":0,"gold_gain":0,"player_choice":"Ignored","damage_taken":0,"max_hp_gain":0,"max_hp_loss":0,"event_name":"SecretPortal","floor":38,"gold_loss":0},{"damage_healed":0,"gold_gain":0,"player_choice":"Memory 1","damage_taken":0,"max_hp_gain":0,"max_hp_loss":0,"event_name":"SensoryStone","floor":47,"gold_loss":0},{"damage_healed":0,"gold_gain":0,"player_choice":"Upgraded","damage_taken":0,"max_hp_gain":0,"max_hp_loss":0,"event_name":"Upgrade Shrine","floor":48,"gold_loss":0,"cards_upgraded":["Defragment"]}],"is_beta":false,"boss_relics":[{"not_picked":["Ectoplasm","Lizard Tail"],"picked":"Velvet Choker"},{"not_picked":["Fusion Hammer","Runic Dome"],"picked":"Tiny House"}],"items_purged_floors":[20,39],"is_endless":false,"potions_floor_spawned":[5,7,12,16,24,30,31,33,37,42,46],"killed_by":"Awakened One","ascension_level":9}