{"gold_per_floor":[12,12,25,25,42,76,76,111,111,111,122,122,133,57,57,159,159,176,31,42,0,0],"floor_reached":22,"playtime":1380,"items_purged":[],"score":194,"play_id":"0de90530-5cfd-427d-9581-7fb502352a75","local_time":"20180731143251","is_ascension_mode":false,"campfire_choices":[{"floor":7,"key":"REST"},{"data":"Searing Blow","floor":10,"key":"SMITH"},{"floor":12,"key":"REST"},{"data":"Searing Blow+1","floor":15,"key":"SMITH"}],"neow_cost":"NO_GOLD","seed_source_timestamp":419229570380919,"circlet_count":0,"master_deck":["Strike_R","Strike_R","Strike_R","Strike_R","Strike_R","Defend_R","Defend_R","Defend_R","Defend_R","Bash","Searing Blow+2","Sword Boomerang","Metallicize","Flex","Seeing Red","Metallicize","Spot Weakness","Shrug It Off","Rage","Barricade","Thunderclap","Armaments","Pummel","Ghostly Armor","Sword Boomerang","Pummel+1"],"relics":["Burning Blood","Girya","Letter Opener","Prayer Wheel","Champion Belt","Ginger","White Beast Statue"],"potions_floor_usage":[8,8,18,22],"damage_taken":[{"damage":12,"enemies":"Jaw Worm","floor":1,"turns":5},{"damage":8,"enemies":"Small Slimes","floor":3,"turns":4},{"damage":1,"enemies":"Cultist","floor":5,"turns":3},{"damage":61,"enemies":"Lagavulin","floor":6,"turns":11},{"damage":27,"enemies":"Gremlin Nob","floor":8,"turns":5},{"damage":10,"enemies":"2 Fungi Beasts","floor":11,"turns":4},{"damage":4,"enemies":"Large Slime","floor":13,"turns":6},{"damage":31,"enemies":"The Guardian","floor":16,"turns":12},{"damage":19,"enemies":"Chosen","floor":18,"turns":6},{"damage":48,"enemies":"3 Byrds","floor":20,"turns":7},{"damage":35,"enemies":"Cultist and Chosen","floor":22,"turns":8}],"seed_played":"4270849024554044350","potions_obtained":[{"floor":1,"key":"Regen Potion"},{"floor":6,"key":"SteroidPotion"},{"floor":8,"key":"AttackPotion"},{"floor":18,"key":"Ancient Potion"},{"floor":20,"key":"Block Potion"}],"is_trial":false,"path_per_floor":["M","?","M","$","M","E","R","E","T","R","M","R","M","$","R","B",null,"M","$","M","?"],"character_chosen":"IRONCLAD","items_purchased":["Rage","Pummel","Ghostly Armor"],"campfire_rested":2,"item_purchase_floors":[14,19,19],"current_hp_per_floor":[74,67,65,65,70,15,39,32,32,32,28,52,54,54,54,29,80,67,67,25,25,0],"gold":0,"neow_bonus":"ONE_RARE_RELIC","is_prod":false,"is_daily":false,"chose_seed":false,"campfire_upgraded":2,"win_rate":0,"timestamp":1533069171,"path_taken":["M","?","M","$","M","E","R","E","T","R","M","R","M","$","R","BOSS","M","?","M","?","M"],"build_version":"2018-07-26","purchased_purges":0,"victory":false,"max_hp_per_floor":[80,80,80,80,80,80,80,80,80,80,80,80,80,80,80,80,80,80,80,80,80,80],"card_choices":[{"not_picked":["True Grit","Flex"],"picked":"Searing Blow","floor":1},{"not_picked":["Perfected Strike","Thunderclap"],"picked":"Sword Boomerang","floor":3},{"not_picked":["Reckless Charge","Power Through"],"picked":"Metallicize","floor":5},{"not_picked":["Body Slam","Thunderclap"],"picked":"Flex","floor":6},{"not_picked":["True Grit","Reckless Charge","Wild Strike"],"picked":"SKIP","floor":8},{"not_picked":["Clash","True Grit"],"picked":"Seeing Red","floor":11},{"not_picked":["Dual Wield","True Grit"],"picked":"Metallicize","floor":11},{"not_picked":["Headbutt","Brutality"],"picked":"Spot Weakness","floor":13},{"not_picked":["Headbutt","Body Slam"],"picked":"Shrug It Off","floor":13},{"not_picked":["Fiend Fire","Berserk"],"picked":"Barricade","floor":16},{"not_picked":["Clothesline","Headbutt"],"picked":"Thunderclap","floor":18},{"not_picked":["Combust","Clothesline"],"picked":"Armaments","floor":18},{"not_picked":["Twin Strike","Dropkick+1"],"picked":"Sword Boomerang","floor":20},{"not_picked":["Headbutt+1","Rage"],"picked":"Pummel+1","floor":20}],"player_experience":130815,"relics_obtained":[{"floor":6,"key":"Prayer Wheel"},{"floor":8,"key":"Champion Belt"},{"floor":9,"key":"Ginger"}],"event_choices":[{"event_name":"Scrap Ooze","player_choice":"success","floor":2,"damage_taken":7},{"event_name":"Masked Bandits","player_choice":"Paid Bandits 42 gold","floor":21,"damage_taken":0}],"is_beta":false,"boss_relics":[{"not_picked":["Snecko Eye","Cursed Key"],"picked":"White Beast Statue"}],"items_purged_floors":[],"is_endless":false,"potions_floor_spawned":[1,6,8,18,20],"killed_by":"Cultist and Chosen","ascension_level":0}