{"gold_per_floor":[114,10,10,28,42,42,60,60,60,86,100,116,116,116,116,116],"floor_reached":16,"playtime":649,"items_purged":[],"score":158,"play_id":"dacb3cba-ba7b-40eb-b48b-a8cbe2ac54dc","local_time":"20181016235835","is_ascension_mode":true,"campfire_choices":[{"data":"Neutralize","floor":6,"key":"SMITH"},{"floor":8,"key":"REST"},{"floor":13,"key":"REST"},{"data":"After Image","floor":15,"key":"SMITH"}],"neow_cost":"","seed_source_timestamp":62442890842484,"circlet_count":0,"master_deck":["Defend_G","Defend_G","Defend_G","Defend_G","Defend_G","Strike_G","Strike_G","Strike_G","Strike_G","Survivor","Neutralize+1","AscendersBane","Heel Hook","Footwork","Skewer","Dodge and Roll","Sucker Punch","Terror","Cloak And Dagger","After Image+1","PiercingWail"],"relics":["Ring of the Snake","Dodecahedron","Incense Burner","Strawberry"],"potions_floor_usage":[10,12,16],"damage_taken":[{"damage":6,"enemies":"Jaw Worm","floor":1,"turns":9},{"damage":2,"enemies":"2 Louse","floor":4,"turns":3},{"damage":3,"enemies":"Cultist","floor":5,"turns":4},{"damage":9,"enemies":"2 Fungi Beasts","floor":7,"turns":4},{"damage":27,"enemies":"3 Sentries","floor":10,"turns":11},{"damage":12,"enemies":"Lots of Slimes","floor":11,"turns":7},{"damage":1,"enemies":"Gremlin Gang","floor":12,"turns":6},{"damage":13,"enemies":"Hexaghost","floor":16,"turns":10}],"seed_played":"-6364946876447505251","potions_obtained":[{"floor":7,"key":"AttackPotion"},{"floor":11,"key":"SkillPotion"},{"floor":12,"key":"Weak Potion"}],"is_trial":false,"path_per_floor":["M","$","?","M","M","R","M","R","T","E","M","M","R","?","R"],"character_chosen":"THE_SILENT","items_purchased":["Footwork","Skewer"],"campfire_rested":2,"item_purchase_floors":[2,2],"current_hp_per_floor":[57,57,50,48,45,45,36,57,57,30,18,17,38,38,38,25],"gold":116,"neow_bonus":"","is_prod":false,"is_daily":false,"chose_seed":false,"campfire_upgraded":2,"win_rate":0,"timestamp":1539748715,"path_taken":["M","$","?","M","M","R","?","R","T","E","?","?","R","?","R","BOSS"],"build_version":"2018-10-15v2","purchased_purges":0,"victory":false,"max_hp_per_floor":[70,70,70,70,70,70,70,70,70,70,70,70,70,77,77,77],"card_choices":[{"not_picked":["Slice","PiercingWail"],"picked":"Heel Hook","floor":1},{"not_picked":["Quick Slash","Deadly Poison"],"picked":"Dodge and Roll","floor":4},{"not_picked":["Blade Dance","Prepared"],"picked":"Sucker Punch","floor":5},{"not_picked":["Setup","Bane"],"picked":"Terror","floor":7},{"not_picked":["Acrobatics","Endless Agony"],"picked":"Cloak And Dagger","floor":10},{"not_picked":["Flying Knee","Footwork"],"picked":"After Image","floor":11},{"not_picked":["Slice","Dodge and Roll"],"picked":"PiercingWail","floor":12}],"player_experience":352230,"relics_obtained":[{"floor":9,"key":"Dodecahedron"},{"floor":10,"key":"Incense Burner"}],"event_choices":[{"event_name":"Golden Wing","player_choice":"Card Removal","floor":3,"damage_taken":0},{"event_name":"Scrap Ooze","player_choice":"success","floor":14,"damage_taken":7}],"is_beta":true,"boss_relics":[],"items_purged_floors":[],"is_endless":false,"potions_floor_spawned":[7,11,12],"killed_by":"Hexaghost","ascension_level":11}