{"gold_per_floor":[110,123,123,139,159,194,194,205,250,250,250,250,263,281,281,378,378,395,406,331,346,128,138,138,138,138,138,158,158],"floor_reached":29,"playtime":1971,"items_purged":["Strike_B"],"score":229,"play_id":"21bd894f-090b-45b2-8adb-5cd746826717","local_time":"20190318110529","is_ascension_mode":false,"campfire_choices":[{"floor":15,"key":"REST"},{"data":"Creative AI","floor":27,"key":"SMITH"}],"neow_cost":"NONE","seed_source_timestamp":213471860561423,"circlet_count":0,"master_deck":["Strike_B","Strike_B+1","Strike_B","Defend_B","Defend_B","Defend_B","Defend_B","Zap","Dualcast","Cold Snap","Coolheaded+1","Glacier","Hologram","Fusion","Sunder","Creative AI+1","Skim","White Noise","Reinforced Body","BootSequence","Conserve Battery+1","BootSequence","Conserve Battery","Fusion","Chill"],"relics":["Cracked Core","Pen Nib","Strawberry","Orrery","Membership Card","Sundial","Bottled Flame"],"potions_floor_usage":[21,29],"damage_taken":[{"damage":0,"enemies":"Cultist","floor":1,"turns":4},{"damage":1,"enemies":"Small Slimes","floor":2,"turns":4},{"damage":0,"enemies":"2 Louse","floor":4,"turns":4},{"damage":12,"enemies":"Large Slime","floor":5,"turns":9},{"damage":29,"enemies":"Lagavulin","floor":6,"turns":10},{"damage":18,"enemies":"Exordium Thugs","floor":8,"turns":5},{"damage":9,"enemies":"Gremlin Gang","floor":13,"turns":4},{"damage":1,"enemies":"Looter","floor":14,"turns":4},{"damage":27,"enemies":"The Guardian","floor":16,"turns":13},{"damage":30,"enemies":"Spheric Guardian","floor":18,"turns":20},{"damage":3,"enemies":"2 Thieves","floor":19,"turns":4},{"damage":10,"enemies":"3 Cultists","floor":21,"turns":6},{"damage":8,"enemies":"Snake Plant","floor":23,"turns":9},{"damage":0,"enemies":"Centurion and Healer","floor":28,"turns":12},{"damage":38,"enemies":"3 Cultists","floor":29,"turns":5}],"seed_played":"-1827877489819595328","potions_obtained":[{"floor":1,"key":"Swift Potion"},{"floor":2,"key":"AttackPotion"},{"floor":5,"key":"FairyPotion"},{"floor":13,"key":"SpeedPotion"},{"floor":21,"key":"SteroidPotion"}],"is_trial":false,"path_per_floor":["M","M","?","?","?","?"],"character_chosen":"DEFECT","items_purchased":["Membership Card","Conserve Battery"],"campfire_rested":1,"item_purchase_floors":[22,22],"current_hp_per_floor":[75,74,74,74,62,33,18,7,14,41,41,41,32,31,55,28,82,52,49,49,39,39,31,31,31,31,31,31,0],"gold":158,"neow_bonus":"THREE_CARDS","is_prod":false,"is_daily":false,"chose_seed":false,"campfire_upgraded":1,"win_rate":0,"timestamp":1552921529,"path_taken":["M","?","$","M","?","E","?","M","T","?","?","$","M","M","R","BOSS","M","M","$","M","$","M","?","$","T","R","M","M"],"build_version":"2019-01-23","purchased_purges":1,"victory":false,"max_hp_per_floor":[75,75,75,75,75,75,75,75,82,82,82,82,82,82,82,82,82,82,82,82,82,82,82,82,82,82,82,82,82],"card_choices":[{"not_picked":["Static Discharge","Stack"],"picked":"Cold Snap","floor":0},{"not_picked":["Force Field","Tempest"],"picked":"Coolheaded","floor":1},{"not_picked":["Cold Snap","Auto Shields"],"picked":"Glacier","floor":2},{"not_picked":["Lockon","Barrage"],"picked":"Hologram","floor":4},{"not_picked":["Barrage","Go for the Eyes","Stack"],"picked":"SKIP","floor":5},{"not_picked":["Leap","Rebound"],"picked":"Fusion","floor":6},{"not_picked":["Cold Snap","Chill"],"picked":"Sunder","floor":8},{"not_picked":["Darkness","Stack","Turbo"],"picked":"SKIP","floor":13},{"not_picked":["Loop","Aggregate"],"picked":"Creative AI","floor":14},{"not_picked":["Scrape","Reinforced Body"],"picked":"Skim","floor":17},{"not_picked":["Doom and Gloom","Capacitor"],"picked":"White Noise","floor":17},{"not_picked":["Rebound","Auto Shields"],"picked":"Reinforced Body","floor":17},{"not_picked":["Sweeping Beam","Melter"],"picked":"BootSequence","floor":17},{"not_picked":["Streamline+1","Cold Snap"],"picked":"Conserve Battery+1","floor":18},{"not_picked":["Sweeping Beam","Scrape","Barrage"],"picked":"SKIP","floor":19},{"not_picked":["White Noise","Recycle"],"picked":"BootSequence","floor":21},{"not_picked":["Rebound","Beam Cell"],"picked":"Fusion","floor":23},{"not_picked":["Static Discharge","Electrodynamics"],"picked":"Chill","floor":28}],"player_experience":744071,"relics_obtained":[{"floor":6,"key":"Pen Nib"},{"floor":9,"key":"Strawberry"},{"floor":26,"key":"Bottled Flame"}],"event_choices":[{"damage_healed":0,"gold_gain":0,"player_choice":"Entered Light","damage_taken":15,"max_hp_gain":0,"max_hp_loss":0,"event_name":"Shining Light","floor":7,"gold_loss":0,"cards_upgraded":["Coolheaded","Strike_B"]},{"damage_healed":27,"gold_gain":0,"player_choice":"Banana","damage_taken":0,"max_hp_gain":0,"max_hp_loss":0,"event_name":"Big Fish","floor":10,"gold_loss":0},{"damage_healed":0,"gold_gain":0,"player_choice":"Bought 0 Potions","damage_taken":0,"max_hp_gain":0,"max_hp_loss":0,"event_name":"The Woman in Blue","floor":11,"gold_loss":0},{"damage_healed":0,"gold_gain":0,"player_choice":"Opened","damage_taken":0,"relics_obtained":["Sundial"],"max_hp_gain":0,"max_hp_loss":0,"event_name":"The Mausoleum","floor":24,"gold_loss":0}],"is_beta":false,"boss_relics":[{"not_picked":["Runic Dome","Philosopher\u0027s Stone"],"picked":"Orrery"}],"items_purged_floors":[20],"is_endless":false,"potions_floor_spawned":[1,2,5,13,21,23,28],"killed_by":"3 Cultists","ascension_level":0}