{"gold_per_floor":[129,174,228,264,312,312,312,408,484,140,233,287,287,332,332,623,623,680,748,748,206,206,290,329,434,460,460,520,607,661,661,661,661],"floor_reached":33,"playtime":2341,"items_purged":["Strike_B","Bash"],"score":456,"play_id":"b0469b0f-8935-495d-9b0b-967258990ea6","local_time":"20190409140153","daily_mods":["Chimera","Colorless Cards","Midas"],"is_ascension_mode":true,"campfire_choices":[{"floor":7,"key":"REST"},{"floor":15,"key":"REST"},{"floor":32,"key":"RECALL"}],"neow_cost":"","seed_source_timestamp":2114934904738287,"circlet_count":0,"master_deck":["Survivor","Zap","Strike_G+1","Defend_R","Defend_G","Defend_B","Poisoned Stab","Wraith Form v2","Quick Slash","Well Laid Plans","Cloak And Dagger","Discovery","Footwork","Adrenaline","Calculated Gamble","Infinite Blades","Cloak And Dagger","Dark Shackles","Ghostly","Ghostly","Ghostly","Ghostly","Ghostly"],"relics":["Ring of the Snake","Blood Vial","Ninja Scroll","Medical Kit","Dead Branch","Juzu Bracelet","WristBlade","Calipers","Enchiridion","Tough Bandages","Strawberry","Bronze Scales","Ginger"],"potions_floor_usage":[23],"damage_taken":[{"damage":0,"enemies":"Cultist","floor":1,"turns":4},{"damage":0,"enemies":"Jaw Worm","floor":2,"turns":4},{"damage":1,"enemies":"Small Slimes","floor":3,"turns":4},{"damage":15,"enemies":"Exordium Wildlife","floor":4,"turns":5},{"damage":2,"enemies":"Exordium Thugs","floor":5,"turns":6},{"damage":14,"enemies":"Gremlin Nob","floor":8,"turns":3},{"damage":26,"enemies":"3 Sentries","floor":11,"turns":9},{"damage":0,"enemies":"Blue Slaver","floor":12,"turns":3},{"damage":0,"enemies":"Large Slime","floor":14,"turns":3},{"damage":26,"enemies":"The Guardian","floor":16,"turns":11},{"damage":7,"enemies":"3 Byrds","floor":18,"turns":5},{"damage":4,"enemies":"Chosen","floor":19,"turns":5},{"damage":2,"enemies":"Book of Stabbing","floor":23,"turns":5},{"damage":10,"enemies":"Snake Plant","floor":24,"turns":4},{"damage":0,"enemies":"Slavers","floor":25,"turns":3},{"damage":0,"enemies":"Snecko","floor":28,"turns":2},{"damage":3,"enemies":"Book of Stabbing","floor":29,"turns":5},{"damage":0,"enemies":"Chosen and Byrds","floor":30,"turns":6},{"damage":51,"enemies":"Champ","floor":33,"turns":8}],"seed_played":"2272939313033780378","potions_obtained":[{"floor":3,"key":"SkillPotion"},{"floor":4,"key":"GhostInAJar"},{"floor":5,"key":"Block Potion"},{"floor":11,"key":"GhostInAJar"},{"floor":28,"key":"PowerPotion"}],"is_trial":true,"path_per_floor":["?","?","?","?","?","?"],"character_chosen":"THE_SILENT","items_purchased":["Wraith Form v2","Medical Kit","Calipers","Cloak And Dagger","Dark Shackles"],"campfire_rested":2,"item_purchase_floors":[10,10,21,21,21],"current_hp_per_floor":[70,70,69,54,52,38,59,45,45,45,21,23,23,25,46,22,70,63,61,61,61,45,45,37,46,46,38,38,35,37,37,37,0],"gold":661,"neow_bonus":"","is_prod":false,"is_daily":false,"chose_seed":false,"campfire_upgraded":0,"win_rate":0,"timestamp":1554832913,"path_taken":["M","M","M","M","M","?","R","E","T","$","E","M","?","M","R","BOSS","M","M","?","$","?","E","M","E","T","?","M","E","M","?","R","BOSS"],"build_version":"2019-01-23","purchased_purges":2,"victory":false,"max_hp_per_floor":[70,70,70,70,70,70,70,70,70,70,70,70,70,70,70,70,70,70,70,70,70,70,70,70,77,77,38,38,38,38,38,38,38],"card_choices":[{"not_picked":["Deadly Poison","Prepared"],"picked":"Poisoned Stab","floor":1},{"not_picked":["Cloak And Dagger","Jack Of All Trades"],"picked":"Wraith Form v2","floor":2},{"not_picked":["Bane","Escape Plan","Tactician"],"picked":"SKIP","floor":3},{"not_picked":["Acrobatics","PiercingWail"],"picked":"Quick Slash","floor":4},{"not_picked":["Flying Knee","Acrobatics","Blade Dance"],"picked":"SKIP","floor":5},{"not_picked":["Cloak And Dagger","Dark Shackles"],"picked":"Well Laid Plans","floor":8},{"not_picked":["Sucker Punch","Poisoned Stab"],"picked":"Cloak And Dagger","floor":11},{"not_picked":["Quick Slash","Dagger Spray"],"picked":"Discovery","floor":12},{"not_picked":["Burst","Prepared"],"picked":"Footwork","floor":14},{"not_picked":["Die Die Die","Thinking Ahead"],"picked":"Adrenaline","floor":16},{"not_picked":["Bouncing Flask","Purity"],"picked":"Calculated Gamble","floor":18},{"not_picked":["Underhanded Strike+1","Outmaneuver","Blade Dance"],"picked":"SKIP","floor":19},{"not_picked":["Riddle With Holes","Slice+1","Impatience"],"picked":"SKIP","floor":23},{"not_picked":["Dodge and Roll","Backflip","Reflex"],"picked":"SKIP","floor":24},{"not_picked":["Dagger Spray","Crippling Poison","Terror"],"picked":"SKIP","floor":25},{"not_picked":["Slice","Catalyst","Underhanded Strike"],"picked":"SKIP","floor":28},{"not_picked":["Dodge and Roll","Acrobatics","Terror"],"picked":"SKIP","floor":29},{"not_picked":["Prepared","Mind Blast","PiercingWail"],"picked":"SKIP","floor":30}],"player_experience":1657015,"relics_obtained":[{"floor":8,"key":"Blood Vial"},{"floor":9,"key":"Ninja Scroll"},{"floor":11,"key":"Dead Branch"},{"floor":22,"key":"Enchiridion"},{"floor":23,"key":"Tough Bandages"},{"floor":25,"key":"Strawberry"},{"floor":26,"key":"Bronze Scales"},{"floor":29,"key":"Ginger"}],"event_choices":[{"damage_healed":0,"gold_gain":0,"player_choice":"Entered Light","damage_taken":14,"max_hp_gain":0,"max_hp_loss":0,"event_name":"Shining Light","floor":6,"gold_loss":0,"cards_upgraded":["Strike_G","Strike_R"]},{"cards_removed":["Wraith Form v2"],"damage_healed":0,"gold_gain":0,"player_choice":"Gave Card","damage_taken":0,"relics_obtained":["Juzu Bracelet"],"max_hp_gain":0,"max_hp_loss":0,"event_name":"WeMeetAgain","floor":13,"gold_loss":0},{"damage_healed":0,"gold_gain":0,"player_choice":"Read","damage_taken":0,"max_hp_gain":0,"max_hp_loss":0,"event_name":"The Library","floor":20,"gold_loss":0,"cards_obtained":["Infinite Blades"]},{"damage_healed":0,"gold_gain":0,"player_choice":"Obtained Book","damage_taken":16,"max_hp_gain":0,"max_hp_loss":0,"event_name":"Cursed Tome","floor":22,"gold_loss":0},{"damage_healed":0,"gold_gain":0,"player_choice":"Became a Ghost","damage_taken":0,"max_hp_gain":0,"max_hp_loss":39,"event_name":"Ghosts","floor":27,"gold_loss":0,"cards_obtained":["Ghostly","Ghostly","Ghostly","Ghostly","Ghostly"]},{"cards_removed":["Strike_R"],"damage_healed":0,"gold_gain":0,"player_choice":"Elegance","damage_taken":0,"max_hp_gain":0,"max_hp_loss":0,"event_name":"Back to Basics","floor":31,"gold_loss":0}],"is_beta":false,"boss_relics":[{"not_picked":["Ring of the Serpent","Fusion Hammer"],"picked":"WristBlade"}],"items_purged_floors":[10,21],"is_endless":false,"potions_floor_spawned":[3,4,5,11,14,16,18,19,28,29,30],"killed_by":"Champ","ascension_level":2}