{"gold_per_floor":[118,134,134,145,160,160,8,19,19,19,32,32,32,32,32,128,128,139,152,11,26,26,26,38,52,52,52,64,76,88,106,106,209,209,229,4,4,20,20,20,54,16,16,32,32,32,32,50,50,50],"floor_reached":51,"playtime":5183,"items_purged":["Strike_R","Strike_R","Bash"],"score":623,"play_id":"bf71b5e9-c740-4417-9737-ca69c55b6f16","local_time":"20190402183328","is_ascension_mode":false,"campfire_choices":[{"data":"Whirlwind","floor":6.0,"key":"SMITH"},{"data":"Shrug It Off","floor":13.0,"key":"SMITH"},{"data":"Twin Strike","floor":15.0,"key":"SMITH"},{"data":"Shrug It Off","floor":23.0,"key":"SMITH"},{"floor":32.0,"key":"REST"},{"floor":40.0,"key":"REST"},{"floor":47,"key":"REST"},{"floor":49,"key":"REST"}],"neow_cost":"NONE","seed_source_timestamp":280774728809200,"circlet_count":0,"master_deck":["Defend_R","Defend_R","Defend_R","Defend_R","Bash+1","Twin Strike","Shrug It Off+1","Twin Strike+1","Whirlwind+1","Inflame+1","Shrug It Off+1","True Grit+1","Feel No Pain","Shrug It Off+1","Demon Form","Reaper","True Grit+1","Doubt","Madness","Madness"],"special_seed":0,"relics":["Burning Blood","Paper Frog","The Courier","Shuriken","Cursed Key","Empty Cage","Ancient Tea Set","Pear"],"potions_floor_usage":[50,50],"damage_taken":[{"damage":5.0,"enemies":"2 Louse","floor":1.0,"turns":2.0},{"damage":0.0,"enemies":"Small Slimes","floor":2.0,"turns":3.0},{"damage":0.0,"enemies":"Jaw Worm","floor":4.0,"turns":3.0},{"damage":7.0,"enemies":"Looter","floor":5.0,"turns":3.0},{"damage":8.0,"enemies":"Large Slime","floor":8.0,"turns":5.0},{"damage":5.0,"enemies":"Red Slaver","floor":11.0,"turns":2.0},{"damage":33.0,"enemies":"The Guardian","floor":16.0,"turns":12.0},{"damage":0.0,"enemies":"Chosen","floor":18.0,"turns":3.0},{"damage":7.0,"enemies":"Shell Parasite","floor":19.0,"turns":4.0},{"damage":20.0,"enemies":"Centurion and Healer","floor":21.0,"turns":4.0},{"damage":4.0,"enemies":"3 Cultists","floor":24.0,"turns":5.0},{"damage":6.0,"enemies":"Chosen and Byrds","floor":25.0,"turns":5.0},{"damage":4.0,"enemies":"Snake Plant","floor":28.0,"turns":4.0},{"damage":14.0,"enemies":"Sentry and Sphere","floor":29.0,"turns":4.0},{"damage":0.0,"enemies":"Chosen and Byrds","floor":30.0,"turns":6.0},{"damage":17.0,"enemies":"Centurion and Healer","floor":31.0,"turns":4.0},{"damage":46.0,"enemies":"Collector","floor":33.0,"turns":10.0},{"damage":18.0,"enemies":"Orb Walker","floor":35.0,"turns":4.0},{"damage":20.0,"enemies":"3 Shapes","floor":38.0,"turns":2.0},{"damage":70.0,"enemies":"Giant Head","floor":41.0,"turns":10.0},{"damage":31.0,"enemies":"Jaw Worm Horde","floor":44.0,"turns":6.0},{"damage":24,"enemies":"Spire Growth","floor":48,"turns":6},{"damage":72,"enemies":"Time Eater","floor":50,"turns":13}],"seed_played":"1796323500292956346","potions_obtained":[{"floor":2.0,"key":"PowerPotion"},{"floor":5.0,"key":"Dexterity Potion"},{"floor":8.0,"key":"EssenceOfSteel"},{"floor":16.0,"key":"Dexterity Potion"},{"floor":18.0,"key":"LiquidBronze"},{"floor":21.0,"key":"Strength Potion"},{"floor":29.0,"key":"AttackPotion"},{"floor":33.0,"key":"Block Potion"},{"floor":35.0,"key":"SkillPotion"},{"floor":48,"key":"SpeedPotion"}],"is_trial":false,"path_per_floor":["M","M","?","M","M","R","$","M","T","?","M","T","R","T","R","B",null,"M","M","$","M","?","R","M","M","T","?","M","M","M","M","R","B",null,"M","$","?","M","$","R","E","$","T","M","?","?","R","M","R","B",null],"character_chosen":"IRONCLAD","items_purchased":["Inflame","Shrug It Off","True Grit","Ancient Tea Set","Dexterity Potion"],"campfire_rested":4,"item_purchase_floors":[7,20,20,36,42],"current_hp_per_floor":[80,80,73,79,78,78,78,76,76,76,77,77,77,77,77,50,80,80,79,79,65,65,65,67,67,67,67,69,61,67,56,80,40,80,68,68,80,66,66,80,26,26,26,10,90,79,90,75,90,37],"gold":50,"neow_bonus":"UPGRADE_CARD","is_prod":false,"is_daily":false,"chose_seed":false,"campfire_upgraded":4,"win_rate":0.0,"timestamp":1554244408,"path_taken":["M","M","?","M","M","R","$","M","T","?","M","?","R","?","R","BOSS","M","M","$","M","?","R","?","M","T","?","M","?","?","M","R","BOSS","M","$","?","M","?","R","E","$","T","?","?","?","R","M","R","BOSS"],"build_version":"2019-01-23","purchased_purges":3,"victory":true,"max_hp_per_floor":[80,80,80,80,80,80,80,80,80,80,80,80,80,80,80,80,80,80,80,80,80,80,80,80,80,80,80,80,80,80,80,80,80,80,80,80,80,80,80,80,90,90,90,90,90,90,90,90,90,90],"card_choices":[{"not_picked":["Anger","Clash"],"picked":"Twin Strike","floor":1.0},{"not_picked":["Clash","Sever Soul"],"picked":"Shrug It Off","floor":2.0},{"not_picked":["Searing Blow","Clothesline"],"picked":"Twin Strike","floor":4.0},{"not_picked":["Wild Strike","Metallicize"],"picked":"Whirlwind","floor":5.0},{"not_picked":["Battle Trance","Cleave","Perfected Strike"],"picked":"SKIP","floor":8.0},{"not_picked":["Flex","Heavy Blade","Iron Wave"],"picked":"SKIP","floor":11.0},{"not_picked":["True Grit","Sword Boomerang","Rage"],"picked":"SKIP","floor":18.0},{"not_picked":["Thunderclap","Anger","Headbutt"],"picked":"SKIP","floor":19.0},{"not_picked":["Heavy Blade+1","Clothesline","Iron Wave+1"],"picked":"SKIP","floor":21.0},{"not_picked":["Clash","Clothesline","Fiend Fire"],"picked":"SKIP","floor":24.0},{"not_picked":["Carnage","Dual Wield","Corruption+1"],"picked":"SKIP","floor":25.0},{"not_picked":["Heavy Blade","Pommel Strike","Reckless Charge"],"picked":"SKIP","floor":28.0},{"not_picked":["Corruption","Armaments"],"picked":"Feel No Pain","floor":29.0},{"not_picked":["Thunderclap+1","Fire Breathing"],"picked":"Shrug It Off+1","floor":31.0},{"not_picked":["Impervious","Fiend Fire"],"picked":"Demon Form","floor":33.0},{"not_picked":["Iron Wave","Infernal Blade","Bloodletting+1"],"picked":"SKIP","floor":35.0},{"not_picked":["Reckless Charge+1","Inflame","Cleave"],"picked":"SKIP","floor":38.0},{"not_picked":["Heavy Blade+1","Pummel+1"],"picked":"Reaper","floor":41.0},{"not_picked":["Clash","Combust"],"picked":"True Grit+1","floor":44.0},{"not_picked":["Thunderclap+1","Metallicize","True Grit"],"picked":"SKIP","floor":48}],"player_experience":85931,"relics_obtained":[{"floor":9.0,"key":"Paper Frog"},{"floor":12.0,"key":"The Courier"},{"floor":14.0,"key":"Shuriken"},{"floor":41.0,"key":"Pear"}],"event_choices":[{"cards_removed":["Strike_R"],"damage_healed":0.0,"max_hp_gain":0.0,"max_hp_loss":0.0,"gold_gain":0.0,"event_name":"Golden Wing","player_choice":"Card Removal","floor":3.0,"gold_loss":0.0,"damage_taken":7.0},{"damage_healed":0.0,"max_hp_gain":0.0,"max_hp_loss":0.0,"gold_gain":0.0,"event_name":"Living Wall","player_choice":"Grow","floor":10.0,"gold_loss":0.0,"damage_taken":0.0,"cards_upgraded":["Inflame"]},{"damage_healed":0.0,"max_hp_gain":0.0,"max_hp_loss":0.0,"gold_gain":0.0,"event_name":"Accursed Blacksmith","player_choice":"Forge","floor":22.0,"gold_loss":0.0,"damage_taken":0.0,"cards_upgraded":["True Grit"]},{"damage_healed":0.0,"max_hp_gain":0.0,"max_hp_loss":0.0,"gold_gain":0.0,"event_name":"Match and Keep!","player_choice":"1 cards matched","floor":27.0,"gold_loss":0.0,"damage_taken":0.0,"cards_obtained":["Bash"]},{"damage_healed":12.0,"max_hp_gain":0.0,"max_hp_loss":0.0,"gold_gain":0.0,"event_name":"Wheel of Change","player_choice":"Full Heal","floor":37.0,"gold_loss":0.0,"damage_taken":0.0},{"damage_healed":80.0,"max_hp_gain":0.0,"max_hp_loss":0.0,"gold_gain":0.0,"event_name":"MindBloom","player_choice":"Heal","floor":45.0,"gold_loss":0.0,"damage_taken":0.0,"cards_obtained":["Doubt"]},{"damage_healed":0,"gold_gain":0,"player_choice":"Embrace Madness","damage_taken":11,"max_hp_gain":0,"max_hp_loss":0,"event_name":"Winding Halls","floor":46,"gold_loss":0,"cards_obtained":["Madness","Madness"]}],"is_beta":false,"boss_relics":[{"not_picked":["Pandora\u0027s Box","Coffee Dripper"],"picked":"Cursed Key"},{"not_picked":["White Beast Statue","Sozu"],"picked":"Empty Cage"}],"items_purged_floors":[7,20,36],"is_endless":false,"potions_floor_spawned":[2,5,8,16,18,21,29,33,35,48],"ascension_level":0}