{"gold_per_floor":[118,43,56,56,11,11,45,45,45,70,84,101,114,114,114,219,219,232,246,246,171,183,218,118,118,118,118,136,236,236,253,253,350,350],"floor_reached":34,"playtime":1957,"items_purged":["Defend_R","Strike_R"],"score":430,"play_id":"b3bd7d4f-e9b7-4dfd-9f79-00722fa6e958","local_time":"20190207011310","is_ascension_mode":false,"campfire_choices":[{"data":"Shrug It Off","floor":6,"key":"SMITH"},{"data":"Cleave","floor":8,"key":"SMITH"},{"data":"Rampage","floor":15,"key":"SMITH"},{"data":"True Grit","floor":25,"key":"SMITH"},{"data":"1","floor":32,"key":"LIFT"}],"neow_cost":"NONE","seed_source_timestamp":785129138613385,"circlet_count":0,"master_deck":["Strike_R","Strike_R","Strike_R","Strike_R","Defend_R","Defend_R","Clash","Cleave+1","Strike_R","Shrug It Off+1","Rampage+1","Cleave","Iron Wave","Juggernaut","Anger","True Grit+1","Dual Wield","Iron Wave","Cleave","Ghostly","Ghostly","Ghostly","Ghostly","Ghostly","Shrug It Off","Pain"],"relics":["Burning Blood","NeowsBlessing","Anchor","Meat on the Bone","Blue Candle","Orrery","Self Forming Clay","Frozen Egg 2","WarpedTongs","Dead Branch","Pear","Girya","Lizard Tail"],"potions_floor_usage":[29],"damage_taken":[{"damage":0,"enemies":"Cultist","floor":1,"turns":1},{"damage":0,"enemies":"Small Slimes","floor":3,"turns":1},{"damage":0,"enemies":"Gremlin Nob","floor":7,"turns":1},{"damage":26,"enemies":"Lagavulin","floor":10,"turns":5},{"damage":0,"enemies":"2 Louse","floor":11,"turns":2},{"damage":5,"enemies":"Large Slime","floor":12,"turns":5},{"damage":1,"enemies":"Exordium Wildlife","floor":13,"turns":3},{"damage":44,"enemies":"The Guardian","floor":16,"turns":8},{"damage":27,"enemies":"Spheric Guardian","floor":18,"turns":5},{"damage":26,"enemies":"3 Byrds","floor":19,"turns":5},{"damage":3,"enemies":"Shelled Parasite and Fungi","floor":22,"turns":7},{"damage":13,"enemies":"Slavers","floor":23,"turns":7},{"damage":8,"enemies":"Centurion and Healer","floor":28,"turns":8},{"damage":10,"enemies":"Colosseum Slavers","floor":29,"turns":4},{"damage":3,"enemies":"Colosseum Nobs","floor":29,"turns":6},{"damage":6,"enemies":"Chosen and Byrds","floor":31,"turns":7},{"damage":26,"enemies":"Collector","floor":33,"turns":10}],"seed_played":"2287564187197445326","potions_obtained":[{"floor":3,"key":"Poison Potion"},{"floor":12,"key":"BloodPotion"},{"floor":16,"key":"SteroidPotion"},{"floor":33,"key":"Block Potion"}],"is_trial":false,"path_per_floor":["$","?","M","?","?","?","$","?","M","?","T"],"character_chosen":"IRONCLAD","items_purchased":["Shrug It Off"],"campfire_rested":0,"item_purchase_floors":[5],"current_hp_per_floor":[80,80,80,80,80,80,80,80,80,60,66,67,72,77,77,51,85,64,56,42,42,42,35,35,35,35,35,33,46,46,46,46,38,52],"gold":350,"neow_bonus":"THREE_ENEMY_KILL","is_prod":false,"is_daily":false,"chose_seed":false,"campfire_upgraded":4,"win_rate":0,"timestamp":1549519990,"path_taken":["M","?","M","?","$","R","E","R","T","E","M","M","?","?","R","BOSS","M","M","?","?","M","E","?","R","T","?","?","?","?","M","R","BOSS"],"build_version":"2019-01-23","purchased_purges":2,"victory":false,"max_hp_per_floor":[80,80,80,80,80,80,80,80,80,80,80,80,80,85,85,85,85,85,85,42,42,42,42,42,42,42,42,42,52,52,52,52,52,52],"card_choices":[{"not_picked":["Thunderclap","Wild Strike"],"picked":"Clash","floor":1},{"not_picked":["Headbutt","Dark Embrace"],"picked":"Cleave","floor":3},{"not_picked":["Rupture","Whirlwind","Burning Pact"],"picked":"SKIP","floor":7},{"not_picked":["Burning Pact","Metallicize"],"picked":"Rampage","floor":10},{"not_picked":["Headbutt","Sword Boomerang"],"picked":"Cleave","floor":11},{"not_picked":["Blood for Blood","Wild Strike","Thunderclap"],"picked":"SKIP","floor":12},{"not_picked":["Clothesline","Shrug It Off"],"picked":"Iron Wave","floor":13},{"not_picked":["Impervious","Double Tap"],"picked":"Juggernaut","floor":16},{"not_picked":["Perfected Strike","Body Slam"],"picked":"Anger","floor":17},{"not_picked":["Dropkick","Rampage"],"picked":"True Grit","floor":17},{"not_picked":["Power Through","Flex"],"picked":"Dual Wield","floor":17},{"not_picked":["Power Through","Bloodletting"],"picked":"Iron Wave","floor":17},{"not_picked":["Bloodletting+1","Entrench","Body Slam"],"picked":"SKIP","floor":18},{"not_picked":["Anger","Wild Strike+1"],"picked":"Cleave","floor":19},{"not_picked":["Clothesline+1","True Grit"],"picked":"Shrug It Off","floor":22},{"not_picked":["Pummel","Havoc","Perfected Strike+1"],"picked":"SKIP","floor":23},{"not_picked":["Pommel Strike","Flex+1","Hemokinesis"],"picked":"SKIP","floor":28},{"not_picked":["Pommel Strike","Berserk+1","Sentinel+1"],"picked":"SKIP","floor":31}],"player_experience":338964,"relics_obtained":[{"floor":7,"key":"Anchor"},{"floor":9,"key":"Meat on the Bone"},{"floor":10,"key":"Blue Candle"},{"floor":23,"key":"Self Forming Clay"},{"floor":26,"key":"Frozen Egg 2"},{"floor":29,"key":"Dead Branch"},{"floor":29,"key":"Pear"},{"floor":30,"key":"Girya"}],"event_choices":[{"cards_removed":["Defend_R"],"damage_healed":0,"gold_gain":0,"player_choice":"Took Card","damage_taken":0,"max_hp_gain":0,"max_hp_loss":0,"event_name":"NoteForYourself","floor":4,"gold_loss":0,"cards_obtained":["Strike_R"]},{"damage_healed":0,"gold_gain":0,"player_choice":"Donut","damage_taken":0,"max_hp_gain":5,"max_hp_loss":0,"event_name":"Big Fish","floor":14,"gold_loss":0},{"damage_healed":0,"gold_gain":0,"player_choice":"Became a Ghost","damage_taken":0,"max_hp_gain":0,"max_hp_loss":43,"event_name":"Ghosts","floor":20,"gold_loss":0,"cards_obtained":["Ghostly","Ghostly","Ghostly","Ghostly","Ghostly"]},{"cards_removed":["Bash"],"damage_healed":0,"gold_gain":0,"player_choice":"Gave Gold","damage_taken":0,"max_hp_gain":0,"max_hp_loss":0,"event_name":"Beggar","floor":21,"gold_loss":75},{"damage_healed":0,"gold_gain":0,"player_choice":"Rummage","damage_taken":0,"relics_obtained":["WarpedTongs"],"max_hp_gain":0,"max_hp_loss":0,"event_name":"Accursed Blacksmith","floor":27,"gold_loss":0,"cards_obtained":["Pain"]},{"damage_healed":0,"gold_gain":0,"player_choice":"Fight","damage_taken":0,"max_hp_gain":0,"max_hp_loss":0,"event_name":"Colosseum","floor":29,"gold_loss":0},{"damage_healed":0,"gold_gain":0,"player_choice":"Fought Nobs","damage_taken":0,"max_hp_gain":0,"max_hp_loss":0,"event_name":"Colosseum","floor":29,"gold_loss":0}],"is_beta":false,"boss_relics":[{"not_picked":["Runic Pyramid","Tiny House"],"picked":"Orrery"},{"not_picked":["Astrolabe","Eternal Feather"],"picked":"Lizard Tail"}],"items_purged_floors":[2,24],"is_endless":false,"potions_floor_spawned":[3,12,16,19,23,29,33],"ascension_level":0}