{"gold_per_floor":[115,129,129,140,34,69,69,102,102,133,158,191,191,202,202,302,302,312,327,198,214,214,214,214,214,263,283,208,9,9,42,42,138,138,152,152,152,163,179,179],"floor_reached":40,"playtime":5222,"items_purged":["Power Through+1"],"score":633,"play_id":"10a08195-d079-40e5-89ac-024d3732ceba","local_time":"20190323170230","is_ascension_mode":true,"campfire_choices":[{"data":"Shrug It Off","floor":7,"key":"SMITH"},{"data":"True Grit","floor":13,"key":"SMITH"},{"data":"Spot Weakness","floor":15,"key":"SMITH"},{"data":"True Grit","floor":23,"key":"SMITH"},{"floor":25,"key":"REST"},{"data":"Feel No Pain","floor":32,"key":"SMITH"}],"neow_cost":"NONE","seed_source_timestamp":663646128140925,"circlet_count":0,"master_deck":["Strike_R","Strike_R","Strike_R","Defend_R","Defend_R","Bash","Shrug It Off+1","Spot Weakness+1","Disarm","Twin Strike","Warcry","Headbutt","True Grit+1","Pommel Strike","Ghostly Armor","Demon Form","Ghostly Armor+1","Flex+1","True Grit+1","Metallicize","Flash of Steel","Ghostly Armor","Feel No Pain+1","Exhume","Bandage Up","Metallicize"],"relics":["Burning Blood","Smiling Mask","Ornamental Fan","Letter Opener","Meat on the Bone","Ice Cream","Odd Mushroom","Charon\u0027s Ashes","Astrolabe","Nilry\u0027s Codex","Bag of Marbles","Centennial Puzzle","Coffee Dripper"],"potions_floor_usage":[11,24,24,31],"damage_taken":[{"damage":8,"enemies":"2 Louse","floor":1,"turns":4},{"damage":1,"enemies":"Small Slimes","floor":2,"turns":5},{"damage":0,"enemies":"Jaw Worm","floor":4,"turns":6},{"damage":37,"enemies":"3 Sentries","floor":6,"turns":8},{"damage":15,"enemies":"Lagavulin","floor":8,"turns":6},{"damage":23,"enemies":"Gremlin Nob","floor":10,"turns":5},{"damage":7,"enemies":"The Mushroom Lair","floor":11,"turns":4},{"damage":14,"enemies":"3 Sentries","floor":12,"turns":7},{"damage":0,"enemies":"Looter","floor":14,"turns":4},{"damage":38,"enemies":"Slime Boss","floor":16,"turns":6},{"damage":13,"enemies":"Spheric Guardian","floor":18,"turns":6},{"damage":2,"enemies":"3 Byrds","floor":19,"turns":6},{"damage":40,"enemies":"Centurion and Healer","floor":21,"turns":9},{"damage":17,"enemies":"Slavers","floor":24,"turns":3},{"damage":29,"enemies":"3 Cultists","floor":27,"turns":6},{"damage":11,"enemies":"Book of Stabbing","floor":31,"turns":8},{"damage":55,"enemies":"Automaton","floor":33,"turns":10},{"damage":32,"enemies":"3 Darklings","floor":35,"turns":9},{"damage":5,"enemies":"3 Shapes","floor":38,"turns":6},{"damage":7,"enemies":"Spire Growth","floor":39,"turns":6},{"damage":72,"enemies":"Nemesis","floor":40,"turns":8}],"seed_played":"4891096503526403763","potions_obtained":[{"floor":2,"key":"SkillPotion"},{"floor":8,"key":"Explosive Potion"},{"floor":10,"key":"SmokeBomb"},{"floor":11,"key":"BloodPotion"},{"floor":16,"key":"LiquidBronze"},{"floor":39,"key":"Ancient Potion"}],"is_trial":false,"path_per_floor":["?","?","?","?","$","?","?"],"character_chosen":"IRONCLAD","items_purchased":["Disarm","Twin Strike","Metallicize","Flash of Steel","Ghostly Armor","Feel No Pain"],"campfire_rested":1,"item_purchase_floors":[5,5,20,29,29,29],"current_hp_per_floor":[70,75,68,74,74,43,43,34,34,29,40,44,44,50,50,30,68,61,65,65,43,27,27,36,60,60,49,49,49,49,56,56,19,65,51,51,51,60,63,0],"gold":179,"neow_bonus":"RANDOM_COMMON_RELIC","is_prod":false,"is_daily":false,"chose_seed":false,"campfire_upgraded":5,"win_rate":0,"timestamp":1553374950,"path_taken":["M","M","?","M","$","E","R","E","T","E","?","E","R","M","R","BOSS","M","M","$","M","?","R","E","R","T","M","?","?","$","E","R","BOSS","M","?","?","M","M","E"],"build_version":"2019-01-23","purchased_purges":1,"victory":false,"max_hp_per_floor":[80,80,80,80,80,80,80,80,80,80,80,80,80,80,80,80,80,80,80,80,80,80,80,80,80,80,80,80,80,80,80,80,80,80,80,80,76,76,76,76],"card_choices":[{"not_picked":["Cleave","Perfected Strike"],"picked":"Shrug It Off","floor":1},{"not_picked":["Cleave","Pommel Strike"],"picked":"Armaments","floor":2},{"not_picked":["Clash","Headbutt"],"picked":"Spot Weakness","floor":4},{"not_picked":["Intimidate","Berserk"],"picked":"Warcry","floor":6},{"not_picked":["Anger","Body Slam"],"picked":"Headbutt","floor":8},{"not_picked":["Body Slam","Feel No Pain"],"picked":"True Grit","floor":10},{"not_picked":["Armaments","Cleave"],"picked":"Pommel Strike","floor":11},{"not_picked":["Body Slam","Carnage"],"picked":"Ghostly Armor","floor":12},{"not_picked":["Reckless Charge","Thunderclap","Uppercut"],"picked":"SKIP","floor":14},{"not_picked":["Double Tap","Offering"],"picked":"Demon Form","floor":16},{"not_picked":["Clash","Pommel Strike"],"picked":"True Grit","floor":18},{"not_picked":["Perfected Strike+1","Sword Boomerang","Armaments+1"],"picked":"SKIP","floor":19},{"not_picked":["Armaments","Flex","Thunderclap"],"picked":"SKIP","floor":21},{"not_picked":["Headbutt","Sword Boomerang","Infernal Blade"],"picked":"SKIP","floor":27},{"not_picked":["Reckless Charge+1","Pommel Strike","True Grit"],"picked":"SKIP","floor":31},{"not_picked":["Juggernaut","Berserk"],"picked":"Exhume","floor":33},{"not_picked":["Headbutt","Wild Strike+1","Anger+1"],"picked":"SKIP","floor":35},{"not_picked":["Enlightenment","Discovery"],"picked":"Bandage Up","floor":36},{"not_picked":["Reaper","Burning Pact","Sentinel"],"picked":"SKIP","floor":38},{"not_picked":["Wild Strike","True Grit+1"],"picked":"Metallicize","floor":39}],"player_experience":936195,"relics_obtained":[{"floor":6,"key":"Ornamental Fan"},{"floor":8,"key":"Letter Opener"},{"floor":9,"key":"Meat on the Bone"},{"floor":10,"key":"Ice Cream"},{"floor":11,"key":"Odd Mushroom"},{"floor":12,"key":"Charon\u0027s Ashes"},{"floor":22,"key":"Nilry\u0027s Codex"},{"floor":26,"key":"Bag of Marbles"},{"floor":31,"key":"Centennial Puzzle"}],"event_choices":[{"cards_removed":["Defend_R"],"damage_healed":0,"gold_gain":0,"player_choice":"Card Removal","damage_taken":7,"max_hp_gain":0,"max_hp_loss":0,"event_name":"Golden Wing","floor":3,"gold_loss":0},{"damage_healed":0,"gold_gain":0,"player_choice":"Fought Mushrooms","damage_taken":0,"max_hp_gain":0,"max_hp_loss":0,"event_name":"Mushrooms","floor":11,"gold_loss":0},{"damage_healed":0,"gold_gain":0,"player_choice":"Obtained Book","damage_taken":16,"max_hp_gain":0,"max_hp_loss":0,"event_name":"Cursed Tome","floor":22,"gold_loss":0},{"cards_removed":["Armaments"],"damage_healed":0,"gold_gain":0,"player_choice":"Gave Gold","damage_taken":0,"max_hp_gain":0,"max_hp_loss":0,"event_name":"Beggar","floor":28,"gold_loss":75},{"damage_healed":0,"gold_gain":0,"player_choice":"Memory 1","damage_taken":0,"max_hp_gain":0,"max_hp_loss":0,"event_name":"SensoryStone","floor":36,"gold_loss":0},{"damage_healed":0,"gold_gain":0,"player_choice":"Max HP","damage_taken":0,"max_hp_gain":0,"max_hp_loss":4,"event_name":"Winding Halls","floor":37,"gold_loss":0}],"is_beta":false,"boss_relics":[{"not_picked":["Busted Crown","Mark of Pain"],"picked":"Astrolabe"},{"not_picked":["Black Blood","Tiny House"],"picked":"Coffee Dripper"}],"items_purged_floors":[20],"is_endless":false,"potions_floor_spawned":[2,8,10,11,16,18,19,39],"killed_by":"Nemesis","ascension_level":8}