{"gold_per_floor":[115,126,140,140,156,183,183,201,201,201,276,291,48,62,62,167,167,186,197,5,5,15,15,50,50,75,0,0,0,30,50,50,148,148,165,184,199,215,315,349,349,349],"floor_reached":42,"playtime":2942,"items_purged":["Defend_R"],"score":470,"play_id":"d97c2d4c-877a-4e59-85c5-e160c9a5cfa1","local_time":"20190210124703","is_ascension_mode":false,"campfire_choices":[{"data":"Clash","floor":7,"key":"SMITH"},{"data":"True Grit","floor":15,"key":"SMITH"},{"floor":23,"key":"REST"},{"floor":25,"key":"REST"},{"floor":32,"key":"REST"},{"floor":41,"key":"REST"}],"neow_cost":"NONE","seed_source_timestamp":257853711369572,"circlet_count":0,"master_deck":["Strike_R","Strike_R","Strike_R+1","Strike_R","Defend_R","Defend_R","Defend_R","Bash","Twin Strike","Clash+1","Headbutt+1","True Grit+1","Bludgeon","Armaments+1","Clash+1","Bullet Time+1","Cloak And Dagger+1","Shrug It Off+1","RitualDagger","Sunder+1","Footwork","Conserve Battery+1","Shrug It Off+1","Conserve Battery+1","Deflect+1"],"relics":["Black Blood","Red Skull","Bottled Flame","Kunai","Toxic Egg 2","Lizard Tail","PrismaticShard","Dodecahedron","Boot","Oddly Smooth Stone","Bag of Marbles","Torii","Ancient Tea Set"],"potions_floor_usage":[18,18,18,22,33,37,40,40],"damage_taken":[{"damage":10,"enemies":"Jaw Worm","floor":1,"turns":6},{"damage":3,"enemies":"Small Slimes","floor":2,"turns":3},{"damage":5,"enemies":"2 Louse","floor":3,"turns":2},{"damage":4,"enemies":"Blue Slaver","floor":5,"turns":4},{"damage":18,"enemies":"Gremlin Nob","floor":6,"turns":5},{"damage":1,"enemies":"Lots of Slimes","floor":8,"turns":4},{"damage":3,"enemies":"2 Fungi Beasts","floor":12,"turns":3},{"damage":0,"enemies":"Exordium Wildlife","floor":14,"turns":4},{"damage":25,"enemies":"Hexaghost","floor":16,"turns":9},{"damage":29,"enemies":"3 Byrds","floor":18,"turns":8},{"damage":24,"enemies":"Spheric Guardian","floor":19,"turns":4},{"damage":17,"enemies":"Snecko","floor":22,"turns":5},{"damage":44,"enemies":"Book of Stabbing","floor":24,"turns":5},{"damage":14,"enemies":"Slavers","floor":30,"turns":4},{"damage":7,"enemies":"Centurion and Healer","floor":31,"turns":3},{"damage":63,"enemies":"Champ","floor":33,"turns":9},{"damage":18,"enemies":"3 Darklings","floor":35,"turns":5},{"damage":15,"enemies":"Orb Walker","floor":36,"turns":2},{"damage":21,"enemies":"Jaw Worm Horde","floor":37,"turns":6},{"damage":20,"enemies":"Sphere and 2 Shapes","floor":38,"turns":6},{"damage":2,"enemies":"Mind Bloom Boss Battle","floor":39,"turns":12},{"damage":45,"enemies":"Nemesis","floor":40,"turns":5},{"damage":43,"enemies":"Maw","floor":42,"turns":10}],"seed_played":"-6634131231073894741","potions_obtained":[{"floor":1,"key":"Fire Potion"},{"floor":2,"key":"BloodPotion"},{"floor":6,"key":"Block Potion"},{"floor":18,"key":"SkillPotion"},{"floor":30,"key":"SneckoOil"},{"floor":33,"key":"PowerPotion"},{"floor":36,"key":"Weak Potion"},{"floor":38,"key":"FearPotion"},{"floor":39,"key":"Poison Potion"}],"is_trial":false,"path_per_floor":["?","?","?","$","$","?","$","?","?","M","?"],"character_chosen":"IRONCLAD","items_purchased":["Toxic Egg 2","PrismaticShard"],"campfire_rested":4,"item_purchase_floors":[13,20],"current_hp_per_floor":[76,79,80,73,75,63,63,68,68,52,41,44,44,50,50,31,80,65,47,47,47,36,60,22,46,46,46,46,40,32,31,55,46,80,72,67,56,46,54,19,43,0],"gold":349,"neow_bonus":"RANDOM_COMMON_RELIC","is_prod":false,"is_daily":false,"chose_seed":false,"campfire_upgraded":2,"win_rate":0,"timestamp":1549820823,"path_taken":["M","M","M","?","M","E","R","M","T","?","?","M","?","M","R","BOSS","M","M","?","?","M","R","E","R","T","?","?","?","E","?","R","BOSS","M","M","M","M","?","E","R","M"],"build_version":"2019-01-23","purchased_purges":1,"victory":false,"max_hp_per_floor":[80,80,80,80,80,80,80,80,80,80,80,80,80,80,80,80,80,80,80,80,80,80,80,80,80,80,80,80,80,80,80,80,80,80,80,80,80,80,80,80,80,80],"card_choices":[{"not_picked":["Blood for Blood","Sword Boomerang"],"picked":"Twin Strike","floor":1},{"not_picked":["Disarm","Inflame","Flex"],"picked":"SKIP","floor":2},{"not_picked":["Searing Blow","Uppercut"],"picked":"Clash","floor":3},{"not_picked":["Searing Blow","Perfected Strike","Evolve"],"picked":"SKIP","floor":5},{"not_picked":["Dropkick","Sentinel","Flex"],"picked":"SKIP","floor":6},{"not_picked":["Second Wind","Sentinel"],"picked":"Headbutt","floor":8},{"not_picked":["Berserk","Wild Strike"],"picked":"True Grit","floor":12},{"not_picked":["Entrench+1","Shockwave+1","Havoc+1"],"picked":"SKIP","floor":14},{"not_picked":["Barricade","Berserk"],"picked":"Bludgeon","floor":16},{"not_picked":["Twin Strike","Headbutt+1"],"picked":"Armaments+1","floor":18},{"not_picked":["Shockwave+1","Dropkick"],"picked":"Clash+1","floor":19},{"not_picked":["Poisoned Stab","Coolheaded+1"],"picked":"Bullet Time+1","floor":22},{"not_picked":["Iron Wave","Disarm+1"],"picked":"Cloak And Dagger+1","floor":24},{"not_picked":["Madness+1","Cloak And Dagger+1"],"picked":"Sunder+1","floor":30},{"not_picked":["Bane","Sweeping Beam"],"picked":"Footwork","floor":31},{"not_picked":["True Grit+1","Leap+1"],"picked":"Conserve Battery+1","floor":35},{"not_picked":["Havoc+1","Acrobatics+1"],"picked":"Shrug It Off+1","floor":36},{"not_picked":["Second Wind+1","Stack+1"],"picked":"Conserve Battery+1","floor":37},{"not_picked":["Leap+1","Headbutt+1"],"picked":"Deflect+1","floor":38},{"not_picked":["Anger","Steam Power+1","Heavy Blade+1"],"picked":"SKIP","floor":40}],"player_experience":369906,"relics_obtained":[{"floor":6,"key":"Bottled Flame"},{"floor":9,"key":"Kunai"},{"floor":24,"key":"Boot"},{"floor":26,"key":"Oddly Smooth Stone"},{"floor":30,"key":"Bag of Marbles"},{"floor":39,"key":"Torii"},{"floor":40,"key":"Ancient Tea Set"}],"event_choices":[{"cards_removed":["Strike_R"],"damage_healed":0,"gold_gain":0,"player_choice":"Card Removal","damage_taken":7,"max_hp_gain":0,"max_hp_loss":0,"event_name":"Golden Wing","floor":4,"gold_loss":0},{"damage_healed":0,"gold_gain":0,"player_choice":"Entered Light","damage_taken":16,"max_hp_gain":0,"max_hp_loss":0,"event_name":"Shining Light","floor":10,"gold_loss":0,"cards_upgraded":["Strike_R","Headbutt"]},{"damage_healed":0,"gold_gain":75,"player_choice":"Gather Gold","damage_taken":11,"max_hp_gain":0,"max_hp_loss":0,"event_name":"World of Goop","floor":11,"gold_loss":0},{"damage_healed":0,"gold_gain":0,"player_choice":"Opened","damage_taken":0,"relics_obtained":["Dodecahedron"],"max_hp_gain":0,"max_hp_loss":0,"event_name":"The Mausoleum","floor":21,"gold_loss":0},{"damage_healed":0,"gold_gain":0,"player_choice":"Read","damage_taken":0,"max_hp_gain":0,"max_hp_loss":0,"event_name":"The Library","floor":28,"gold_loss":0,"cards_obtained":["Shrug It Off"]},{"damage_healed":0,"gold_gain":0,"player_choice":"Joined the Cult","damage_taken":6,"max_hp_gain":0,"max_hp_loss":0,"event_name":"Nest","floor":29,"gold_loss":0,"cards_obtained":["RitualDagger"]},{"damage_healed":0,"gold_gain":0,"player_choice":"Fight","damage_taken":0,"max_hp_gain":0,"max_hp_loss":0,"event_name":"MindBloom","floor":39,"gold_loss":0}],"is_beta":false,"boss_relics":[{"not_picked":["Empty Cage","Busted Crown"],"picked":"Lizard Tail"},{"not_picked":["Fusion Hammer","Sozu"],"picked":"Black Blood"}],"items_purged_floors":[27],"is_endless":false,"potions_floor_spawned":[1,2,6,12,16,18,30,33,36,38,39],"killed_by":"Maw","ascension_level":0}