{"gold_per_floor":[113,129,79,95,106,106,116,116,116,216,16,32,32,32,32,135,185,200,216,178,190,210,210,210,210,210,232,194,216,228,252,264,276],"floor_reached":33,"playtime":1562,"items_purged":["Defend_B"],"score":266,"play_id":"9764f3fd-300f-4489-ba61-834254b78e94","local_time":"20190219180021","is_ascension_mode":false,"campfire_choices":[{"data":"Zap","floor":6,"key":"SMITH"},{"data":"Conserve Battery","floor":8,"key":"SMITH"},{"data":"Conserve Battery","floor":13,"key":"SMITH"},{"data":"Strike_B","floor":15,"key":"SMITH"},{"data":"Conserve Battery","floor":23,"key":"SMITH"},{"floor":30,"key":"REST"},{"floor":32,"key":"REST"}],"neow_cost":"NONE","seed_source_timestamp":494838603733201,"circlet_count":0,"master_deck":["Strike_B","Strike_B","Strike_B+1","Strike_B+1","Defend_B","Defend_B","Defend_B","Zap+1","Conserve Battery+1","Conserve Battery+1","Meteor Strike","Conserve Battery+1","Redo+1","Capacitor","Conserve Battery","Sunder+1","Genetic Algorithm+1"],"relics":["Cracked Core","NeowsBlessing","Dream Catcher","Membership Card","Tiny House","Letter Opener","MawBank"],"potions_floor_usage":[19,22,33,33,33],"damage_taken":[{"damage":0,"enemies":"Cultist","floor":1,"turns":1},{"damage":0,"enemies":"Small Slimes","floor":2,"turns":1},{"damage":0,"enemies":"Jaw Worm","floor":4,"turns":1},{"damage":19,"enemies":"Exordium Thugs","floor":5,"turns":5},{"damage":0,"enemies":"Looter","floor":7,"turns":3},{"damage":18,"enemies":"Lots of Slimes","floor":12,"turns":6},{"damage":26,"enemies":"The Guardian","floor":16,"turns":13},{"damage":7,"enemies":"Shell Parasite","floor":18,"turns":8},{"damage":0,"enemies":"Chosen","floor":19,"turns":5},{"damage":17,"enemies":"Shelled Parasite and Fungi","floor":21,"turns":8},{"damage":14,"enemies":"Snake Plant","floor":22,"turns":5},{"damage":2,"enemies":"Centurion and Healer","floor":27,"turns":7},{"damage":39,"enemies":"Cultist and Chosen","floor":29,"turns":7},{"damage":21,"enemies":"Snake Plant","floor":31,"turns":4},{"damage":42,"enemies":"Champ","floor":33,"turns":10}],"seed_played":"-8826898520622484202","potions_obtained":[{"floor":1,"key":"AttackPotion"},{"floor":4,"key":"FearPotion"},{"floor":16,"key":"Strength Potion"},{"floor":21,"key":"Regen Potion"},{"floor":29,"key":"Dexterity Potion"}],"is_trial":false,"path_per_floor":["?","?","M","$","?","T","?","M"],"character_chosen":"DEFECT","items_purchased":["Membership Card"],"campfire_rested":2,"item_purchase_floors":[11],"current_hp_per_floor":[75,75,75,75,56,56,56,56,56,56,56,38,38,38,38,12,80,73,73,73,56,51,51,51,51,51,49,49,10,34,13,37,0],"gold":276,"neow_bonus":"THREE_ENEMY_KILL","is_prod":false,"is_daily":false,"chose_seed":false,"campfire_upgraded":5,"win_rate":0,"timestamp":1550617221,"path_taken":["M","M","?","M","M","R","M","R","T","?","$","?","R","?","R","BOSS","M","M","$","M","M","R","?","?","T","M","?","?","R","M","R","BOSS"],"build_version":"2019-01-23","purchased_purges":1,"victory":false,"max_hp_per_floor":[75,75,75,75,75,75,75,75,75,75,75,75,75,75,75,75,80,80,80,80,80,80,80,80,80,80,80,80,80,80,80,80,80],"card_choices":[{"not_picked":["Heatsinks","Turbo","Beam Cell"],"picked":"SKIP","floor":1},{"not_picked":["Cold Snap","Go for the Eyes"],"picked":"Conserve Battery","floor":2},{"not_picked":["Melter","Leap","Aggregate"],"picked":"SKIP","floor":4},{"not_picked":["Rip and Tear","Streamline"],"picked":"Conserve Battery","floor":5},{"not_picked":["Compile Driver","Stack","Cold Snap"],"picked":"SKIP","floor":7},{"not_picked":["Barrage","Heatsinks","Steam Power"],"picked":"SKIP","floor":12},{"not_picked":["Electrodynamics","Machine Learning"],"picked":"Meteor Strike","floor":16},{"not_picked":["Sweeping Beam","Go for the Eyes"],"picked":"Conserve Battery","floor":17},{"not_picked":["Steam","Go for the Eyes","Compile Driver"],"picked":"SKIP","floor":18},{"not_picked":["Cold Snap","Storm"],"picked":"Redo+1","floor":19},{"not_picked":["Coolheaded+1","Sweeping Beam","Force Field+1"],"picked":"SKIP","floor":21},{"not_picked":["Beam Cell+1","Compile Driver","Streamline+1"],"picked":"SKIP","floor":22},{"not_picked":["Reinforced Body","Beam Cell","Auto Shields"],"picked":"SKIP","floor":27},{"not_picked":["White Noise","Rebound"],"picked":"Conserve Battery","floor":29},{"not_picked":["Amplify","Go for the Eyes"],"picked":"Sunder+1","floor":30},{"not_picked":["Stack+1","Beam Cell"],"picked":"Genetic Algorithm+1","floor":31}],"player_experience":547757,"relics_obtained":[{"floor":9,"key":"Dream Catcher"},{"floor":25,"key":"Letter Opener"},{"floor":26,"key":"MawBank"}],"event_choices":[{"cards_removed":["Dualcast"],"damage_healed":0,"gold_gain":0,"player_choice":"Card Removal","damage_taken":0,"max_hp_gain":0,"max_hp_loss":0,"event_name":"The Cleric","floor":3,"gold_loss":50},{"damage_healed":0,"gold_gain":100,"player_choice":"Gold","damage_taken":0,"max_hp_gain":0,"max_hp_loss":0,"event_name":"Wheel of Change","floor":10,"gold_loss":0},{"damage_healed":0,"gold_gain":0,"player_choice":"Read","damage_taken":0,"max_hp_gain":0,"max_hp_loss":0,"event_name":"The Library","floor":24,"gold_loss":0,"cards_obtained":["Capacitor"]},{"damage_healed":0,"gold_gain":0,"player_choice":"Bet on Murderer","damage_taken":0,"max_hp_gain":0,"max_hp_loss":0,"event_name":"The Joust","floor":28,"gold_loss":50}],"is_beta":false,"boss_relics":[{"not_picked":["Snecko Eye","Velvet Choker"],"picked":"Tiny House"}],"items_purged_floors":[20],"is_endless":false,"potions_floor_spawned":[1,4,16,21,29],"killed_by":"Champ","ascension_level":0}