{"gold_per_floor":[17,17,17,29,29,29,2,13,13,23,33,33,50,15,15,117,117,134,151,61,71,81,81,92,105,155,171,186,186],"floor_reached":29,"playtime":1072,"items_purged":[],"score":248,"play_id":"3e6449f1-14ce-48f4-8d16-c3f7565a33d8","local_time":"20190212205152","is_ascension_mode":false,"campfire_choices":[{"data":"Shrug It Off","floor":6.0,"key":"SMITH"},{"data":"Flame Barrier","floor":12.0,"key":"SMITH"},{"data":"Spot Weakness","floor":15.0,"key":"SMITH"},{"floor":23.0,"key":"REST"}],"neow_cost":"NO_GOLD","seed_source_timestamp":4851747255793,"circlet_count":0,"master_deck":["Strike_R","Strike_R","Strike_R","Strike_R","Strike_R","Defend_R","Defend_R","Defend_R","Defend_R","Bash+1","Clothesline","Shrug It Off+1","Heavy Blade","Limit Break","Flame Barrier+1","Combust","Pommel Strike","Spot Weakness+1","Demon Form","Body Slam+1","Ghostly Armor+1","Ghostly Armor","Uppercut","Juggernaut","Flame Barrier+1","Sword Boomerang","Flame Barrier"],"special_seed":0,"relics":["Burning Blood"],"potions_floor_usage":[27,29],"damage_taken":[{"damage":6.0,"enemies":"Jaw Worm","floor":1.0,"turns":4.0},{"damage":4.0,"enemies":"2 Louse","floor":4.0,"turns":4.0},{"damage":4.0,"enemies":"Cultist","floor":8.0,"turns":3.0},{"damage":21.0,"enemies":"Lots of Slimes","floor":10.0,"turns":7.0},{"damage":4.0,"enemies":"Looter","floor":11.0,"turns":4.0},{"damage":5.0,"enemies":"Red Slaver","floor":13.0,"turns":3.0},{"damage":37.0,"enemies":"Hexaghost","floor":16.0,"turns":9.0},{"damage":42.0,"enemies":"3 Byrds","floor":18.0,"turns":5.0},{"damage":17.0,"enemies":"Spheric Guardian","floor":19.0,"turns":4.0},{"damage":12.0,"enemies":"Snecko","floor":21.0,"turns":6.0},{"damage":3.0,"enemies":"Cultist and Chosen","floor":22.0,"turns":8.0},{"damage":18.0,"enemies":"Centurion and Healer","floor":24.0,"turns":7.0},{"damage":13.0,"enemies":"Snecko","floor":25.0,"turns":6.0},{"damage":22,"enemies":"3 Cultists","floor":27,"turns":5},{"damage":29,"enemies":"Snake Plant","floor":28,"turns":5},{"damage":23,"enemies":"Centurion and Healer","floor":29,"turns":8}],"seed_played":"188229874071952542","potions_obtained":[{"floor":10.0,"key":"SpeedPotion"},{"floor":11.0,"key":"SteroidPotion"},{"floor":13.0,"key":"Fruit Juice"},{"floor":18.0,"key":"EssenceOfSteel"},{"floor":21.0,"key":"Block Potion"},{"floor":24.0,"key":"Explosive Potion"},{"floor":25.0,"key":"SteroidPotion"}],"is_trial":false,"path_per_floor":["M","?","?","M","$","R","$","M","T","M","M","R","M","$","R","B",null,"M","M","?","M","M","R","M","M","T","M","M","M"],"character_chosen":"IRONCLAD","items_purchased":["Heavy Blade","Spot Weakness"],"campfire_rested":1,"item_purchase_floors":[7,14],"current_hp_per_floor":[96,96,96,96,96,96,96,96,96,81,83,83,89,89,89,58,101,65,54,54,48,51,81,69,62,62,46,23,0],"gold":186,"neow_bonus":"TWENTY_PERCENT_HP_BONUS","is_prod":false,"is_daily":false,"chose_seed":false,"campfire_upgraded":3,"win_rate":0,"timestamp":1550029912,"path_taken":["M","?","?","M","$","R","$","?","T","M","M","R","M","?","R","BOSS","M","M","?","M","?","R","M","M","T","M","?","M"],"build_version":"2019-01-23","purchased_purges":0,"victory":false,"max_hp_per_floor":[96,96,96,96,96,96,96,96,96,96,96,96,101,101,101,101,101,101,101,101,101,101,101,101,101,101,101,101,101],"card_choices":[{"not_picked":["Heavy Blade","Havoc"],"picked":"Clothesline","floor":1.0},{"not_picked":["Body Slam","Whirlwind"],"picked":"Shrug It Off","floor":4.0},{"not_picked":["Perfected Strike","Intimidate"],"picked":"Limit Break","floor":8.0},{"not_picked":["Perfected Strike","Iron Wave"],"picked":"Flame Barrier","floor":10.0},{"not_picked":["Shockwave","Warcry"],"picked":"Combust","floor":11.0},{"not_picked":["Feel No Pain","Dual Wield"],"picked":"Pommel Strike","floor":13.0},{"not_picked":["Brutality","Feed"],"picked":"Demon Form","floor":16.0},{"not_picked":["Entrench","True Grit"],"picked":"Body Slam+1","floor":18.0},{"not_picked":["Burning Pact","Havoc+1"],"picked":"Ghostly Armor+1","floor":19.0},{"not_picked":["Heavy Blade","Bloodletting"],"picked":"Ghostly Armor","floor":21.0},{"not_picked":["Flex+1","Clash"],"picked":"Uppercut","floor":22.0},{"not_picked":["Inflame","Anger"],"picked":"Juggernaut","floor":24.0},{"not_picked":["Clothesline","Perfected Strike"],"picked":"Flame Barrier+1","floor":25.0},{"not_picked":["Inflame","Havoc"],"picked":"Sword Boomerang","floor":27},{"not_picked":["Perfected Strike","Anger"],"picked":"Flame Barrier","floor":28}],"player_experience":1447044,"relics_obtained":[],"event_choices":[{"damage_healed":0.0,"max_hp_gain":0.0,"max_hp_loss":0.0,"gold_gain":0.0,"event_name":"Golden Idol","player_choice":"Ignored","floor":2.0,"gold_loss":0.0,"damage_taken":0.0},{"damage_healed":0.0,"max_hp_gain":0.0,"max_hp_loss":0.0,"gold_gain":0.0,"event_name":"Wheel of Change","player_choice":"Cursed","floor":3.0,"gold_loss":0.0,"damage_taken":0.0,"cards_obtained":["Decay"]},{"cards_removed":["Decay"],"damage_healed":0.0,"max_hp_gain":0.0,"max_hp_loss":0.0,"gold_gain":0.0,"event_name":"Designer","player_choice":"Upgrade and Remove","floor":20.0,"gold_loss":90.0,"damage_taken":0.0,"cards_upgraded":["Bash"]}],"is_beta":false,"boss_relics":[{"not_picked":["Tiny House","White Beast Statue","Calling Bell"]}],"items_purged_floors":[],"is_endless":false,"potions_floor_spawned":[10,11,13,18,21,24,25],"killed_by":"Centurion and Healer","ascension_level":0}