{"gold_per_floor":[110,129,62,62,74,403,422,456,526,0,35,53,53,13,13,114,114,129,146,146,166,186,215,215],"floor_reached":24,"playtime":2129,"items_purged":["Regret"],"score":300,"play_id":"48999b96-e0b0-48ec-a7e9-4b24242cfd26","local_time":"20180925124359","is_ascension_mode":true,"campfire_choices":[{"floor":15,"key":"REST"}],"neow_cost":"NONE","seed_source_timestamp":11703538528404,"circlet_count":0,"master_deck":["Defend_G","Defend_G+1","Defend_G","Defend_G+1","Defend_G","Strike_G+1","Strike_G","Strike_G","Strike_G","Strike_G","Survivor","Neutralize","Envenom","Slice","Deadly Poison","Crippling Poison","Deadly Poison","Choke+1","Deadly Poison","Noxious Fumes","Secret Weapon","Flash of Steel+1","Bouncing Flask","Riddle With Holes+1","Adrenaline","Flying Knee+1","Dodge and Roll","Ghostly","Ghostly","Ghostly","Ghostly","Ghostly","Bouncing Flask","Dagger Throw+1","Adrenaline"],"special_seed":0,"relics":["Ring of the Snake","Question Card","Old Coin","Whetstone","Molten Egg 2","War Paint","Juzu Bracelet","White Beast Statue","Sundial"],"potions_floor_usage":[16,19,23,23,23],"damage_taken":[{"damage":4.0,"enemies":"Jaw Worm","floor":1.0,"turns":4.0},{"damage":3.0,"enemies":"2 Louse","floor":2.0,"turns":3.0},{"damage":2.0,"enemies":"Cultist","floor":5.0,"turns":3.0},{"damage":31.0,"enemies":"3 Sentries","floor":6.0,"turns":12.0},{"damage":0.0,"enemies":"2 Fungi Beasts","floor":7.0,"turns":2.0},{"damage":19.0,"enemies":"Gremlin Nob","floor":8.0,"turns":4.0},{"damage":10.0,"enemies":"3 Sentries","floor":11.0,"turns":5.0},{"damage":0,"enemies":"Large Slime","floor":12,"turns":4},{"damage":17,"enemies":"The Guardian","floor":16,"turns":7},{"damage":12,"enemies":"3 Byrds","floor":18,"turns":5},{"damage":13,"enemies":"2 Thieves","floor":19,"turns":4},{"damage":3,"enemies":"Snecko","floor":21,"turns":6},{"damage":17,"enemies":"Chosen and Byrds","floor":22,"turns":6},{"damage":25,"enemies":"Gremlin Leader","floor":23,"turns":8},{"damage":0,"enemies":"Centurion and Healer","floor":24,"turns":1}],"seed_played":"5867325905945230677","potions_obtained":[{"floor":2.0,"key":"Strength Potion"},{"floor":7.0,"key":"LiquidBronze"},{"floor":8.0,"key":"Fire Potion"},{"floor":12,"key":"LiquidBronze"},{"floor":14,"key":"Poison Potion"},{"floor":14,"key":"Fire Potion"},{"floor":18,"key":"Ancient Potion"},{"floor":19,"key":"Dexterity Potion"},{"floor":21,"key":"Regen Potion"},{"floor":22,"key":"Block Potion"},{"floor":23,"key":"SpeedPotion"}],"is_trial":false,"path_per_floor":["M","M","$","?","M","E","M","E","T","$","E","M","?","?","R","B",null,"M","M","?","M","M","E"],"character_chosen":"THE_SILENT","items_purchased":["Crippling Poison","Secret Weapon","Flash of Steel+1","War Paint"],"campfire_rested":1,"item_purchase_floors":[3,10,10,10],"current_hp_per_floor":[66,63,63,63,61,30,30,11,11,11,1,1,1,1,22,5,70,58,45,35,32,15,5,5],"gold":215,"neow_bonus":"ONE_RANDOM_RARE_CARD","is_prod":false,"is_daily":false,"chose_seed":false,"campfire_upgraded":0,"win_rate":0,"timestamp":1537893839,"path_taken":["M","M","$","?","M","E","?","E","T","$","E","M","?","?","R","BOSS","M","M","?","M","M","E","M"],"build_version":"2018-09-24","purchased_purges":1,"victory":false,"max_hp_per_floor":[70,70,70,70,70,70,70,70,70,70,70,70,70,70,70,70,70,70,70,35,35,35,35,35],"card_choices":[{"not_picked":["Acrobatics","Backflip"],"picked":"Slice","floor":1.0},{"not_picked":["Underhanded Strike","Dodge and Roll"],"picked":"Deadly Poison","floor":2.0},{"not_picked":["Footwork","Dash","Acrobatics"],"picked":"Deadly Poison","floor":5.0},{"not_picked":["Phantasmal Killer","PiercingWail","Sucker Punch"],"picked":"Choke","floor":6.0},{"not_picked":["Deflect","Bane","Prepared"],"picked":"Deadly Poison","floor":7.0},{"not_picked":["Distraction","Tactician","Masterful Stab"],"picked":"Noxious Fumes","floor":8.0},{"not_picked":["Backflip","Wraith Form v2","Dodge and Roll"],"picked":"Bouncing Flask","floor":11.0},{"not_picked":["Flying Knee+1","Quick Slash+1","Underhanded Strike+1"],"picked":"Riddle With Holes+1","floor":12},{"not_picked":["A Thousand Cuts","Night Terror","Doppelganger"],"picked":"Adrenaline","floor":16},{"not_picked":["Cloak And Dagger","Calculated Gamble","Underhanded Strike+1"],"picked":"Flying Knee+1","floor":18},{"not_picked":["Deflect","Prepared","Concentrate"],"picked":"Dodge and Roll","floor":19},{"not_picked":["Dagger Spray+1","Blade Dance","Underhanded Strike+1"],"picked":"Bouncing Flask","floor":21},{"not_picked":["Cloak And Dagger","Blade Dance+1","Poisoned Stab+1"],"picked":"Dagger Throw+1","floor":22},{"not_picked":["Slice+1","Accuracy+1","Escape Plan"],"picked":"Adrenaline","floor":23}],"player_experience":285364,"relics_obtained":[{"floor":6.0,"key":"Old Coin"},{"floor":8.0,"key":"Whetstone"},{"floor":9.0,"key":"Molten Egg 2"},{"floor":11.0,"key":"Juzu Bracelet"},{"floor":23,"key":"Sundial"}],"event_choices":[{"event_name":"Big Fish","player_choice":"Box","floor":4.0,"damage_taken":0.0},{"event_name":"Scrap Ooze","player_choice":"unsuccessful","floor":13,"damage_taken":0},{"event_name":"The Woman in Blue","player_choice":"Bought 3 Potions","floor":14,"damage_taken":0},{"event_name":"Ghosts","player_choice":"Became a Ghost","floor":20,"damage_taken":0}],"is_beta":true,"boss_relics":[{"not_picked":["WristBlade","HoveringKite"],"picked":"White Beast Statue"}],"items_purged_floors":[10],"is_endless":false,"potions_floor_spawned":[2,7,8,12,18,19,21,22,23],"killed_by":"Centurion and Healer","ascension_level":1}