{"gold_per_floor":[112,112,131,143,143,143,160,177,177,204,204,222,251,262,262,360,360,346,346,32,45,62,62,93,93,119,129,129,129],"floor_reached":29,"playtime":1312,"items_purged":[],"score":420,"play_id":"b52d6182-5aa6-442b-a94e-a757f2f929e4","local_time":"20190121154703","is_ascension_mode":true,"campfire_choices":[{"data":"Uppercut","floor":6.0,"key":"SMITH"},{"data":"Armaments","floor":11.0,"key":"SMITH"},{"data":"Body Slam","floor":15.0,"key":"SMITH"},{"floor":23.0,"key":"REST"},{"floor":25.0,"key":"REST"}],"neow_cost":"PERCENT_DAMAGE","seed_source_timestamp":6699579248509,"circlet_count":0,"master_deck":["AscendersBane","Strike_R","Strike_R","Strike_R","Strike_R","Strike_R","Defend_R","Defend_R","Defend_R","Defend_R","Bash","Uppercut+1","Cleave","Feed","Armaments+1","Ghostly Armor","Iron Wave+1","Clothesline","Body Slam+1","Feed","Rampage","Pommel Strike","Battle Trance","Pommel Strike+1","Iron Wave"],"special_seed":0,"relics":["Burning Blood","Gambling Chip","Ancient Tea Set","Sundial","Pantograph","Odd Mushroom","Runic Cube","GremlinMask","Torii","Juzu Bracelet","Happy Flower"],"potions_floor_usage":[29],"damage_taken":[{"damage":10.0,"enemies":"Small Slimes","floor":1.0,"turns":4.0},{"damage":0.0,"enemies":"2 Louse","floor":3.0,"turns":3.0},{"damage":6.0,"enemies":"Cultist","floor":4.0,"turns":3.0},{"damage":12.0,"enemies":"Gremlin Gang","floor":7.0,"turns":3.0},{"damage":6.0,"enemies":"2 Fungi Beasts","floor":8.0,"turns":4.0},{"damage":26.0,"enemies":"Lagavulin","floor":10.0,"turns":8.0},{"damage":0.0,"enemies":"3 Louse","floor":12.0,"turns":3.0},{"damage":2.0,"enemies":"The Mushroom Lair","floor":13.0,"turns":5.0},{"damage":5.0,"enemies":"Red Slaver","floor":14.0,"turns":3.0},{"damage":54.0,"enemies":"Slime Boss","floor":16.0,"turns":11.0},{"damage":21.0,"enemies":"2 Thieves","floor":18.0,"turns":4.0},{"damage":13.0,"enemies":"Shell Parasite","floor":21.0,"turns":7.0},{"damage":48.0,"enemies":"Sentry and Sphere","floor":22.0,"turns":8.0},{"damage":20.0,"enemies":"Book of Stabbing","floor":24.0,"turns":7.0},{"damage":17.0,"enemies":"Centurion and Healer","floor":27.0,"turns":7.0},{"damage":84,"enemies":"Gremlin Leader","floor":29,"turns":8}],"seed_played":"4291951715367970825","potions_obtained":[{"floor":1.0,"key":"LiquidBronze"},{"floor":3.0,"key":"BloodPotion"},{"floor":4.0,"key":"Energy Potion"},{"floor":14.0,"key":"Energy Potion"},{"floor":16.0,"key":"LiquidBronze"},{"floor":18.0,"key":"Poison Potion"},{"floor":21.0,"key":"BloodPotion"},{"floor":24.0,"key":"Swift Potion"}],"is_trial":false,"path_per_floor":["M","?","M","M","?","R","M","M","T","E","R","M","?","M","R","B",null,"M","?","$","M","M","R","E","R","T","M","?","E"],"character_chosen":"IRONCLAD","items_purchased":["Torii"],"campfire_rested":2,"item_purchase_floors":[20],"current_hp_per_floor":[47,47,53,61,61,61,58,61,61,41,41,50,57,58,58,35,78,63,63,63,56,26,54,43,72,72,65,65,0],"gold":129,"neow_bonus":"ONE_RARE_RELIC","is_prod":false,"is_daily":false,"chose_seed":false,"campfire_upgraded":3,"win_rate":0,"timestamp":1548110823,"path_taken":["M","?","M","M","?","R","?","M","T","E","R","?","?","M","R","BOSS","M","?","$","M","?","R","E","R","T","M","?","E"],"build_version":"2019-01-17v2","purchased_purges":0,"victory":false,"max_hp_per_floor":[80,80,80,80,80,80,83,86,86,86,86,89,92,92,92,92,92,92,92,92,92,95,95,98,98,98,102,102,102],"card_choices":[{"not_picked":["Metallicize","Entrench"],"picked":"Uppercut","floor":1.0},{"not_picked":["True Grit","Dual Wield"],"picked":"Cleave","floor":3.0},{"not_picked":["Heavy Blade","Clash"],"picked":"Feed","floor":4.0},{"not_picked":["Spot Weakness","Carnage"],"picked":"Armaments","floor":7.0},{"not_picked":["Disarm","Dual Wield"],"picked":"Ghostly Armor","floor":8.0},{"not_picked":["Sword Boomerang","Flex"],"picked":"Iron Wave","floor":10.0},{"not_picked":["Anger","Carnage"],"picked":"Clothesline","floor":12.0},{"not_picked":["Flex","Clothesline"],"picked":"Body Slam","floor":13.0},{"not_picked":["Headbutt","Entrench","Rupture"],"picked":"SKIP","floor":14.0},{"not_picked":["Fiend Fire","Juggernaut"],"picked":"Feed","floor":16.0},{"not_picked":["Perfected Strike","Headbutt"],"picked":"Rampage","floor":18.0},{"not_picked":["Inflame","Clothesline"],"picked":"Pommel Strike","floor":21.0},{"not_picked":["Heavy Blade","Double Tap"],"picked":"Battle Trance","floor":22.0},{"not_picked":["Exhume","Shockwave"],"picked":"Pommel Strike+1","floor":24.0},{"not_picked":["Perfected Strike","Shockwave"],"picked":"Iron Wave","floor":27.0}],"player_experience":1262995,"relics_obtained":[{"floor":9.0,"key":"Sundial"},{"floor":10.0,"key":"Pantograph"},{"floor":13.0,"key":"Odd Mushroom"},{"floor":24.0,"key":"Juzu Bracelet"},{"floor":26.0,"key":"Happy Flower"}],"event_choices":[{"damage_healed":0.0,"max_hp_gain":0.0,"max_hp_loss":0.0,"gold_gain":0.0,"event_name":"Shining Light","player_choice":"Ignored","floor":2.0,"gold_loss":0.0,"damage_taken":0.0},{"damage_healed":0.0,"max_hp_gain":0.0,"max_hp_loss":0.0,"gold_gain":0.0,"event_name":"WeMeetAgain","player_choice":"Gave Potion","floor":5.0,"gold_loss":0.0,"damage_taken":0.0,"relics_obtained":["Ancient Tea Set"]},{"damage_healed":0.0,"max_hp_gain":0.0,"max_hp_loss":0.0,"gold_gain":0.0,"event_name":"Mushrooms","player_choice":"Fought Mushrooms","floor":13.0,"gold_loss":0.0,"damage_taken":0.0},{"damage_healed":0.0,"max_hp_gain":0.0,"max_hp_loss":0.0,"gold_gain":0.0,"event_name":"FaceTrader","player_choice":"Trade","floor":19.0,"gold_loss":0.0,"damage_taken":0.0,"relics_obtained":["GremlinMask"]},{"damage_healed":0.0,"max_hp_gain":0.0,"max_hp_loss":0.0,"gold_gain":0.0,"event_name":"Upgrade Shrine","player_choice":"Upgraded","floor":28.0,"gold_loss":0.0,"damage_taken":0.0,"cards_upgraded":["Iron Wave"]}],"is_beta":false,"boss_relics":[{"not_picked":["Runic Dome","Sozu"],"picked":"Runic Cube"}],"items_purged_floors":[],"is_endless":false,"potions_floor_spawned":[1,3,4,14,16,18,21,24],"killed_by":"Gremlin Leader","ascension_level":12}