{"gold_per_floor":[16,16,35,53,1,28,47,64,64,13,29,29,49,75,75,75],"floor_reached":16,"playtime":561,"items_purged":[],"score":154,"play_id":"9734169c-d86b-49eb-bab1-8b492d009cb0","local_time":"20190227143111","is_ascension_mode":true,"campfire_choices":[{"data":"Zap","floor":12,"key":"SMITH"},{"floor":15,"key":"REST"}],"neow_cost":"NO_GOLD","seed_source_timestamp":1024727017945532,"circlet_count":0,"master_deck":["Strike_B","Strike_B","Strike_B","Strike_B","Defend_B","Defend_B","Defend_B","Defend_B","Zap+1","Dualcast","Secret Weapon","Trip","Double Energy","Conserve Battery","BootSequence","Steam","Leap","Reinforced Body","Beam Cell","Lockon","Rip and Tear","Ball Lightning"],"special_seed":0,"relics":["Cracked Core","NlothsMask","Pear","DataDisk","Symbiotic Virus"],"potions_floor_usage":[6,14,16],"damage_taken":[{"damage":6.0,"enemies":"Cultist","floor":1.0,"turns":3.0},{"damage":2.0,"enemies":"Small Slimes","floor":3.0,"turns":3.0},{"damage":6.0,"enemies":"2 Louse","floor":4.0,"turns":2.0},{"damage":11,"enemies":"3 Sentries","floor":6,"turns":8},{"damage":5,"enemies":"Blue Slaver","floor":7,"turns":3},{"damage":5,"enemies":"Exordium Thugs","floor":8,"turns":7},{"damage":4,"enemies":"2 Fungi Beasts","floor":11,"turns":4},{"damage":4,"enemies":"Red Slaver","floor":13,"turns":3},{"damage":30,"enemies":"Lagavulin","floor":14,"turns":7},{"damage":33,"enemies":"The Guardian","floor":16,"turns":8}],"seed_played":"510574234224647295","potions_obtained":[{"floor":1.0,"key":"Fire Potion"},{"floor":4.0,"key":"Ancient Potion"},{"floor":14,"key":"GamblersBrew"}],"is_trial":false,"path_per_floor":["M","?","M","M","$","E","M","M","T","?","M","R","M","E","R","B"],"character_chosen":"DEFECT","items_purchased":["Steam"],"campfire_rested":1,"item_purchase_floors":[5],"current_hp_per_floor":[62,62,60,54,54,53,48,43,43,43,39,39,35,5,30,0],"gold":75,"neow_bonus":"RANDOM_COLORLESS_2","is_prod":false,"is_daily":false,"chose_seed":false,"campfire_upgraded":1,"win_rate":0,"timestamp":1551303071,"path_taken":["M","?","M","M","?","E","M","M","T","?","?","R","M","E","R","BOSS"],"build_version":"2019-01-23","purchased_purges":0,"victory":false,"max_hp_per_floor":[75,75,75,75,75,85,85,85,85,85,85,85,85,85,85,85],"card_choices":[{"not_picked":["Compile Driver","Sweeping Beam"],"picked":"Double Energy","floor":1.0},{"not_picked":["Lockon","Hello World"],"picked":"Conserve Battery","floor":3.0},{"not_picked":["Scrape","Go for the Eyes"],"picked":"BootSequence","floor":4.0},{"not_picked":["Steam","Go for the Eyes"],"picked":"Leap","floor":6},{"not_picked":["Conserve Battery","Capacitor"],"picked":"Reinforced Body","floor":7},{"not_picked":["Machine Learning","Scrape"],"picked":"Beam Cell","floor":8},{"not_picked":["Hello World","Streamline"],"picked":"Lockon","floor":11},{"not_picked":["Rebound","Streamline"],"picked":"Rip and Tear","floor":13},{"not_picked":["Static Discharge","Sunder"],"picked":"Ball Lightning","floor":14}],"player_experience":1624034,"relics_obtained":[{"floor":6,"key":"Pear"},{"floor":14,"key":"Symbiotic Virus"}],"event_choices":[{"damage_healed":0.0,"max_hp_gain":0.0,"max_hp_loss":0.0,"gold_gain":0.0,"event_name":"FaceTrader","player_choice":"Trade","floor":2.0,"gold_loss":0.0,"damage_taken":0.0,"relics_obtained":["NlothsMask"]},{"damage_healed":0,"gold_gain":0,"player_choice":"Paid Gold","damage_taken":0,"relics_obtained":["DataDisk"],"max_hp_gain":0,"max_hp_loss":0,"event_name":"WeMeetAgain","floor":10,"gold_loss":51}],"is_beta":false,"boss_relics":[],"items_purged_floors":[],"is_endless":false,"potions_floor_spawned":[1,4,14],"killed_by":"The Guardian","ascension_level":7}