{"gold_per_floor":[109,125,136,136,211,211,230,230,255,255,268,283,171,188,188,290,290,302,302,315,218,218,245,245,245],"floor_reached":25,"playtime":782,"items_purged":[],"score":213,"play_id":"33a0f249-64d9-444f-a867-f55fa52e3367","local_time":"20190202100432","is_ascension_mode":false,"campfire_choices":[{"data":"Shrug It Off","floor":6.0,"key":"SMITH"},{"data":"Bash","floor":8.0,"key":"SMITH"},{"data":"Searing Blow","floor":15.0,"key":"SMITH"},{"floor":24,"key":"REST"}],"neow_cost":"NONE","seed_source_timestamp":337503927972873,"circlet_count":0,"master_deck":["Strike_R","Strike_R","Strike_R","Strike_R","Strike_R","Defend_R","Defend_R","Defend_R","Defend_R","Bash+1","Shrug It Off+1","Thunderclap","Thunderclap","Dropkick","Parasite","Searing Blow+1","Inflame","Shockwave","Bludgeon","Thunderclap","Shrug It Off+1","Trip","Bash","Limit Break"],"special_seed":0,"relics":["Burning Blood"],"potions_floor_usage":[],"damage_taken":[{"damage":6.0,"enemies":"Jaw Worm","floor":1.0,"turns":3.0},{"damage":2.0,"enemies":"2 Louse","floor":2.0,"turns":3.0},{"damage":6.0,"enemies":"Cultist","floor":3.0,"turns":3.0},{"damage":4.0,"enemies":"3 Louse","floor":7.0,"turns":3.0},{"damage":8.0,"enemies":"Blue Slaver","floor":11.0,"turns":3.0},{"damage":15.0,"enemies":"Gremlin Gang","floor":12.0,"turns":4.0},{"damage":2.0,"enemies":"2 Fungi Beasts","floor":14.0,"turns":4.0},{"damage":26.0,"enemies":"Slime Boss","floor":16.0,"turns":9.0},{"damage":45.0,"enemies":"2 Thieves","floor":18.0,"turns":5.0},{"damage":19.0,"enemies":"3 Byrds","floor":20.0,"turns":6.0},{"damage":48.0,"enemies":"Slavers","floor":23.0,"turns":8.0},{"damage":43,"enemies":"Centurion and Healer","floor":25,"turns":7}],"seed_played":"-5376021701486003098","potions_obtained":[{"floor":1.0,"key":"Poison Potion"},{"floor":7.0,"key":"SteroidPotion"},{"floor":11.0,"key":"SpeedPotion"},{"floor":18.0,"key":"Regen Potion"},{"floor":20.0,"key":"Dexterity Potion"}],"is_trial":false,"path_per_floor":["M","M","M","?","?","R","M","R","T","?","M","M","$","M","R","B",null,"M","?","M","$","?","E","R","M"],"character_chosen":"IRONCLAD","items_purchased":["Searing Blow","Inflame","Trip"],"campfire_rested":1,"item_purchase_floors":[13,13,21],"current_hp_per_floor":[88,88,88,93,82,82,84,84,84,93,91,82,82,86,86,66,93,54,54,56,56,56,14,41,0],"gold":245,"neow_bonus":"TEN_PERCENT_HP_BONUS","is_prod":false,"is_daily":false,"chose_seed":false,"campfire_upgraded":3,"win_rate":0,"timestamp":1549127072,"path_taken":["M","M","M","?","?","R","M","R","T","?","M","M","?","?","R","BOSS","M","?","M","$","?","E","R","?"],"build_version":"2019-01-23","purchased_purges":0,"victory":false,"max_hp_per_floor":[88,88,88,93,93,93,93,93,93,93,93,93,93,93,93,93,93,93,93,93,93,93,93,93,93],"card_choices":[{"not_picked":["Dropkick","Flex"],"picked":"Shrug It Off","floor":1.0},{"not_picked":["Blood for Blood","Burning Pact"],"picked":"Thunderclap","floor":2.0},{"not_picked":["Burning Pact","Fiend Fire"],"picked":"Thunderclap","floor":3.0},{"not_picked":["Pommel Strike","Metallicize"],"picked":"Dropkick","floor":7.0},{"not_picked":["Sever Soul","Havoc","Anger"],"picked":"SKIP","floor":11.0},{"not_picked":["Havoc","Warcry","Headbutt"],"picked":"SKIP","floor":12.0},{"not_picked":["Perfected Strike","Pummel"],"picked":"Shockwave","floor":14.0},{"not_picked":["Juggernaut","Impervious"],"picked":"Bludgeon","floor":16.0},{"not_picked":["Bloodletting","Cleave"],"picked":"Thunderclap","floor":18.0},{"not_picked":["Perfected Strike+1","Second Wind"],"picked":"Shrug It Off+1","floor":20.0},{"not_picked":["Entrench+1","Perfected Strike"],"picked":"Limit Break","floor":23}],"player_experience":1371565,"relics_obtained":[],"event_choices":[{"damage_healed":0.0,"max_hp_gain":5.0,"max_hp_loss":0.0,"gold_gain":0.0,"event_name":"Big Fish","player_choice":"Donut","floor":4.0,"gold_loss":0.0,"damage_taken":0.0},{"damage_healed":0.0,"max_hp_gain":0.0,"max_hp_loss":0.0,"gold_gain":75.0,"event_name":"World of Goop","player_choice":"Gather Gold","floor":5.0,"gold_loss":0.0,"damage_taken":11.0},{"damage_healed":23.0,"max_hp_gain":0.0,"max_hp_loss":0.0,"gold_gain":0.0,"event_name":"Mushrooms","player_choice":"Healed and dodged fight","floor":10.0,"gold_loss":0.0,"damage_taken":0.0,"cards_obtained":["Parasite"]},{"damage_healed":0.0,"max_hp_gain":0.0,"max_hp_loss":0.0,"gold_gain":0.0,"event_name":"Ghosts","player_choice":"Ignored","floor":19.0,"gold_loss":0.0,"damage_taken":0.0},{"damage_healed":0.0,"max_hp_gain":0.0,"max_hp_loss":0.0,"gold_gain":0.0,"event_name":"Match and Keep!","player_choice":"1 cards matched","floor":22.0,"gold_loss":0.0,"damage_taken":0.0,"cards_obtained":["Bash"]}],"is_beta":false,"boss_relics":[{"not_picked":["Velvet Choker","Mark of Pain","Ectoplasm"]}],"items_purged_floors":[],"is_endless":false,"potions_floor_spawned":[1,7,11,14,18,20],"killed_by":"Centurion and Healer","ascension_level":0}