{"gold_per_floor":[114,64,80,97,97,97,124,124,148,148],"floor_reached":10,"playtime":991,"items_purged":[],"score":92,"play_id":"a37f153a-fa4f-4c88-99d4-200627e28ee6","local_time":"20190323171922","is_ascension_mode":true,"campfire_choices":[{"data":"Metallicize","floor":6,"key":"SMITH"},{"data":"Dark Embrace","floor":8,"key":"SMITH"}],"neow_cost":"NONE","seed_source_timestamp":668886726171667,"circlet_count":0,"master_deck":["Strike_R+1","Strike_R","Strike_R+1","Strike_R","Defend_R","Defend_R","Defend_R","Defend_R","Bash","Metallicize+1","Shrug It Off","Regret","Dark Embrace+1"],"relics":["Burning Blood","Potion Belt","Regal Pillow","Boot","Whetstone"],"potions_floor_usage":[7,10],"damage_taken":[{"damage":0,"enemies":"Jaw Worm","floor":1,"turns":5},{"damage":0,"enemies":"2 Louse","floor":3,"turns":4},{"damage":0,"enemies":"Cultist","floor":4,"turns":5},{"damage":54,"enemies":"3 Sentries","floor":7,"turns":14},{"damage":51,"enemies":"Lagavulin","floor":10,"turns":6}],"seed_played":"2779567556079219424","potions_obtained":[{"floor":3,"key":"BloodPotion"},{"floor":4,"key":"Energy Potion"},{"floor":7,"key":"BloodPotion"}],"is_trial":false,"path_per_floor":["?","?"],"character_chosen":"IRONCLAD","items_purchased":[],"campfire_rested":0,"item_purchase_floors":[],"current_hp_per_floor":[78,78,80,80,80,80,40,40,40,0],"gold":148,"neow_bonus":"RANDOM_COMMON_RELIC","is_prod":false,"is_daily":false,"chose_seed":false,"campfire_upgraded":2,"win_rate":0,"timestamp":1553375962,"path_taken":["M","?","M","M","?","R","E","R","T","E"],"build_version":"2019-01-23","purchased_purges":0,"victory":false,"max_hp_per_floor":[80,80,80,80,80,80,80,80,80,80],"card_choices":[{"not_picked":["Cleave","Clothesline"],"picked":"Metallicize","floor":1},{"not_picked":["Rage","Entrench"],"picked":"Shrug It Off","floor":3},{"not_picked":["Cleave","Havoc","Clash"],"picked":"SKIP","floor":4},{"not_picked":["Bludgeon","Inflame"],"picked":"Dark Embrace","floor":7}],"player_experience":941417,"relics_obtained":[{"floor":7,"key":"Boot"},{"floor":9,"key":"Whetstone"}],"event_choices":[{"cards_removed":["Strike_R"],"damage_healed":0,"gold_gain":0,"player_choice":"Card Removal","damage_taken":0,"max_hp_gain":0,"max_hp_loss":0,"event_name":"The Cleric","floor":2,"gold_loss":50},{"damage_healed":0,"gold_gain":0,"player_choice":"Box","damage_taken":0,"relics_obtained":["Regal Pillow"],"max_hp_gain":0,"max_hp_loss":0,"event_name":"Big Fish","floor":5,"gold_loss":0,"cards_obtained":["Regret"]}],"is_beta":false,"boss_relics":[],"items_purged_floors":[],"is_endless":false,"potions_floor_spawned":[3,4,7],"killed_by":"Lagavulin","ascension_level":8}