{"gold_per_floor":[112,112,122,122,72,72,82,82,82,97,109,125,73,73,73,177,177,189,203,213,213,232,232],"floor_reached":23,"playtime":694,"items_purged":[],"score":185,"play_id":"820330db-a6a7-4514-973e-f39c59b71e61","local_time":"20190217160702","is_ascension_mode":false,"campfire_choices":[{"data":"True Grit","floor":6.0,"key":"SMITH"},{"data":"Bash","floor":8.0,"key":"SMITH"},{"data":"Shrug It Off","floor":15.0,"key":"SMITH"}],"neow_cost":"TEN_PERCENT_HP_LOSS","seed_source_timestamp":166401543779537,"circlet_count":0,"master_deck":["Strike_R","Strike_R","Strike_R","Defend_R","Defend_R","Defend_R","Bash+1","Demon Form+1","Heavy Blade","Flex","True Grit+1","Twin Strike","Rupture","Heavy Blade","Whirlwind","Shrug It Off+1","Immolate","Sword Boomerang","Pummel","Twin Strike+1","Decay","Infernal Blade"],"special_seed":0,"relics":["Burning Blood"],"potions_floor_usage":[],"damage_taken":[{"damage":0.0,"enemies":"2 Louse","floor":1.0,"turns":2.0},{"damage":8.0,"enemies":"Jaw Worm","floor":3.0,"turns":3.0},{"damage":0.0,"enemies":"Cultist","floor":7.0,"turns":3.0},{"damage":9.0,"enemies":"Blue Slaver","floor":10.0,"turns":3.0},{"damage":14.0,"enemies":"Lots of Slimes","floor":11.0,"turns":5.0},{"damage":9.0,"enemies":"3 Louse","floor":12.0,"turns":3.0},{"damage":31.0,"enemies":"The Guardian","floor":16.0,"turns":12.0},{"damage":34.0,"enemies":"Shell Parasite","floor":18.0,"turns":7.0},{"damage":5.0,"enemies":"3 Byrds","floor":19.0,"turns":4.0},{"damage":42.0,"enemies":"Sentry and Sphere","floor":20.0,"turns":7.0},{"damage":1,"enemies":"Centurion and Healer","floor":22,"turns":4},{"damage":22,"enemies":"Shelled Parasite and Fungi","floor":23,"turns":3}],"seed_played":"-1656408307015596619","potions_obtained":[{"floor":3.0,"key":"Energy Potion"},{"floor":12.0,"key":"SteroidPotion"},{"floor":18.0,"key":"PowerPotion"}],"is_trial":false,"path_per_floor":["M","?","M","?","?","R","M","R","T","M","M","M","$","?","R","B",null,"M","M","M","?","M","M"],"character_chosen":"IRONCLAD","items_purchased":["Shrug It Off"],"campfire_rested":0,"item_purchase_floors":[13],"current_hp_per_floor":[72,77,75,75,75,75,77,77,77,74,66,63,63,63,63,38,77,49,50,14,14,19,0],"gold":232,"neow_bonus":"TRANSFORM_TWO_CARDS","is_prod":false,"is_daily":false,"chose_seed":false,"campfire_upgraded":3,"win_rate":0,"timestamp":1550444822,"path_taken":["M","?","M","?","?","R","M","R","T","M","?","M","$","?","R","BOSS","M","M","?","?","M","M"],"build_version":"2019-01-23","purchased_purges":0,"victory":false,"max_hp_per_floor":[72,77,77,77,77,77,77,77,77,77,77,77,77,77,77,77,77,77,77,77,77,77,77],"card_choices":[{"not_picked":["Reckless Charge","Heavy Blade"],"picked":"Flex","floor":1.0},{"not_picked":["Carnage","Sword Boomerang"],"picked":"True Grit","floor":3.0},{"not_picked":["Warcry","Flame Barrier"],"picked":"Twin Strike","floor":7.0},{"not_picked":["Sword Boomerang","Whirlwind"],"picked":"Rupture","floor":10.0},{"not_picked":["Demon Form","Entrench"],"picked":"Heavy Blade","floor":11.0},{"not_picked":["Wild Strike","Shockwave"],"picked":"Whirlwind","floor":12.0},{"not_picked":["Dark Embrace","Barricade"],"picked":"Immolate","floor":16.0},{"not_picked":["Havoc","Perfected Strike"],"picked":"Sword Boomerang","floor":18.0},{"not_picked":["Sentinel","Uppercut+1"],"picked":"Pummel","floor":19.0},{"not_picked":["Havoc","Bloodletting+1"],"picked":"Twin Strike+1","floor":20.0},{"not_picked":["Uppercut+1","Dual Wield"],"picked":"Infernal Blade","floor":22}],"player_experience":1504635,"relics_obtained":[],"event_choices":[{"damage_healed":0.0,"max_hp_gain":5.0,"max_hp_loss":0.0,"gold_gain":0.0,"event_name":"Big Fish","player_choice":"Donut","floor":2.0,"gold_loss":0.0,"damage_taken":0.0},{"damage_healed":0.0,"max_hp_gain":0.0,"max_hp_loss":0.0,"gold_gain":0.0,"event_name":"Living Wall","player_choice":"Grow","floor":4.0,"gold_loss":0.0,"damage_taken":0.0,"cards_upgraded":["Demon Form"]},{"cards_removed":["Strike_R"],"damage_healed":0.0,"max_hp_gain":0.0,"max_hp_loss":0.0,"gold_gain":0.0,"event_name":"The Cleric","player_choice":"Card Removal","floor":5.0,"gold_loss":50.0,"damage_taken":0.0},{"damage_healed":0.0,"max_hp_gain":0.0,"max_hp_loss":0.0,"gold_gain":0.0,"event_name":"WeMeetAgain","player_choice":"Ignored","floor":14.0,"gold_loss":0.0,"damage_taken":0.0},{"damage_healed":0.0,"max_hp_gain":0.0,"max_hp_loss":0.0,"gold_gain":0.0,"event_name":"Wheel of Change","player_choice":"Cursed","floor":21.0,"gold_loss":0.0,"damage_taken":0.0,"cards_obtained":["Decay"]}],"is_beta":false,"boss_relics":[{"not_picked":["Runic Cube","Runic Dome","Orrery"]}],"items_purged_floors":[],"is_endless":false,"potions_floor_spawned":[3,12,18],"killed_by":"Shelled Parasite and Fungi","ascension_level":0}