{"gold_per_floor":[113,124,49,124,142,142,154,188,258,258,269,269,284,317,317,421,421,435,435,435,469,469,469,503,503,503,503,530,544,557,573,573,671,671,683,198,208,3,3,3,28,28,28,53,53,53,70,103,103,103,103,103,67,92,92],"floor_reached":55,"playtime":8928,"items_purged":["Clumsy","Backstab+1","Prepared"],"score":1136,"play_id":"5e370961-4dd7-4847-afdf-bf0eec846b61","local_time":"20190131113835","is_ascension_mode":true,"campfire_choices":[{"data":"Dagger Throw","floor":6.0,"key":"SMITH"},{"data":"Reflex","floor":10.0,"key":"SMITH"},{"floor":12.0,"key":"REST"},{"data":"Backstab","floor":15.0,"key":"SMITH"},{"data":"Writhe","floor":23.0,"key":"PURGE"},{"data":"Cloak And Dagger","floor":25.0,"key":"SMITH"},{"data":"Doppelganger","floor":27.0,"key":"SMITH"},{"floor":32.0,"key":"REST"},{"data":"Burst","floor":40.0,"key":"SMITH"},{"data":"Neutralize","floor":42.0,"key":"PURGE"},{"data":"Strike_G","floor":46.0,"key":"PURGE"},{"floor":49.0,"key":"RECALL"},{"data":"Well Laid Plans","floor":52.0,"key":"SMITH"}],"neow_cost":"CURSE","seed_source_timestamp":0,"circlet_count":0,"master_deck":["Defend_G","Defend_G","Defend_G","Defend_G","Strike_G","Strike_G","Strike_G","Strike_G","Survivor","Dagger Throw+1","Backflip","Reflex+1","Corpse Explosion","Cloak And Dagger+1","Tools of the Trade","PiercingWail","Predator","Leg Sweep","Doppelganger+1","Predator","Burst+1","Bouncing Flask","Noxious Fumes","Blur+1","Well Laid Plans+1","Skewer+1","Blur","After Image"],"special_seed":0,"relics":["Ring of the Snake","Pocketwatch","Mango","Shuriken","Snake Skull","Snecko Eye","Red Mask","Peace Pipe","Ice Cream","Orichalcum","Sundial","HoveringKite","Singing Bowl","Pear","Molten Egg 2","Omamori","Vajra"],"potions_floor_usage":[55],"damage_taken":[{"damage":0.0,"enemies":"Jaw Worm","floor":1.0,"turns":4.0},{"damage":5.0,"enemies":"Small Slimes","floor":2.0,"turns":4.0},{"damage":0.0,"enemies":"2 Louse","floor":5.0,"turns":2.0},{"damage":1.0,"enemies":"Looter","floor":7.0,"turns":3.0},{"damage":30.0,"enemies":"Gremlin Nob","floor":8.0,"turns":5.0},{"damage":1.0,"enemies":"Red Slaver","floor":11.0,"turns":3.0},{"damage":1.0,"enemies":"Blue Slaver","floor":13.0,"turns":3.0},{"damage":14.0,"enemies":"3 Sentries","floor":14.0,"turns":4.0},{"damage":11.0,"enemies":"The Guardian","floor":16.0,"turns":15.0},{"damage":8.0,"enemies":"2 Thieves","floor":18.0,"turns":2.0},{"damage":2.0,"enemies":"Masked Bandits","floor":21.0,"turns":2.0},{"damage":15.0,"enemies":"Book of Stabbing","floor":24.0,"turns":7.0},{"damage":10.0,"enemies":"Slavers","floor":28.0,"turns":3.0},{"damage":3.0,"enemies":"3 Byrds","floor":29.0,"turns":5.0},{"damage":3.0,"enemies":"Centurion and Healer","floor":30.0,"turns":4.0},{"damage":18.0,"enemies":"Snake Plant","floor":31.0,"turns":5.0},{"damage":1.0,"enemies":"Automaton","floor":33.0,"turns":10.0},{"damage":12.0,"enemies":"Orb Walker","floor":35.0,"turns":5.0},{"damage":3.0,"enemies":"3 Shapes","floor":37.0,"turns":4.0},{"damage":3.0,"enemies":"Nemesis","floor":41.0,"turns":8.0},{"damage":7.0,"enemies":"Giant Head","floor":44.0,"turns":7.0},{"damage":0.0,"enemies":"Maw","floor":47.0,"turns":6.0},{"damage":12.0,"enemies":"Nemesis","floor":48.0,"turns":7.0},{"damage":19.0,"enemies":"Awakened One","floor":50.0,"turns":13.0},{"damage":6.0,"enemies":"Shield and Spear","floor":54.0,"turns":5.0},{"damage":90,"enemies":"The Heart","floor":55,"turns":9}],"seed_played":"973499565955601142","potions_obtained":[{"floor":7.0,"key":"PowerPotion"},{"floor":11.0,"key":"GhostInAJar"},{"floor":13.0,"key":"SteroidPotion"},{"floor":14.0,"key":"FairyPotion"},{"floor":21.0,"key":"AttackPotion"},{"floor":29.0,"key":"Block Potion"},{"floor":33.0,"key":"Explosive Potion"},{"floor":35.0,"key":"SteroidPotion"},{"floor":41.0,"key":"AttackPotion"},{"floor":44.0,"key":"SmokeBomb"}],"is_trial":false,"path_per_floor":["M","M","$","?","M","R","M","E","T","R","M","R","M","E","R","B",null,"M","?","?","?","?","R","E","R","T","R","E","M","M","M","R","B",null,"M","$","M","$","?","R","E","R","T","E","?","R","M","E","R","B",null,"R","$","E","B"],"character_chosen":"THE_SILENT","items_purchased":["Bouncing Flask","Noxious Fumes","Singing Bowl","Well Laid Plans","Blur"],"campfire_rested":2,"item_purchase_floors":[36,36,36,38,53],"current_hp_per_floor":[63,58,58,47,47,47,46,30,30,30,29,54,53,39,39,28,70,62,62,62,60,60,60,45,45,45,45,35,32,29,11,36,35,72,60,60,57,57,57,57,66,66,66,61,61,61,61,51,51,32,83,83,83,77,0],"gold":92,"neow_bonus":"ONE_RARE_RELIC","is_prod":false,"is_daily":false,"chose_seed":false,"campfire_upgraded":7,"win_rate":0,"timestamp":1548963515,"path_taken":["M","M","$","?","M","R","M","E","T","R","M","R","M","E","R","BOSS","M","?","?","?","?","R","E","R","T","R","E","M","M","M","R","BOSS","M","$","M","$","?","R","E","R","T","E","?","R","M","E","R","BOSS","R","$","E","BOSS"],"build_version":"2019-01-23","purchased_purges":3,"victory":false,"max_hp_per_floor":[70,70,70,70,70,70,70,84,84,84,84,84,84,84,84,84,84,84,84,84,84,84,84,84,84,84,84,84,84,84,84,84,84,84,84,84,84,84,84,84,96,96,96,98,98,98,98,100,100,100,100,100,100,100,100],"card_choices":[{"not_picked":["Cloak And Dagger","Reflex"],"picked":"Dagger Throw","floor":1.0},{"not_picked":["Poisoned Stab","Slice"],"picked":"Backstab","floor":2.0},{"not_picked":["Poisoned Stab","Deflect"],"picked":"Backflip","floor":5.0},{"not_picked":["Deflect","Dodge and Roll"],"picked":"Reflex","floor":7.0},{"not_picked":["Dash","A Thousand Cuts"],"picked":"Corpse Explosion","floor":8.0},{"not_picked":["Bane","Dagger Spray"],"picked":"Prepared","floor":11.0},{"not_picked":["Deflect","Slice"],"picked":"Cloak And Dagger","floor":13.0},{"not_picked":["Outmaneuver","All Out Attack","Flying Knee"],"picked":"SKIP","floor":14.0},{"not_picked":["Phantasmal Killer","Doppelganger"],"picked":"Tools of the Trade","floor":16.0},{"not_picked":["Blade Dance","All Out Attack"],"picked":"PiercingWail","floor":18.0},{"not_picked":["Acrobatics","Dagger Throw+1"],"picked":"Leg Sweep","floor":21.0},{"not_picked":["Blade Dance","Backstab"],"picked":"Doppelganger","floor":24.0},{"not_picked":["Blade Dance","Leg Sweep","PiercingWail"],"picked":"SKIP","floor":28.0},{"not_picked":["Endless Agony","Deflect+1","Slice+1"],"picked":"SKIP","floor":29.0},{"not_picked":["Bane","Catalyst"],"picked":"Predator","floor":30.0},{"not_picked":["Outmaneuver","Sucker Punch+1","Masterful Stab"],"picked":"SKIP","floor":31.0},{"not_picked":["After Image","Adrenaline"],"picked":"Burst","floor":33.0},{"not_picked":["PiercingWail","Heel Hook+1","Quick Slash"],"picked":"SKIP","floor":35.0},{"not_picked":["Concentrate+1","Dodge and Roll+1"],"picked":"Blur+1","floor":37.0},{"not_picked":["Blade Dance+1","Dash+1","Bane"],"picked":"Singing Bowl","floor":41.0},{"not_picked":["Dodge and Roll+1","Burst","Dagger Spray+1"],"picked":"Singing Bowl","floor":44.0},{"not_picked":["Deadly Poison+1","Concentrate"],"picked":"Skewer+1","floor":47.0},{"not_picked":["Cloak And Dagger+1","Sucker Punch+1","Unload+1"],"picked":"Singing Bowl","floor":48.0},{"not_picked":["Cloak And Dagger+1","Dash+1"],"picked":"After Image","floor":54.0}],"player_experience":329971,"relics_obtained":[{"floor":8.0,"key":"Mango"},{"floor":9.0,"key":"Shuriken"},{"floor":14.0,"key":"Snake Skull"},{"floor":21.0,"key":"Red Mask"},{"floor":24.0,"key":"Ice Cream"},{"floor":26.0,"key":"Orichalcum"},{"floor":28.0,"key":"Sundial"},{"floor":41.0,"key":"Pear"},{"floor":44.0,"key":"Molten Egg 2"},{"floor":48.0,"key":"Omamori"},{"floor":54.0,"key":"Vajra"}],"event_choices":[{"damage_healed":0.0,"max_hp_gain":0.0,"max_hp_loss":0.0,"gold_gain":75.0,"event_name":"World of Goop","player_choice":"Gather Gold","floor":4.0,"gold_loss":0.0,"damage_taken":11.0},{"damage_healed":0.0,"max_hp_gain":0.0,"max_hp_loss":0.0,"gold_gain":0.0,"event_name":"The Library","player_choice":"Read","floor":19.0,"gold_loss":0.0,"damage_taken":0.0,"cards_obtained":["Predator"]},{"damage_healed":0.0,"max_hp_gain":0.0,"max_hp_loss":0.0,"gold_gain":0.0,"event_name":"Vampires","player_choice":"Ignored","floor":20.0,"gold_loss":0.0,"damage_taken":0.0},{"damage_healed":0.0,"max_hp_gain":0.0,"max_hp_loss":0.0,"gold_gain":0.0,"event_name":"Masked Bandits","player_choice":"Fought Bandits","floor":21.0,"gold_loss":0.0,"damage_taken":0.0},{"damage_healed":0.0,"max_hp_gain":0.0,"max_hp_loss":0.0,"gold_gain":0.0,"event_name":"The Mausoleum","player_choice":"Opened","floor":22.0,"gold_loss":0.0,"damage_taken":0.0,"relics_obtained":["Peace Pipe"],"cards_obtained":["Writhe"]},{"cards_removed":["Defend_G"],"damage_healed":0.0,"max_hp_gain":0.0,"max_hp_loss":0.0,"gold_gain":0.0,"event_name":"Falling","player_choice":"Removed Skill","floor":39.0,"gold_loss":0.0,"damage_taken":0.0},{"damage_healed":0.0,"max_hp_gain":0.0,"max_hp_loss":0.0,"gold_gain":0.0,"event_name":"Match and Keep!","player_choice":"0 cards matched","floor":45.0,"gold_loss":0.0,"damage_taken":0.0,"cards_obtained":[]}],"is_beta":false,"boss_relics":[{"not_picked":["Pandora\u0027s Box","Black Star"],"picked":"Snecko Eye"},{"not_picked":["Fusion Hammer","Lizard Tail"],"picked":"HoveringKite"}],"items_purged_floors":[3,36,38],"is_endless":false,"potions_floor_spawned":[7,11,13,14,16,18,21,29,33,35,41,44],"killed_by":"The Heart","ascension_level":8}