{"gold_per_floor":[118,133,147,322,16,41,41,41,88,88,102,133,58,58,58,157,157,175,186,111,311,331,331,345,345],"floor_reached":25,"playtime":1610,"items_purged":["Strike_G"],"score":243,"play_id":"e1ea6be3-6921-4817-a2a2-c9521a3efba2","local_time":"20190111155811","is_ascension_mode":true,"campfire_choices":[{"floor":8.0,"key":"DIG"},{"floor":10.0,"key":"REST"},{"floor":15.0,"key":"REST"},{"floor":23.0,"key":"REST"}],"neow_cost":"NONE","seed_source_timestamp":0,"circlet_count":0,"master_deck":["Defend_G","Defend_G","Defend_G","Defend_G","Defend_G","Strike_G","Strike_G","Survivor","Neutralize","Storm of Steel","Distraction","Noxious Fumes","Doubt","Well Laid Plans","Predator","Burst","Footwork","Bullet Time","Blade Dance+1","Acrobatics+1"],"special_seed":0,"relics":["Ring of the Snake","Shovel","Mummified Hand","Matryoshka","Pantograph","Centennial Puzzle","Snake Skull","Boot","Empty Cage"],"potions_floor_usage":[],"damage_taken":[{"damage":1.0,"enemies":"Cultist","floor":1.0,"turns":4.0},{"damage":2.0,"enemies":"Jaw Worm","floor":2.0,"turns":4.0},{"damage":8.0,"enemies":"Small Slimes","floor":3.0,"turns":2.0},{"damage":39.0,"enemies":"3 Sentries","floor":6.0,"turns":9.0},{"damage":4.0,"enemies":"Blue Slaver","floor":11.0,"turns":4.0},{"damage":36.0,"enemies":"Lagavulin","floor":12.0,"turns":7.0},{"damage":44.0,"enemies":"The Guardian","floor":16.0,"turns":8.0},{"damage":4.0,"enemies":"3 Byrds","floor":18.0,"turns":3.0},{"damage":25.0,"enemies":"Chosen","floor":19.0,"turns":5.0},{"damage":43.0,"enemies":"Sentry and Sphere","floor":22.0,"turns":7.0},{"damage":16.0,"enemies":"Snake Plant","floor":24.0,"turns":5.0},{"damage":28,"enemies":"Shelled Parasite and Fungi","floor":25,"turns":2}],"seed_played":"8684013137405803015","potions_obtained":[{"floor":12.0,"key":"Dexterity Potion"},{"floor":16.0,"key":"GamblersBrew"},{"floor":19.0,"key":"Regen Potion"},{"floor":24.0,"key":"Fire Potion"}],"is_trial":false,"path_per_floor":["M","M","M","?","$","E","T","R","T","R","M","E","$","?","R","B",null,"M","M","$","?","M","R","M","M"],"character_chosen":"THE_SILENT","items_purchased":["Shovel","Footwork"],"campfire_rested":3,"item_purchase_floors":[5,13],"current_hp_per_floor":[69,67,59,59,59,20,20,20,20,41,37,1,1,1,22,3,70,66,41,41,41,7,28,12,0],"gold":345,"neow_bonus":"ONE_RANDOM_RARE_CARD","is_prod":false,"is_daily":false,"chose_seed":false,"campfire_upgraded":0,"win_rate":0,"timestamp":1547251091,"path_taken":["M","M","?","?","$","E","?","R","T","R","M","E","$","?","R","BOSS","M","M","$","?","M","R","M","M"],"build_version":"2019-01-10","purchased_purges":1,"victory":false,"max_hp_per_floor":[70,70,70,70,70,70,70,70,70,70,70,70,70,70,70,70,70,70,70,70,70,70,70,70,70],"card_choices":[{"not_picked":["Flying Knee","Dagger Throw","PiercingWail"],"picked":"SKIP","floor":1.0},{"not_picked":["Bane","Setup"],"picked":"Distraction","floor":2.0},{"not_picked":["Doppelganger","Leg Sweep"],"picked":"Noxious Fumes","floor":3.0},{"not_picked":["Eviscerate","All Out Attack"],"picked":"Well Laid Plans","floor":6.0},{"not_picked":["Quick Slash","Sucker Punch"],"picked":"Predator","floor":11.0},{"not_picked":["Dodge and Roll","Sucker Punch"],"picked":"Burst","floor":12.0},{"not_picked":["Unload","Grand Finale"],"picked":"Bullet Time","floor":16.0},{"not_picked":["All Out Attack+1","Poisoned Stab","Dagger Throw+1"],"picked":"SKIP","floor":18.0},{"not_picked":["Leg Sweep","Slice"],"picked":"Blade Dance+1","floor":19.0},{"not_picked":["Dodge and Roll+1","Poisoned Stab+1","PiercingWail"],"picked":"SKIP","floor":22.0},{"not_picked":["Dagger Spray","Prepared"],"picked":"Acrobatics+1","floor":24.0}],"player_experience":208192,"relics_obtained":[{"floor":6.0,"key":"Mummified Hand"},{"floor":7.0,"key":"Matryoshka"},{"floor":8.0,"key":"Pantograph"},{"floor":9.0,"key":"Centennial Puzzle"},{"floor":9.0,"key":"Snake Skull"},{"floor":12.0,"key":"Boot"}],"event_choices":[{"damage_healed":0.0,"max_hp_gain":0.0,"max_hp_loss":0.0,"gold_gain":175.0,"event_name":"Liars Game","player_choice":"AGREE","floor":4.0,"gold_loss":0.0,"damage_taken":0.0,"cards_obtained":["Doubt"]},{"damage_healed":0.0,"max_hp_gain":0.0,"max_hp_loss":0.0,"gold_gain":0.0,"event_name":"Scrap Ooze","player_choice":"Fled","floor":14.0,"gold_loss":0.0,"damage_taken":0.0},{"damage_healed":0.0,"max_hp_gain":0.0,"max_hp_loss":0.0,"gold_gain":250.0,"event_name":"The Joust","player_choice":"Bet on Owner","floor":21.0,"gold_loss":50.0,"damage_taken":0.0}],"is_beta":false,"boss_relics":[{"not_picked":["HoveringKite","Eternal Feather"],"picked":"Empty Cage"}],"items_purged_floors":[20],"is_endless":false,"potions_floor_spawned":[12,16,19,24],"killed_by":"Shelled Parasite and Fungi","ascension_level":3}