{"gold_per_floor":[119,129,204,218,207,207,225,225,249,249,30,30],"floor_reached":12,"playtime":317,"items_purged":["Doubt"],"score":81,"play_id":"6108ff92-c1f2-4d42-bf39-5739b636a425","local_time":"20181009005025","is_ascension_mode":true,"campfire_choices":[{"floor":6.0,"key":"REST"},{"data":"Creative AI","floor":8.0,"key":"SMITH"},{"data":"Genetic Algorithm","floor":10.0,"key":"SMITH"}],"neow_cost":"CURSE","seed_source_timestamp":39420645236218,"circlet_count":0,"master_deck":["Strike_B","Strike_B","Strike_B","Strike_B","Defend_B","Defend_B","Defend_B","Defend_B","Zap","Dualcast","Creative AI+1","Capacitor","Genetic Algorithm+1","Force Field","Compile Driver","Force Field","Storm","Rainbow"],"special_seed":0,"relics":["Cracked Core","Boot"],"potions_floor_usage":[],"damage_taken":[{"damage":7.0,"enemies":"2 Louse","floor":1.0,"turns":3.0},{"damage":19.0,"enemies":"Jaw Worm","floor":2.0,"turns":5.0},{"damage":9.0,"enemies":"Cultist","floor":4.0,"turns":5.0},{"damage":19.0,"enemies":"Exordium Thugs","floor":5.0,"turns":4.0},{"damage":0.0,"enemies":"Exordium Wildlife","floor":7.0,"turns":2.0},{"damage":39,"enemies":"Gremlin Nob","floor":12,"turns":4}],"seed_played":"8272993597792370637","potions_obtained":[{"floor":4.0,"key":"SteroidPotion"},{"floor":5.0,"key":"SteroidPotion"}],"is_trial":false,"path_per_floor":["M","M","?","M","M","R","M","R","T","R","$"],"character_chosen":"DEFECT","items_purchased":["Storm","Rainbow"],"campfire_rested":1,"item_purchase_floors":[11,11],"current_hp_per_floor":[68,49,38,29,10,32,32,32,32,32,32,0],"gold":30,"neow_bonus":"THREE_RARE_CARDS","is_prod":false,"is_daily":false,"chose_seed":false,"campfire_upgraded":2,"win_rate":0,"timestamp":1539060625,"path_taken":["M","M","?","M","M","R","M","R","T","R","$","E"],"build_version":"2018-10-04","purchased_purges":1,"victory":false,"max_hp_per_floor":[75,75,75,75,75,75,75,75,75,75,75,75],"card_choices":[{"not_picked":["Multi-Cast","Rainbow"],"picked":"Creative AI","floor":0.0},{"not_picked":["Sweeping Beam","Tempest"],"picked":"Capacitor","floor":1.0},{"not_picked":["Steam","Sweeping Beam"],"picked":"Genetic Algorithm","floor":2.0},{"not_picked":["Beam Cell","Steam"],"picked":"Force Field","floor":4.0},{"not_picked":["Aggregate","Steam"],"picked":"Compile Driver","floor":5.0},{"not_picked":["Streamline","Chill"],"picked":"Force Field","floor":7.0}],"player_experience":323488,"relics_obtained":[{"floor":9.0,"key":"Boot"}],"event_choices":[{"event_name":"World of Goop","player_choice":"Gather Gold","floor":3.0,"damage_taken":0.0}],"is_beta":true,"boss_relics":[],"items_purged_floors":[11],"is_endless":false,"potions_floor_spawned":[4,5],"killed_by":"Gremlin Nob","ascension_level":3}