{"gold_per_floor":[211,221,221,235,84,116,128,140,140,170,170,170,170,188,188,293,293,306,306,323,348,348,377,377],"floor_reached":24,"playtime":611,"items_purged":[],"score":216,"play_id":"31567638-b9e4-4b3e-98a9-85aa37eaac6f","local_time":"20190201164353","is_ascension_mode":false,"campfire_choices":[{"floor":11,"key":"REST"},{"data":"Armaments","floor":13,"key":"SMITH"},{"data":"Perfected Strike","floor":15,"key":"SMITH"}],"neow_cost":"NONE","seed_source_timestamp":275262377009897,"circlet_count":0,"master_deck":["Strike_R","Strike_R","Strike_R","Strike_R","Strike_R","Defend_R","Defend_R","Defend_R","Bash","Perfected Strike+1","Heavy Blade","Thunderclap","Armaments+1","Clothesline","Thunderclap","Shrug It Off","Twin Strike","Perfected Strike","Pommel Strike","Twin Strike","Shrug It Off"],"relics":["Burning Blood","Blood Vial","Darkstone Periapt","Blue Candle","Turnip","CultistMask","Orrery","Juzu Bracelet","Sundial"],"potions_floor_usage":[6,16,16,16,18,20,20,23,23],"damage_taken":[{"damage":0,"enemies":"Small Slimes","floor":1,"turns":3},{"damage":1,"enemies":"Cultist","floor":2,"turns":3},{"damage":13,"enemies":"Jaw Worm","floor":4,"turns":3},{"damage":26,"enemies":"Lagavulin","floor":6,"turns":4},{"damage":10,"enemies":"Looter","floor":7,"turns":3},{"damage":16,"enemies":"Red Slaver","floor":8,"turns":3},{"damage":16,"enemies":"2 Fungi Beasts","floor":14,"turns":3},{"damage":54,"enemies":"The Guardian","floor":16,"turns":13},{"damage":33,"enemies":"Shell Parasite","floor":18,"turns":8},{"damage":0,"enemies":"2 Thieves","floor":20,"turns":3},{"damage":52,"enemies":"Book of Stabbing","floor":23,"turns":6},{"damage":19,"enemies":"Centurion and Healer","floor":24,"turns":2}],"seed_played":"-7683532120687471491","potions_obtained":[{"floor":1,"key":"LiquidBronze"},{"floor":4,"key":"AttackPotion"},{"floor":14,"key":"EntropicBrew"},{"floor":16,"key":"Block Potion"},{"floor":18,"key":"AttackPotion"},{"floor":20,"key":"SneckoOil"}],"is_trial":false,"path_per_floor":["M","M","?","M","$","E","M","M","T","?","R","?","R","M","R","B",null,"M","?","M","T","?","E","M"],"character_chosen":"IRONCLAD","items_purchased":["Blood Vial"],"campfire_rested":1,"item_purchase_floors":[5],"current_hp_per_floor":[80,80,80,73,73,55,53,45,45,45,69,69,69,61,61,15,80,53,53,61,61,61,17,0],"gold":377,"neow_bonus":"HUNDRED_GOLD","is_prod":false,"is_daily":false,"chose_seed":false,"campfire_upgraded":2,"win_rate":0,"timestamp":1549064633,"path_taken":["M","M","?","M","$","E","?","M","T","?","R","?","R","?","R","BOSS","M","?","M","?","?","E","M"],"build_version":"2019-01-23","purchased_purges":0,"victory":false,"max_hp_per_floor":[80,80,80,80,80,80,80,80,80,80,80,80,80,80,80,80,80,80,80,80,80,80,80,80],"card_choices":[{"not_picked":["Second Wind","Flex"],"picked":"Perfected Strike","floor":1},{"not_picked":["Havoc","Blood for Blood","Searing Blow"],"picked":"SKIP","floor":2},{"not_picked":["Combust","Headbutt"],"picked":"Heavy Blade","floor":4},{"not_picked":["Rampage","Impervious"],"picked":"Thunderclap","floor":6},{"not_picked":["Flex","Fire Breathing"],"picked":"Armaments","floor":7},{"not_picked":["Metallicize","Clash"],"picked":"Clothesline","floor":8},{"not_picked":["Heavy Blade","Clothesline"],"picked":"Thunderclap","floor":14},{"not_picked":["Armaments","Seeing Red"],"picked":"Shrug It Off","floor":17},{"not_picked":["Havoc","Shrug It Off"],"picked":"Twin Strike","floor":17},{"not_picked":["Heavy Blade","Iron Wave"],"picked":"Perfected Strike","floor":17},{"not_picked":["Disarm","Shrug It Off"],"picked":"Pommel Strike","floor":17},{"not_picked":["Seeing Red+1","Brutality"],"picked":"Twin Strike","floor":18},{"not_picked":["Rupture","Uppercut","Blood for Blood"],"picked":"SKIP","floor":20},{"not_picked":["Evolve","Reckless Charge","Dual Wield"],"picked":"SKIP","floor":23}],"player_experience":1363482,"relics_obtained":[{"floor":6,"key":"Darkstone Periapt"},{"floor":9,"key":"Blue Candle"},{"floor":21,"key":"Juzu Bracelet"},{"floor":23,"key":"Sundial"}],"event_choices":[{"cards_removed":["Defend_R"],"damage_healed":0,"gold_gain":0,"player_choice":"Card Removal","damage_taken":0,"max_hp_gain":0,"max_hp_loss":0,"event_name":"Wheel of Change","floor":3,"gold_loss":0},{"damage_healed":0,"gold_gain":30,"player_choice":"Searched \u00272\u0027 times","damage_taken":0,"relics_obtained":["Turnip"],"max_hp_gain":0,"max_hp_loss":0,"event_name":"Dead Adventurer","floor":10,"gold_loss":0},{"damage_healed":0,"gold_gain":0,"player_choice":"Trade","damage_taken":0,"relics_obtained":["CultistMask"],"max_hp_gain":0,"max_hp_loss":0,"event_name":"FaceTrader","floor":12,"gold_loss":0},{"damage_healed":0,"gold_gain":0,"player_choice":"Ignored","damage_taken":0,"max_hp_gain":0,"max_hp_loss":0,"event_name":"Vampires","floor":19,"gold_loss":0},{"damage_healed":0,"gold_gain":0,"player_choice":"Read","damage_taken":0,"max_hp_gain":0,"max_hp_loss":0,"event_name":"The Library","floor":22,"gold_loss":0,"cards_obtained":["Shrug It Off"]}],"is_beta":false,"boss_relics":[{"not_picked":["Pandora\u0027s Box","Lizard Tail"],"picked":"Orrery"}],"items_purged_floors":[],"is_endless":false,"potions_floor_spawned":[1,4,14,16,18,20],"killed_by":"Centurion and Healer","ascension_level":0}