{"gold_per_floor":[119,194,194,207,221,252,252,278,278,278,292,320,285,95,95,195,195,211,222,236,236,61,93,93,124,175,175,175,175,186,186],"floor_reached":31,"playtime":758,"items_purged":[],"score":398,"play_id":"07f7f5d3-dc87-434e-9ee8-859bed8ac567","local_time":"20181115211135","is_ascension_mode":true,"campfire_choices":[{"floor":7,"key":"REST"},{"floor":10,"key":"REST"},{"data":"Discovery","floor":15,"key":"SMITH"},{"data":"Secret Weapon","floor":24,"key":"SMITH"},{"data":"Hologram","floor":29,"key":"SMITH"}],"neow_cost":"PERCENT_DAMAGE","seed_source_timestamp":44235234218648,"circlet_count":0,"master_deck":["Strike_B+1","Strike_B+1","Strike_B+1","Strike_B+1","Defend_B+1","Defend_B+1","Defend_B+1","Defend_B+1","Zap","Dualcast","Hyperbeam+1","Reinforced Body","Rebound","Beam Cell","Reprogram","Leap","Beam Cell+1","Steam","Discovery+1","Core Surge+1","Coolheaded","Coolheaded","Hologram+1","Secret Weapon+1","Conserve Battery","Auto Shields","Blizzard+1"],"relics":["Cracked Core","Letter Opener","Question Card","Molten Egg 2","Odd Mushroom","Busted Crown","Sundial","Blue Candle","Ancient Tea Set"],"potions_floor_usage":[6,16,16,16,16,16,25,25,31],"damage_taken":[{"damage":14,"enemies":"Small Slimes","floor":1,"turns":2},{"damage":0,"enemies":"2 Louse","floor":4,"turns":2},{"damage":0,"enemies":"Jaw Worm","floor":5,"turns":3},{"damage":10,"enemies":"3 Sentries","floor":6,"turns":2},{"damage":20,"enemies":"Lagavulin","floor":8,"turns":4},{"damage":7,"enemies":"3 Louse","floor":11,"turns":3},{"damage":8,"enemies":"The Mushroom Lair","floor":12,"turns":3},{"damage":30,"enemies":"The Guardian","floor":16,"turns":10},{"damage":0,"enemies":"2 Thieves","floor":18,"turns":1},{"damage":0,"enemies":"Spheric Guardian","floor":19,"turns":2},{"damage":6,"enemies":"Shelled Parasite and Fungi","floor":20,"turns":4},{"damage":0,"enemies":"Gremlin Leader","floor":23,"turns":3},{"damage":28,"enemies":"Book of Stabbing","floor":25,"turns":6},{"damage":15,"enemies":"Chosen and Byrds","floor":30,"turns":4},{"damage":10,"enemies":"Centurion and Healer","floor":31,"turns":1}],"seed_played":"8865927879934135855","potions_obtained":[{"floor":1,"key":"SpeedPotion"},{"floor":4,"key":"GamblersBrew"},{"floor":11,"key":"SkillPotion"},{"floor":18,"key":"Weak Potion"},{"floor":20,"key":"SkillPotion"}],"is_trial":false,"path_per_floor":["M","?","?","M","M","E","R","E","T","R","M","?","?","$","R","B",null,"M","M","M","?","$","E","R","E","T","?","?","R","M","M"],"character_chosen":"DEFECT","items_purchased":["Discovery","EntropicBrew","Secret Weapon"],"campfire_rested":2,"item_purchase_floors":[14,14,22],"current_hp_per_floor":[36,25,25,25,25,15,37,17,17,39,32,24,42,42,42,12,59,59,59,53,53,53,53,53,25,25,25,25,25,10,0],"gold":186,"neow_bonus":"THREE_RARE_CARDS","is_prod":false,"is_daily":false,"chose_seed":false,"campfire_upgraded":3,"win_rate":0,"timestamp":1542334295,"path_taken":["M","?","?","M","M","E","R","E","T","R","M","?","?","$","R","BOSS","M","M","M","?","$","E","R","E","T","?","?","R","M","?"],"build_version":"2018-11-15","purchased_purges":0,"victory":false,"max_hp_per_floor":[75,75,75,75,75,75,75,75,75,75,75,75,75,75,75,75,75,75,75,75,75,75,75,75,75,75,75,75,75,75,75],"card_choices":[{"not_picked":["Biased Cognition","Thunder Strike"],"picked":"Hyperbeam","floor":0},{"not_picked":["Glacier","Sweeping Beam"],"picked":"Reinforced Body","floor":1},{"not_picked":["Tempest","Ball Lightning"],"picked":"Rebound","floor":4},{"not_picked":["Leap","Sweeping Beam"],"picked":"Beam Cell","floor":5},{"not_picked":["Barrage","Heatsinks"],"picked":"Reprogram","floor":6},{"not_picked":["Chill","Storm"],"picked":"Leap","floor":8},{"not_picked":["Streamline+1","Recycle","Force Field"],"picked":"Beam Cell+1","floor":11},{"not_picked":["Doom and Gloom+1","Stack","Defragment"],"picked":"Steam","floor":12},{"not_picked":["Amplify","All For One+1","Fission"],"picked":"Core Surge+1","floor":16},{"not_picked":["Compile Driver+1"],"picked":"Coolheaded","floor":18},{"not_picked":["Genetic Algorithm","Stack+1"],"picked":"SKIP","floor":19},{"not_picked":["Storm"],"picked":"Coolheaded","floor":20},{"not_picked":["Capacitor+1"],"picked":"Conserve Battery","floor":23},{"not_picked":["Redo"],"picked":"Auto Shields","floor":25},{"not_picked":["Machine Learning"],"picked":"Blizzard+1","floor":30}],"player_experience":458479,"relics_obtained":[{"floor":6,"key":"Letter Opener"},{"floor":8,"key":"Question Card"},{"floor":9,"key":"Molten Egg 2"},{"floor":12,"key":"Odd Mushroom"},{"floor":23,"key":"Sundial"},{"floor":25,"key":"Blue Candle"},{"floor":26,"key":"Ancient Tea Set"}],"event_choices":[{"damage_healed":0,"gold_gain":75,"player_choice":"Gather Gold","damage_taken":11,"max_hp_gain":0,"max_hp_loss":0,"event_name":"World of Goop","floor":2,"gold_loss":0},{"damage_healed":0,"gold_gain":0,"player_choice":"Grow","damage_taken":0,"max_hp_gain":0,"max_hp_loss":0,"event_name":"Living Wall","floor":3,"gold_loss":0,"cards_upgraded":["Hyperbeam"]},{"damage_healed":0,"gold_gain":0,"player_choice":"Fought Mushrooms","damage_taken":0,"max_hp_gain":0,"max_hp_loss":0,"event_name":"Mushrooms","floor":12,"gold_loss":0},{"damage_healed":18,"gold_gain":0,"player_choice":"Healed","damage_taken":0,"max_hp_gain":0,"max_hp_loss":0,"event_name":"The Cleric","floor":13,"gold_loss":35},{"damage_healed":0,"gold_gain":0,"player_choice":"Read","damage_taken":0,"max_hp_gain":0,"max_hp_loss":0,"event_name":"The Library","floor":21,"gold_loss":0,"cards_obtained":["Hologram"]},{"damage_healed":0,"gold_gain":0,"player_choice":"Simplicity","damage_taken":0,"max_hp_gain":0,"max_hp_loss":0,"event_name":"Back to Basics","floor":27,"gold_loss":0,"cards_upgraded":["Strike_B","Strike_B","Strike_B","Strike_B","Defend_B","Defend_B","Defend_B","Defend_B"]},{"damage_healed":0,"gold_gain":0,"player_choice":"Ignored","damage_taken":0,"max_hp_gain":0,"max_hp_loss":0,"event_name":"Ghosts","floor":28,"gold_loss":0}],"is_beta":true,"boss_relics":[{"not_picked":["Philosopher\u0027s Stone","Orrery"],"picked":"Busted Crown"}],"items_purged_floors":[],"is_endless":false,"potions_floor_spawned":[1,4,11,18,20,23],"killed_by":"Centurion and Healer","ascension_level":6}