{"gold_per_floor":[119,130,130,140,152,178,178,208,231,92,106,117,134,134],"floor_reached":14,"playtime":617,"items_purged":[],"score":114,"play_id":"207c99de-5298-49d3-88c3-e80daf795551","local_time":"20180823170115","is_ascension_mode":true,"campfire_choices":[{"floor":7,"key":"REST"}],"neow_cost":"NONE","seed_source_timestamp":574850817113734,"circlet_count":0,"master_deck":["Strike_B","Strike_B","Strike_B","Defend_B","Defend_B","Defend_B","Defend_B","Zap","Dualcast","Chaos","Leap","Amplify","Stack","Coolheaded","Redo","Loop","Ball Lightning","Melter","Stack","Capacitor","Cold Snap","Static Discharge"],"relics":["Cracked Core","Blood Vial","Darkstone Periapt","Oddly Smooth Stone","Omamori"],"potions_floor_usage":[8,13,14],"damage_taken":[{"damage":1,"enemies":"Cultist","floor":1,"turns":4},{"damage":3,"enemies":"2 Louse","floor":2,"turns":3},{"damage":5,"enemies":"Small Slimes","floor":4,"turns":4},{"damage":2,"enemies":"Red Slaver","floor":5,"turns":4},{"damage":27,"enemies":"Lagavulin","floor":6,"turns":12},{"damage":41,"enemies":"Gremlin Nob","floor":8,"turns":5},{"damage":1,"enemies":"3 Louse","floor":11,"turns":3},{"damage":26,"enemies":"2 Fungi Beasts","floor":12,"turns":4},{"damage":3,"enemies":"Looter","floor":13,"turns":3},{"damage":12,"enemies":"Lagavulin","floor":14,"turns":2}],"seed_played":"-7381047291387767194","potions_obtained":[{"floor":1,"key":"Explosive Potion"},{"floor":6,"key":"SpeedPotion"},{"floor":8,"key":"PowerPotion"},{"floor":12,"key":"Energy Potion"}],"is_trial":false,"path_per_floor":["M","M","?","M","M","E","R","E","T","$","M","M","M"],"character_chosen":"DEFECT","items_purchased":["Ball Lightning","Melter","Stack"],"campfire_rested":1,"item_purchase_floors":[10,10,10],"current_hp_per_floor":[74,72,72,69,69,44,66,27,27,27,28,4,3,0],"gold":134,"neow_bonus":"RANDOM_COMMON_RELIC","is_prod":false,"is_daily":false,"chose_seed":false,"campfire_upgraded":0,"win_rate":0,"timestamp":1535065275,"path_taken":["M","M","?","?","M","E","R","E","T","$","?","M","M","E"],"build_version":"2018-08-16","purchased_purges":0,"victory":false,"max_hp_per_floor":[75,75,75,75,75,75,75,75,75,75,75,75,75,75],"card_choices":[{"not_picked":["Leap","Streamline"],"picked":"Chaos","floor":1},{"not_picked":["FTL","Compile Driver"],"picked":"Leap","floor":2},{"not_picked":["Hello World","Hologram"],"picked":"Stack","floor":4},{"not_picked":["Force Field","Reinforced Body"],"picked":"Coolheaded","floor":5},{"not_picked":["Stack","Go for the Eyes"],"picked":"Redo","floor":6},{"not_picked":["Compile Driver","Doom and Gloom"],"picked":"Loop","floor":8},{"not_picked":["Auto Shields","Seek"],"picked":"Capacitor","floor":11},{"not_picked":["Streamline","Ball Lightning"],"picked":"Cold Snap","floor":12},{"not_picked":["Ball Lightning","Steam Power"],"picked":"Static Discharge","floor":13}],"player_experience":330236,"relics_obtained":[{"floor":6,"key":"Darkstone Periapt"},{"floor":8,"key":"Oddly Smooth Stone"},{"floor":9,"key":"Omamori"}],"event_choices":[{"event_name":"Transmorgrifier","player_choice":"Transform","floor":3,"damage_taken":0}],"is_beta":false,"boss_relics":[],"items_purged_floors":[],"is_endless":false,"potions_floor_spawned":[1,6,8,12],"killed_by":"Lagavulin","ascension_level":2}