{"gold_per_floor":[368,382,412,587,15,15,40,40,67,67,99,118,21,38,38,136,136,147,97,97,67,77,77,77,91,91,125,29,29,60,159,159,159],"floor_reached":33,"playtime":1288,"items_purged":["Doubt"],"score":430,"play_id":"fee74eec-65ff-4485-848a-ce655521bb82","local_time":"20181014160917","is_ascension_mode":true,"campfire_choices":[{"data":"Neutralize","floor":6,"key":"SMITH"},{"floor":8,"key":"REST"},{"data":"Sucker Punch","floor":10,"key":"SMITH"},{"data":"White Noise","floor":15,"key":"SMITH"},{"floor":23,"key":"REST"},{"floor":29,"key":"REST"},{"floor":32,"key":"REST"}],"neow_cost":"CURSE","seed_source_timestamp":79001937357831,"circlet_count":0,"master_deck":["Survivor","Neutralize+1","Accuracy","Sucker Punch+1","Conserve Battery","White Noise+1","Auto Shields","Exhume","Sucker Punch","Terror","Calculated Gamble","Poisoned Stab","Acrobatics","Dagger Throw","Sucker Punch","Quick Slash","Accuracy","Outmaneuver","Dodge and Roll","Conserve Battery","Heatsinks","Dodge and Roll+1","Deflect+1","Leg Sweep+1","Dodge and Roll+1"],"relics":["Ring of the Snake","Tiny Chest","PrismaticShard","Mummified Hand","Regal Pillow","Pen Nib","Whetstone","Pandora\u0027s Box","Pear","Toxic Egg 2","Art of War"],"potions_floor_usage":[7,7,11,13,18,18,27,27,27,27,30,30],"damage_taken":[{"damage":2,"enemies":"Cultist","floor":1,"turns":4},{"damage":1,"enemies":"Small Slimes","floor":2,"turns":5},{"damage":25,"enemies":"Lagavulin","floor":7,"turns":5},{"damage":19,"enemies":"Gremlin Nob","floor":11,"turns":5},{"damage":0,"enemies":"2 Louse","floor":12,"turns":4},{"damage":0,"enemies":"Blue Slaver","floor":14,"turns":4},{"damage":21,"enemies":"The Guardian","floor":16,"turns":15},{"damage":28,"enemies":"3 Byrds","floor":18,"turns":4},{"damage":22,"enemies":"2 Thieves","floor":22,"turns":4},{"damage":26,"enemies":"Snecko","floor":25,"turns":7},{"damage":20,"enemies":"Book of Stabbing","floor":27,"turns":7},{"damage":42,"enemies":"Slavers","floor":30,"turns":18},{"damage":69,"enemies":"Collector","floor":33,"turns":5}],"seed_played":"4636285527542672949","potions_obtained":[{"floor":1,"key":"Fire Potion"},{"floor":2,"key":"PowerPotion"},{"floor":11,"key":"Explosive Potion"},{"floor":16,"key":"Explosive Potion"},{"floor":18,"key":"FearPotion"},{"floor":21,"key":"EntropicBrew"},{"floor":21,"key":"Strength Potion"},{"floor":30,"key":"Block Potion"}],"is_trial":false,"path_per_floor":["M","M","?","?","$","R","E","R","T","R","E","M","$","M","R","B",null,"M","?","?","?","M","R","$","M","T","E","$","R","E","?","R"],"character_chosen":"THE_SILENT","items_purchased":["PrismaticShard","Mummified Hand","Poison Potion","Fruit Juice","Deflect+1","Leg Sweep+1"],"campfire_rested":4,"item_purchase_floors":[5,5,5,13,28,28],"current_hp_per_floor":[61,60,53,53,53,53,28,64,64,64,45,45,50,50,50,29,64,36,36,36,36,14,51,51,25,35,15,15,55,13,13,53,0],"gold":159,"neow_bonus":"TWO_FIFTY_GOLD","is_prod":false,"is_daily":false,"chose_seed":false,"campfire_upgraded":3,"win_rate":0,"timestamp":1539547757,"path_taken":["M","?","?","?","$","R","E","R","T","R","E","M","?","M","R","BOSS","M","?","?","?","?","R","?","M","T","E","$","R","E","?","R","BOSS"],"build_version":"2018-10-11","purchased_purges":1,"victory":false,"max_hp_per_floor":[70,70,70,70,70,70,70,70,70,70,70,70,75,75,75,75,75,75,75,75,75,75,75,75,75,85,85,85,85,85,85,85,85],"card_choices":[{"not_picked":["Dash","Endless Agony"],"picked":"Accuracy","floor":1},{"not_picked":["Outmaneuver","Slice"],"picked":"Sucker Punch","floor":2},{"not_picked":["Eviscerate","Outmaneuver"],"picked":"Conserve Battery","floor":7},{"not_picked":["Dagger Spray","Dagger Throw"],"picked":"White Noise","floor":11},{"not_picked":["Fusion","Conserve Battery"],"picked":"Auto Shields","floor":12},{"not_picked":["Warcry","Headbutt","True Grit"],"picked":"SKIP","floor":14},{"not_picked":["Secret Weapon","Feed"],"picked":"Exhume","floor":16},{"not_picked":["PiercingWail","Cleave"],"picked":"Dodge and Roll","floor":18},{"not_picked":["Steam","Thunderclap"],"picked":"Conserve Battery","floor":22},{"not_picked":["Immolate","Purity"],"picked":"Heatsinks","floor":25},{"not_picked":["Compile Driver+1","Compile Driver"],"picked":"Dodge and Roll","floor":27},{"not_picked":["Auto Shields+1","PanicButton+1"],"picked":"Dodge and Roll+1","floor":30}],"player_experience":334206,"relics_obtained":[{"floor":7,"key":"Regal Pillow"},{"floor":9,"key":"Pen Nib"},{"floor":11,"key":"Whetstone"},{"floor":26,"key":"Pear"},{"floor":27,"key":"Toxic Egg 2"},{"floor":30,"key":"Art of War"}],"event_choices":[{"event_name":"Scrap Ooze","player_choice":"success","floor":3,"damage_taken":7},{"event_name":"Liars Game","player_choice":"agreed","floor":4,"damage_taken":0},{"event_name":"The Joust","player_choice":"Bet on Owner","floor":19,"damage_taken":0},{"event_name":"Wheel of Change","player_choice":"Card Removal","floor":20,"damage_taken":0},{"event_name":"The Woman in Blue","player_choice":"Bought 2 Potions","floor":21,"damage_taken":0},{"event_name":"Nest","player_choice":"Stole From Cult","floor":31,"damage_taken":0}],"is_beta":true,"boss_relics":[{"not_picked":["Empty Cage","Busted Crown"],"picked":"Pandora\u0027s Box"}],"items_purged_floors":[5],"is_endless":false,"potions_floor_spawned":[1,2,11,16,18,25,30],"killed_by":"Collector","ascension_level":8}