{"gold_per_floor":[111,128,144,57,68,68,68,88,111,111,143,143,162,174,174,174],"floor_reached":16,"playtime":988,"items_purged":[],"score":104,"play_id":"cf9b5654-38e8-436a-b02b-537a9c885c52","local_time":"20180728171330","is_ascension_mode":false,"campfire_choices":[{"data":"Cleave","floor":6,"key":"SMITH"},{"data":"Thunderclap","floor":12,"key":"SMITH"},{"floor":15,"key":"REST"}],"neow_cost":"NONE","seed_source_timestamp":170056348731163,"circlet_count":0,"master_deck":["Strike_R","Strike_R","Strike_R","Strike_R","Defend_R","Defend_R","Defend_R","Bash","Seeing Red","Cleave+1","Shrug It Off","Warcry","Swift Strike","Intimidate","Headbutt","Thunderclap+1","Inflame","Bludgeon"],"relics":["Burning Blood","Boot","Bronze Scales","Juzu Bracelet"],"potions_floor_usage":[],"damage_taken":[{"damage":10,"enemies":"Jaw Worm","floor":1,"turns":4},{"damage":1,"enemies":"Cultist","floor":2,"turns":4},{"damage":6,"enemies":"2 Louse","floor":3,"turns":2},{"damage":4,"enemies":"Exordium Wildlife","floor":5,"turns":4},{"damage":0,"enemies":"3 Louse","floor":8,"turns":3},{"damage":19,"enemies":"3 Sentries","floor":11,"turns":5},{"damage":20,"enemies":"Gremlin Gang","floor":13,"turns":4},{"damage":21,"enemies":"Exordium Thugs","floor":14,"turns":5},{"damage":56,"enemies":"The Guardian","floor":16,"turns":8}],"seed_played":"-8148717319748297793","potions_obtained":[{"floor":3,"key":"SkillPotion"},{"floor":8,"key":"Weak Potion"},{"floor":13,"key":"Block Potion"}],"is_trial":false,"path_per_floor":["M","M","M","$","M","R","?","M","T","?","E","R","M","M","R"],"character_chosen":"IRONCLAD","items_purchased":["Swift Strike"],"campfire_rested":1,"item_purchase_floors":[4],"current_hp_per_floor":[76,80,80,80,80,80,80,80,80,73,60,60,46,31,55,0],"gold":174,"neow_bonus":"TRANSFORM_CARD","is_prod":false,"is_daily":false,"chose_seed":false,"campfire_upgraded":2,"win_rate":0.0,"timestamp":1532819610,"path_taken":["M","M","M","$","M","R","?","M","T","?","E","R","M","M","R","BOSS"],"build_version":"2018-07-26","purchased_purges":0,"victory":false,"max_hp_per_floor":[80,80,80,80,80,80,80,80,80,80,80,80,80,80,80,80],"card_choices":[{"not_picked":["Shockwave","Sword Boomerang"],"picked":"Cleave","floor":1},{"not_picked":["Corruption","True Grit"],"picked":"Shrug It Off","floor":2},{"not_picked":["Heavy Blade","Body Slam"],"picked":"Warcry","floor":3},{"not_picked":["Shrug It Off","Headbutt"],"picked":"Intimidate","floor":5},{"not_picked":["Fire Breathing","Feel No Pain"],"picked":"Thunderclap","floor":8},{"not_picked":["Feel No Pain","Seeing Red"],"picked":"Inflame","floor":11},{"not_picked":["Warcry","Iron Wave"],"picked":"Bludgeon","floor":13},{"not_picked":["Body Slam","Clash","Sword Boomerang"],"picked":"SKIP","floor":14}],"player_experience":37623,"relics_obtained":[{"floor":9,"key":"Boot"},{"floor":11,"key":"Juzu Bracelet"}],"event_choices":[{"event_name":"Transmorgrifier","player_choice":"Transform","floor":7,"damage_taken":0},{"event_name":"Scrap Ooze","player_choice":"success","floor":10,"damage_taken":7}],"is_beta":false,"boss_relics":[],"items_purged_floors":[],"is_endless":false,"potions_floor_spawned":[3,8,13],"killed_by":"The Guardian","ascension_level":0}