{"gold_per_floor":[109,62,22,33,45,45,61,90,90,11,46,107,107,107,107,210,210,210,210,38,38,38,38,38,38,38,38,38,38,38,38,38,38,38,38,38,38,38,38,38],"floor_reached":40,"playtime":11697,"items_purged":[],"score":663,"play_id":"e41d258c-315f-405c-9427-3c8f2d970c58","local_time":"20190325184625","is_ascension_mode":true,"campfire_choices":[{"data":"Consume","floor":6,"key":"SMITH"},{"data":"Capacitor","floor":13,"key":"SMITH"},{"floor":15,"key":"REST"},{"data":"Defragment","floor":23,"key":"SMITH"},{"data":"Chill","floor":25,"key":"SMITH"},{"data":"Loop","floor":32,"key":"SMITH"}],"neow_cost":"NONE","seed_source_timestamp":836154509420212,"circlet_count":0,"master_deck":["Strike_B","Strike_B","Strike_B","Strike_B","Defend_B","Defend_B","Defend_B","Defend_B","Zap+1","Dualcast","Melter","Compile Driver","Consume+1","Capacitor+1","Chill+1","Conserve Battery","Self Repair","Echo Form","Coolheaded","Leap","Coolheaded","Defragment+1","Doom and Gloom","Coolheaded","Loop+1","Loop","Creative AI","Bandage Up","Dark Shackles"],"relics":["Turnip","Mango","Pear","Centennial Puzzle","Ectoplasm","Nloth\u0027s Gift","Red Mask","Nuclear Battery"],"potions_floor_usage":[5,8,11,12,30,40],"damage_taken":[{"damage":2,"enemies":"Jaw Worm","floor":1,"turns":3},{"damage":0,"enemies":"Cultist","floor":4,"turns":3},{"damage":11,"enemies":"2 Louse","floor":5,"turns":3},{"damage":10,"enemies":"Large Slime","floor":7,"turns":5},{"damage":5,"enemies":"3 Sentries","floor":8,"turns":11},{"damage":39,"enemies":"Gremlin Nob","floor":11,"turns":5},{"damage":42,"enemies":"Gremlin Nob","floor":12,"turns":5},{"damage":23,"enemies":"Slime Boss","floor":16,"turns":11},{"damage":7,"enemies":"3 Byrds","floor":18,"turns":6},{"damage":6,"enemies":"Spheric Guardian","floor":19,"turns":5},{"damage":5,"enemies":"Chosen and Byrds","floor":22,"turns":8},{"damage":11,"enemies":"Centurion and Healer","floor":27,"turns":14},{"damage":69,"enemies":"Masked Bandits","floor":28,"turns":11},{"damage":10,"enemies":"Shelled Parasite and Fungi","floor":29,"turns":10},{"damage":2,"enemies":"Cultist and Chosen","floor":30,"turns":11},{"damage":10,"enemies":"Snake Plant","floor":31,"turns":9},{"damage":25,"enemies":"Collector","floor":33,"turns":9},{"damage":2,"enemies":"3 Shapes","floor":35,"turns":7},{"damage":3,"enemies":"Orb Walker","floor":37,"turns":8},{"damage":50,"enemies":"Writhing Mass","floor":39,"turns":9},{"damage":93,"enemies":"Reptomancer","floor":40,"turns":3}],"seed_played":"-6153528476225643848","potions_obtained":[{"floor":3,"key":"Fruit Juice"},{"floor":3,"key":"Fruit Juice"},{"floor":3,"key":"AttackPotion"},{"floor":5,"key":"FocusPotion"},{"floor":8,"key":"Regen Potion"},{"floor":11,"key":"Swift Potion"},{"floor":12,"key":"FairyPotion"},{"floor":30,"key":"GamblersBrew"},{"floor":31,"key":"LiquidBronze"}],"is_trial":false,"path_per_floor":["?","M","$","?","?","?","$","?","?","?"],"character_chosen":"DEFECT","items_purchased":["Compile Driver","Self Repair","Defragment","Doom and Gloom","Coolheaded"],"campfire_rested":1,"item_purchase_floors":[2,10,20,20,20],"current_hp_per_floor":[66,66,66,66,60,60,50,50,64,64,42,19,19,19,51,35,91,98,106,106,106,109,109,109,109,109,105,50,54,59,63,63,45,93,98,98,102,92,64,0],"gold":38,"neow_bonus":"THREE_CARDS","is_prod":false,"is_daily":false,"chose_seed":false,"campfire_upgraded":5,"win_rate":0,"timestamp":1553553985,"path_taken":["M","$","?","M","M","R","?","E","T","?","E","?","R","?","R","BOSS","M","M","$","?","M","R","?","R","T","M","?","M","M","M","R","BOSS","M","?","M","?","M","E"],"build_version":"2019-01-23","purchased_purges":0,"victory":false,"max_hp_per_floor":[75,75,75,75,80,80,80,85,99,99,109,109,109,109,109,109,109,109,109,109,109,109,109,109,109,109,109,109,109,109,109,109,109,109,109,109,109,109,109,109],"card_choices":[{"not_picked":["Hologram","Recycle"],"picked":"Melter","floor":1},{"not_picked":["Hologram","Turbo"],"picked":"Consume","floor":4},{"not_picked":["Reprogram","Steam"],"picked":"Capacitor","floor":5},{"not_picked":["BootSequence","Stack"],"picked":"Chill","floor":7},{"not_picked":["Double Energy","Beam Cell"],"picked":"Conserve Battery","floor":8},{"not_picked":["Barrage","Genetic Algorithm"],"picked":"Echo Form","floor":11},{"not_picked":["Chaos","Go for the Eyes"],"picked":"Coolheaded","floor":12},{"not_picked":["Reinforced Body","Sweeping Beam"],"picked":"Leap","floor":18},{"not_picked":["Skim","Streamline"],"picked":"Coolheaded","floor":19},{"not_picked":["Streamline","Redo","Go for the Eyes"],"picked":"SKIP","floor":22},{"not_picked":["Chill","Meteor Strike"],"picked":"Loop","floor":27},{"not_picked":["Gash","Beam Cell"],"picked":"Loop","floor":29},{"not_picked":["Hologram","Turbo","Rebound+1"],"picked":"SKIP","floor":30},{"not_picked":["Gash","Ball Lightning+1","Leap"],"picked":"SKIP","floor":31},{"not_picked":["Rainbow","All For One"],"picked":"Creative AI","floor":33},{"not_picked":["Barrage","Hyperbeam","Electrodynamics"],"picked":"SKIP","floor":35},{"not_picked":["Chill+1","Compile Driver","Rebound"],"picked":"SKIP","floor":37},{"not_picked":["Impatience","Jack Of All Trades"],"picked":"Bandage Up","floor":38},{"not_picked":["Forethought","Purity"],"picked":"Dark Shackles","floor":38},{"not_picked":["Stack","Streamline+1","Lockon+1"],"picked":"SKIP","floor":39}],"player_experience":1001581,"relics_obtained":[{"floor":8,"key":"Turnip"},{"floor":9,"key":"Mango"},{"floor":11,"key":"Pear"},{"floor":12,"key":"Centennial Puzzle"},{"floor":28,"key":"Red Mask"}],"event_choices":[{"damage_healed":0,"gold_gain":0,"player_choice":"Bought 3 Potions","damage_taken":0,"max_hp_gain":0,"max_hp_loss":0,"event_name":"The Woman in Blue","floor":3,"gold_loss":0},{"damage_healed":0,"gold_gain":30,"player_choice":"Searched \u00273\u0027 times","damage_taken":0,"max_hp_gain":0,"max_hp_loss":0,"event_name":"Dead Adventurer","floor":12,"gold_loss":0},{"damage_healed":0,"gold_gain":0,"player_choice":"Grow","damage_taken":0,"max_hp_gain":0,"max_hp_loss":0,"event_name":"Living Wall","floor":14,"gold_loss":0,"cards_upgraded":["Zap"]},{"damage_healed":0,"gold_gain":0,"player_choice":"Traded Relic","damage_taken":0,"relics_obtained":["Nloth\u0027s Gift"],"max_hp_gain":0,"max_hp_loss":0,"event_name":"N\u0027loth","floor":21,"relics_lost":["Cracked Core"],"gold_loss":0},{"damage_healed":0,"gold_gain":0,"player_choice":"Fought Bandits","damage_taken":0,"max_hp_gain":0,"max_hp_loss":0,"event_name":"Masked Bandits","floor":28,"gold_loss":0},{"damage_healed":0,"gold_gain":222,"player_choice":"Wore Mask","damage_taken":0,"max_hp_gain":0,"max_hp_loss":0,"event_name":"Tomb of Lord Red Mask","floor":36,"gold_loss":0},{"damage_healed":0,"gold_gain":0,"player_choice":"Memory 3","damage_taken":10,"max_hp_gain":0,"max_hp_loss":0,"event_name":"SensoryStone","floor":38,"gold_loss":0}],"is_beta":false,"boss_relics":[{"not_picked":["Busted Crown","Black Star"],"picked":"Ectoplasm"},{"not_picked":["Fusion Hammer","Cursed Key"],"picked":"Nuclear Battery"}],"items_purged_floors":[],"is_endless":false,"potions_floor_spawned":[5,8,11,12,18,27,29,30,31,35],"killed_by":"Reptomancer","ascension_level":9}