{"gold_per_floor":[361,361,379,128,143,143,177,190,190,190,210,250,0,0,0,0],"floor_reached":16,"playtime":921,"items_purged":["Defend_R"],"score":135,"play_id":"d934882e-c8b9-4382-9f57-9e7b9b33c2ad","local_time":"20190206163621","is_ascension_mode":false,"campfire_choices":[{"data":"Armaments","floor":6,"key":"SMITH"},{"floor":15,"key":"REST"}],"neow_cost":"PERCENT_DAMAGE","seed_source_timestamp":755159086842638,"circlet_count":0,"master_deck":["Strike_R","Strike_R","Strike_R","Strike_R","Strike_R","Defend_R","Defend_R","Defend_R","Bash","Shrug It Off","Shrug It Off","Metallicize","Armaments+1","Shrug It Off","True Grit","Shrug It Off","Finesse"],"relics":["Burning Blood","Golden Idol","Art of War","Red Skull","Pear","Membership Card"],"potions_floor_usage":[7,16],"damage_taken":[{"damage":0,"enemies":"2 Louse","floor":1,"turns":2},{"damage":6,"enemies":"Cultist","floor":3,"turns":4},{"damage":0,"enemies":"Small Slimes","floor":5,"turns":4},{"damage":34,"enemies":"Gremlin Nob","floor":7,"turns":6},{"damage":4,"enemies":"3 Louse","floor":8,"turns":4},{"damage":0,"enemies":"Red Slaver","floor":11,"turns":5},{"damage":32,"enemies":"Lagavulin","floor":12,"turns":9},{"damage":67,"enemies":"Hexaghost","floor":16,"turns":16}],"seed_played":"5334589297118046232","potions_obtained":[{"floor":5,"key":"Weak Potion"},{"floor":8,"key":"GamblersBrew"},{"floor":11,"key":"BloodPotion"},{"floor":14,"key":"SmokeBomb"},{"floor":14,"key":"Regen Potion"}],"is_trial":false,"path_per_floor":["?","?","?"],"character_chosen":"IRONCLAD","items_purchased":["Shrug It Off","Metallicize","Armaments","Membership Card","Finesse"],"campfire_rested":1,"item_purchase_floors":[4,4,4,13,13],"current_hp_per_floor":[62,42,42,42,48,48,20,22,22,48,54,38,38,38,65,0],"gold":0,"neow_bonus":"TWO_FIFTY_GOLD","is_prod":false,"is_daily":false,"chose_seed":false,"campfire_upgraded":1,"win_rate":0,"timestamp":1549488981,"path_taken":["M","?","M","$","M","R","E","M","T","?","M","E","$","?","R","BOSS"],"build_version":"2019-01-23","purchased_purges":1,"victory":false,"max_hp_per_floor":[80,80,80,80,80,80,80,80,80,80,80,90,90,90,90,90],"card_choices":[{"not_picked":["Pommel Strike","Clash"],"picked":"Shrug It Off","floor":1},{"not_picked":["Shockwave","Flex","Thunderclap"],"picked":"SKIP","floor":3},{"not_picked":["Whirlwind","Heavy Blade","Anger"],"picked":"SKIP","floor":5},{"not_picked":["Whirlwind","Second Wind","Berserk"],"picked":"SKIP","floor":7},{"not_picked":["Anger","Twin Strike"],"picked":"Shrug It Off","floor":8},{"not_picked":["Warcry","Inflame"],"picked":"True Grit","floor":11},{"not_picked":["Fire Breathing","Exhume"],"picked":"Shrug It Off","floor":12}],"player_experience":322697,"relics_obtained":[{"floor":7,"key":"Art of War"},{"floor":9,"key":"Red Skull"},{"floor":12,"key":"Pear"}],"event_choices":[{"damage_healed":0,"gold_gain":0,"player_choice":"Take Damage","damage_taken":20,"relics_obtained":["Golden Idol"],"max_hp_gain":0,"max_hp_loss":0,"event_name":"Golden Idol","floor":2,"gold_loss":0},{"damage_healed":26,"gold_gain":0,"player_choice":"Banana","damage_taken":0,"max_hp_gain":0,"max_hp_loss":0,"event_name":"Big Fish","floor":10,"gold_loss":0},{"damage_healed":0,"gold_gain":0,"player_choice":"Got Potions","damage_taken":0,"max_hp_gain":0,"max_hp_loss":0,"event_name":"Lab","floor":14,"gold_loss":0}],"is_beta":false,"boss_relics":[],"items_purged_floors":[4],"is_endless":false,"potions_floor_spawned":[5,8,11],"killed_by":"Hexaghost","ascension_level":0}