{"gold_per_floor":[116,116,34,57,132,166,97,131,156,156,174,194,212,252,252,348,348,372,356,113,127,151,184,184,184],"floor_reached":25,"playtime":1674,"items_purged":["Strike_G"],"score":483,"play_id":"7c746271-333a-415c-99ce-104d8bffa94c","local_time":"20190330184301","is_ascension_mode":true,"campfire_choices":[{"floor":10,"key":"REST"},{"data":"Footwork","floor":15,"key":"SMITH"}],"neow_cost":"NONE","seed_source_timestamp":1278019061162613,"circlet_count":0,"master_deck":["AscendersBane","Defend_G","Defend_G","Defend_G","Defend_G","Defend_G","Strike_G","Strike_G","Strike_G","Strike_G","Survivor","Neutralize","Flying Knee","Backstab","Footwork+1","Backflip","Well Laid Plans","Envenom","Dagger Throw","Crippling Poison","Footwork","Footwork","Malaise","Dagger Spray+1","Dash","Cloak And Dagger","Endless Agony","RitualDagger"],"relics":["Ring of the Snake","NeowsBlessing","Golden Idol","Bag of Marbles","Potion Belt","Smiling Mask","Blood Vial","Cursed Key","Bronze Scales","Omamori"],"potions_floor_usage":[14,19,23,23,25],"damage_taken":[{"damage":0,"enemies":"Jaw Worm","floor":1,"turns":1},{"damage":0,"enemies":"Small Slimes","floor":4,"turns":1},{"damage":0,"enemies":"Gremlin Nob","floor":6,"turns":1},{"damage":6,"enemies":"3 Sentries","floor":8,"turns":15},{"damage":0,"enemies":"2 Louse","floor":11,"turns":3},{"damage":9,"enemies":"Lots of Slimes","floor":12,"turns":5},{"damage":7,"enemies":"2 Fungi Beasts","floor":13,"turns":3},{"damage":27,"enemies":"Gremlin Nob","floor":14,"turns":5},{"damage":12,"enemies":"The Guardian","floor":16,"turns":15},{"damage":20,"enemies":"3 Byrds","floor":18,"turns":6},{"damage":12,"enemies":"2 Thieves","floor":19,"turns":4},{"damage":9,"enemies":"Snake Plant","floor":21,"turns":6},{"damage":20,"enemies":"3 Cultists","floor":22,"turns":6},{"damage":0,"enemies":"Gremlin Leader","floor":23,"turns":7},{"damage":14,"enemies":"Slavers","floor":25,"turns":2}],"seed_played":"-1894884631110619267","potions_obtained":[{"floor":4,"key":"SteroidPotion"},{"floor":8,"key":"Regen Potion"},{"floor":12,"key":"Regen Potion"},{"floor":16,"key":"PowerPotion"},{"floor":18,"key":"Dexterity Potion"},{"floor":22,"key":"SkillPotion"}],"is_trial":false,"path_per_floor":["?","?","?"],"character_chosen":"THE_SILENT","items_purchased":["Backstab","Well Laid Plans","Bronze Scales","Dash"],"campfire_rested":1,"item_purchase_floors":[3,7,20,20],"current_hp_per_floor":[63,46,46,46,35,35,35,29,29,50,50,41,34,21,21,11,55,37,41,41,34,16,18,12,0],"gold":184,"neow_bonus":"THREE_ENEMY_KILL","is_prod":false,"is_daily":false,"chose_seed":false,"campfire_upgraded":1,"win_rate":0,"timestamp":1553985781,"path_taken":["M","?","$","M","?","E","$","E","T","R","M","M","M","E","R","BOSS","M","M","$","M","M","E","?","E"],"build_version":"2019-01-23","purchased_purges":1,"victory":false,"max_hp_per_floor":[70,70,70,70,70,70,70,70,70,70,70,70,70,70,70,70,70,70,70,70,70,70,70,70,70],"card_choices":[{"not_picked":["Deadly Poison","Setup"],"picked":"Flying Knee","floor":1},{"not_picked":["Deflect","Dagger Spray"],"picked":"Footwork","floor":4},{"not_picked":["Blade Dance","Well Laid Plans"],"picked":"Backflip","floor":6},{"not_picked":["Sucker Punch","Expertise"],"picked":"Envenom","floor":8},{"not_picked":["Riddle With Holes","Flying Knee"],"picked":"Dagger Throw","floor":11},{"not_picked":["Flying Knee","Slice"],"picked":"Crippling Poison","floor":12},{"not_picked":["Slice","Prepared"],"picked":"Footwork","floor":13},{"not_picked":["Underhanded Strike","Dagger Spray"],"picked":"Footwork","floor":14},{"not_picked":["Doppelganger","Unload"],"picked":"Malaise","floor":16},{"not_picked":["Deflect","Flying Knee"],"picked":"Dagger Spray+1","floor":18},{"not_picked":["Poisoned Stab","Quick Slash+1","Prepared+1"],"picked":"SKIP","floor":19},{"not_picked":["Expertise","Escape Plan"],"picked":"Cloak And Dagger","floor":21},{"not_picked":["Poisoned Stab+1","Outmaneuver","Bane+1"],"picked":"SKIP","floor":22},{"not_picked":["All Out Attack","Eviscerate"],"picked":"Endless Agony","floor":23}],"player_experience":1300530,"relics_obtained":[{"floor":6,"key":"Bag of Marbles"},{"floor":8,"key":"Potion Belt"},{"floor":9,"key":"Smiling Mask"},{"floor":14,"key":"Blood Vial"},{"floor":23,"key":"Omamori"}],"event_choices":[{"damage_healed":0,"gold_gain":0,"player_choice":"Take Damage","damage_taken":17,"relics_obtained":["Golden Idol"],"max_hp_gain":0,"max_hp_loss":0,"event_name":"Golden Idol","floor":2,"gold_loss":0},{"damage_healed":0,"gold_gain":75,"player_choice":"Gather Gold","damage_taken":11,"max_hp_gain":0,"max_hp_loss":0,"event_name":"World of Goop","floor":5,"gold_loss":0},{"damage_healed":0,"gold_gain":0,"player_choice":"Joined the Cult","damage_taken":6,"max_hp_gain":0,"max_hp_loss":0,"event_name":"Nest","floor":24,"gold_loss":0,"cards_obtained":["RitualDagger"]}],"is_beta":false,"boss_relics":[{"not_picked":["White Beast Statue","Ring of the Serpent"],"picked":"Cursed Key"}],"items_purged_floors":[20],"is_endless":false,"potions_floor_spawned":[4,8,12,16,18,22],"killed_by":"Slavers","ascension_level":13}