{"gold_per_floor":[114,128,128,146,164,164,197,197,222,222,254,254,274,286,286,388,388,377,397,322,341,191,191,191,191],"floor_reached":25,"playtime":5974,"items_purged":["Strike_R","Strike_R"],"score":224,"play_id":"1522e669-1cfc-4e1c-973e-f42d8ed70ed4","local_time":"20190107040717","is_ascension_mode":true,"campfire_choices":[{"floor":6.0,"key":"RECALL"},{"data":"Seeing Red","floor":8.0,"key":"SMITH"},{"data":"True Grit","floor":10.0,"key":"SMITH"},{"floor":12.0,"key":"REST"},{"data":"Inflame","floor":15.0,"key":"SMITH"},{"floor":24,"key":"REST"}],"neow_cost":"NONE","seed_source_timestamp":833114576231513,"circlet_count":0,"master_deck":["Defend_R","Defend_R","Defend_R","Defend_R+1","Bash","Inflame+1","Armaments+1","Seeing Red+1","True Grit+1","Double Tap","Rampage+1","Rampage+1","Metallicize+1","Shrug It Off"],"special_seed":0,"relics":["Burning Blood","War Paint","Bag of Marbles","Empty Cage"],"potions_floor_usage":[16,16,21],"damage_taken":[{"damage":1.0,"enemies":"Jaw Worm","floor":1.0,"turns":5.0},{"damage":6.0,"enemies":"Cultist","floor":2.0,"turns":3.0},{"damage":5.0,"enemies":"2 Louse","floor":4.0,"turns":3.0},{"damage":1.0,"enemies":"Large Slime","floor":5.0,"turns":6.0},{"damage":38.0,"enemies":"3 Sentries","floor":7.0,"turns":11.0},{"damage":39.0,"enemies":"Lagavulin","floor":11.0,"turns":11.0},{"damage":7.0,"enemies":"Looter","floor":13.0,"turns":4.0},{"damage":1.0,"enemies":"Exordium Wildlife","floor":14.0,"turns":3.0},{"damage":45,"enemies":"The Guardian","floor":16,"turns":10},{"damage":23,"enemies":"2 Thieves","floor":18,"turns":4},{"damage":22,"enemies":"Spheric Guardian","floor":19,"turns":6},{"damage":31,"enemies":"Centurion and Healer","floor":21,"turns":6},{"damage":59,"enemies":"3 Cultists","floor":25,"turns":6}],"seed_played":"-9145931654709055559","potions_obtained":[{"floor":4.0,"key":"FearPotion"},{"floor":5.0,"key":"SpeedPotion"},{"floor":11.0,"key":"Strength Potion"},{"floor":13.0,"key":"Block Potion"},{"floor":19,"key":"Swift Potion"}],"is_trial":false,"path_per_floor":["M","M","?","M","M","R","E","R","T","R","E","R","M","M","R","B",null,"M","M","$","M","$","?","R","M"],"character_chosen":"IRONCLAD","items_purchased":["Shrug It Off"],"campfire_rested":2,"item_purchase_floors":[22],"current_hp_per_floor":[88,88,88,88,88,88,56,56,56,56,23,49,48,53,53,14,88,71,55,55,30,30,30,56,0],"gold":191,"neow_bonus":"TEN_PERCENT_HP_BONUS","is_prod":false,"is_daily":false,"chose_seed":false,"campfire_upgraded":3,"win_rate":0,"timestamp":1546855637,"path_taken":["M","M","?","M","M","R","E","R","T","R","E","R","M","M","R","BOSS","M","M","$","M","$","?","R","M"],"build_version":"2019-01-03v4","purchased_purges":2,"victory":false,"max_hp_per_floor":[88,88,88,88,88,88,88,88,88,88,88,88,88,88,88,88,88,88,88,88,88,88,88,88,88],"card_choices":[{"not_picked":["Clothesline","Flex"],"picked":"Inflame","floor":1.0},{"not_picked":["Flex","Iron Wave"],"picked":"Armaments","floor":2.0},{"not_picked":["Iron Wave","Barricade","Havoc"],"picked":"SKIP","floor":4.0},{"not_picked":["Combust","Anger"],"picked":"Seeing Red","floor":5.0},{"not_picked":["Clash","Intimidate"],"picked":"True Grit","floor":7.0},{"not_picked":["True Grit","Cleave","Double Tap"],"picked":"SKIP","floor":11.0},{"not_picked":["Clash","True Grit","Thunderclap"],"picked":"SKIP","floor":13.0},{"not_picked":["Perfected Strike","Armaments","Blood for Blood"],"picked":"SKIP","floor":14.0},{"not_picked":["Fiend Fire","Impervious"],"picked":"Double Tap","floor":16},{"not_picked":["Clash","Shrug It Off"],"picked":"Rampage+1","floor":18},{"not_picked":["Perfected Strike","Anger+1"],"picked":"Rampage+1","floor":19},{"not_picked":["Perfected Strike","Heavy Blade"],"picked":"Metallicize","floor":21}],"player_experience":133212,"relics_obtained":[{"floor":7.0,"key":"War Paint"},{"floor":11.0,"key":"Bag of Marbles"}],"event_choices":[{"cards_removed":["Strike_R"],"damage_healed":0.0,"max_hp_gain":0.0,"max_hp_loss":0.0,"gold_gain":0.0,"event_name":"Living Wall","player_choice":"Forget","floor":3.0,"gold_loss":0.0,"damage_taken":0.0},{"damage_healed":0,"gold_gain":0,"player_choice":"Upgraded","damage_taken":0,"max_hp_gain":0,"max_hp_loss":0,"event_name":"Upgrade Shrine","floor":23,"gold_loss":0,"cards_upgraded":["Metallicize"]}],"is_beta":false,"boss_relics":[{"not_picked":["Runic Dome","Busted Crown"],"picked":"Empty Cage"}],"items_purged_floors":[20,22],"is_endless":false,"potions_floor_spawned":[4,5,11,13,18,19,21],"killed_by":"3 Cultists","ascension_level":1}