{"gold_per_floor":[209,32,32,32,32,32,50,50,50,81,97,122,139,14,14,109,109,119,154,154,3,20,54,54,54,135,17,17,17,17,34,34,34],"floor_reached":33,"playtime":3242,"items_purged":["Strike_R","Strike_R"],"score":296,"play_id":"0db13025-0790-4fa6-824d-d51af73c45a4","local_time":"20190406151538","is_ascension_mode":true,"campfire_choices":[{"data":"Apotheosis","floor":6,"key":"SMITH"},{"floor":8,"key":"RECALL"},{"floor":15,"key":"REST"},{"floor":24,"key":"REST"},{"floor":29,"key":"REST"},{"floor":32,"key":"REST"}],"neow_cost":"NONE","seed_source_timestamp":616512713353200,"circlet_count":0,"master_deck":["Strike_R","Strike_R","Defend_R","Defend_R","Defend_R","Defend_R","Bash","Apotheosis+1","Body Slam","Shrug It Off+1","Havoc+1","Reaper","Warcry+1","Entrench+1","Body Slam+1"],"relics":["Black Blood","Bottled Lightning","Anchor","Toxic Egg 2","Red Mask","Molten Egg 2","Paper Frog"],"potions_floor_usage":[12,12,16,16,19,23,23],"damage_taken":[{"damage":9,"enemies":"Jaw Worm","floor":1,"turns":5},{"damage":0,"enemies":"Small Slimes","floor":7,"turns":3},{"damage":24,"enemies":"3 Sentries","floor":10,"turns":11},{"damage":0,"enemies":"2 Louse","floor":11,"turns":3},{"damage":6,"enemies":"Lagavulin","floor":12,"turns":6},{"damage":4,"enemies":"Exordium Wildlife","floor":13,"turns":4},{"damage":51,"enemies":"Hexaghost","floor":16,"turns":11},{"damage":1,"enemies":"Shell Parasite","floor":18,"turns":7},{"damage":59,"enemies":"Masked Bandits","floor":19,"turns":8},{"damage":13,"enemies":"3 Byrds","floor":22,"turns":8},{"damage":26,"enemies":"Slavers","floor":23,"turns":8},{"damage":37,"enemies":"Cultist and Chosen","floor":31,"turns":7},{"damage":93,"enemies":"Champ","floor":33,"turns":12}],"seed_played":"-7850633528709278322","potions_obtained":[{"floor":7,"key":"FearPotion"},{"floor":10,"key":"EssenceOfSteel"},{"floor":12,"key":"Ancient Potion"},{"floor":16,"key":"Swift Potion"},{"floor":19,"key":"SkillPotion"},{"floor":22,"key":"Explosive Potion"}],"is_trial":false,"path_per_floor":["M","$","?","?","?","R","M","R","T","E","M","E","M","$","R","B",null,"M","?","?","$","M","E","R","T","T","$","?","R","$","M","R","B"],"character_chosen":"IRONCLAD","items_purchased":["Apotheosis","Strength Potion","Havoc+1","Entrench+1","Body Slam+1"],"campfire_rested":4,"item_purchase_floors":[2,14,21,27,27],"current_hp_per_floor":[77,77,77,82,82,82,85,85,85,67,73,73,75,75,85,40,85,85,36,36,36,33,38,63,63,63,63,63,85,85,58,83,0],"gold":34,"neow_bonus":"HUNDRED_GOLD","is_prod":false,"is_daily":false,"chose_seed":false,"campfire_upgraded":1,"win_rate":0,"timestamp":1554578138,"path_taken":["M","$","?","?","?","R","M","R","T","E","M","E","?","$","R","BOSS","M","?","?","$","M","E","R","?","T","?","?","R","?","M","R","BOSS"],"build_version":"2019-01-23","purchased_purges":2,"victory":false,"max_hp_per_floor":[80,80,80,85,85,85,85,85,85,85,85,85,85,85,85,85,85,85,85,85,85,85,85,85,85,85,85,85,85,85,85,85,85],"card_choices":[{"not_picked":["Thunderclap","Blood for Blood","Heavy Blade"],"picked":"SKIP","floor":1},{"not_picked":["Feel No Pain","Thunderclap","Sword Boomerang"],"picked":"SKIP","floor":7},{"not_picked":["Heavy Blade","Havoc","Flex"],"picked":"SKIP","floor":10},{"not_picked":["Heavy Blade","Ghostly Armor"],"picked":"Body Slam","floor":11},{"not_picked":["Spot Weakness","Carnage"],"picked":"Shrug It Off","floor":12},{"not_picked":["Berserk","Wild Strike","Shockwave+1"],"picked":"SKIP","floor":13},{"not_picked":["Iron Wave","Havoc+1","Anger"],"picked":"SKIP","floor":18},{"not_picked":["Cleave","Clash"],"picked":"Reaper","floor":22},{"not_picked":["Twin Strike","Combust"],"picked":"Warcry+1","floor":23},{"not_picked":["Clash+1","Heavy Blade+1","Anger+1"],"picked":"SKIP","floor":31}],"player_experience":177643,"relics_obtained":[{"floor":9,"key":"Bottled Lightning"},{"floor":10,"key":"Anchor"},{"floor":12,"key":"Toxic Egg 2"},{"floor":19,"key":"Red Mask"},{"floor":23,"key":"Molten Egg 2"},{"floor":26,"key":"Paper Frog"}],"event_choices":[{"damage_healed":0,"gold_gain":0,"player_choice":"Leave","damage_taken":0,"max_hp_gain":0,"max_hp_loss":0,"event_name":"The Cleric","floor":3,"gold_loss":0},{"damage_healed":0,"gold_gain":0,"player_choice":"Donut","damage_taken":0,"max_hp_gain":5,"max_hp_loss":0,"event_name":"Big Fish","floor":4,"gold_loss":0},{"damage_healed":0,"gold_gain":0,"player_choice":"Ignored","damage_taken":0,"max_hp_gain":0,"max_hp_loss":0,"event_name":"Golden Idol","floor":5,"gold_loss":0},{"damage_healed":0,"gold_gain":0,"player_choice":"Fought Bandits","damage_taken":0,"max_hp_gain":0,"max_hp_loss":0,"event_name":"Masked Bandits","floor":19,"gold_loss":0},{"cards_removed":["Strike_R"],"damage_healed":0,"gold_gain":0,"player_choice":"Elegance","damage_taken":0,"max_hp_gain":0,"max_hp_loss":0,"event_name":"Back to Basics","floor":20,"gold_loss":0},{"damage_healed":0,"gold_gain":0,"player_choice":"Ignored","damage_taken":0,"max_hp_gain":0,"max_hp_loss":0,"event_name":"The Mausoleum","floor":28,"gold_loss":0}],"is_beta":false,"boss_relics":[{"not_picked":["Runic Dome","Busted Crown"],"picked":"Black Blood"}],"items_purged_floors":[14,21],"is_endless":false,"potions_floor_spawned":[7,10,12,16,19,22],"killed_by":"Champ","ascension_level":2}