{"gold_per_floor":[114,189,204,216,216,216,216,247,247,261,163,174,190,190,190,292,292,305,305,305,325,336,336],"floor_reached":23,"playtime":808,"items_purged":[],"score":304,"play_id":"ed8898a4-df6a-4cb6-80e3-78c449a4e82f","local_time":"20181020205116","is_ascension_mode":true,"campfire_choices":[{"data":"Redo","floor":6,"key":"SMITH"},{"floor":15,"key":"REST"}],"neow_cost":"NONE","seed_source_timestamp":875150229789251,"circlet_count":0,"master_deck":["Strike_B","Strike_B","Strike_B","Defend_B","Defend_B","Defend_B","Defend_B","Zap+1","Dualcast","Leap","Redo+1","Capacitor","Chaos","Cold Snap","Cold Snap","Panacea+1","Conserve Battery+1","Electrodynamics","Cold Snap+1","Self Repair"],"relics":["Cracked Core","Toxic Egg 2","Bag of Marbles","Singing Bowl","Nuclear Battery"],"potions_floor_usage":[12,16,22,23,23],"damage_taken":[{"damage":1,"enemies":"2 Louse","floor":1,"turns":3},{"damage":4,"enemies":"Jaw Worm","floor":3,"turns":4},{"damage":0,"enemies":"Cultist","floor":4,"turns":4},{"damage":40,"enemies":"Lagavulin","floor":8,"turns":7},{"damage":6,"enemies":"Blue Slaver","floor":10,"turns":4},{"damage":0,"enemies":"2 Fungi Beasts","floor":12,"turns":3},{"damage":11,"enemies":"Exordium Wildlife","floor":13,"turns":3},{"damage":0,"enemies":"The Guardian","floor":16,"turns":12},{"damage":5,"enemies":"Chosen","floor":18,"turns":5},{"damage":10,"enemies":"3 Byrds","floor":21,"turns":2},{"damage":33,"enemies":"Centurion and Healer","floor":22,"turns":5},{"damage":29,"enemies":"Book of Stabbing","floor":23,"turns":6}],"seed_played":"-8806048175201569569","potions_obtained":[{"floor":4,"key":"PowerPotion"},{"floor":10,"key":"PowerPotion"},{"floor":16,"key":"Dexterity Potion"},{"floor":18,"key":"Poison Potion"},{"floor":21,"key":"PowerPotion"}],"is_trial":false,"path_per_floor":["M","?","M","M","?","R","?","E","T","M","$","M","M","?","R","B",null,"M","?","?","M","M"],"character_chosen":"DEFECT","items_purchased":["Panacea+1"],"campfire_rested":1,"item_purchase_floors":[11],"current_hp_per_floor":[74,63,59,59,59,59,59,19,19,13,13,15,4,4,27,27,65,60,60,60,50,26,0],"gold":336,"neow_bonus":"THREE_CARDS","is_prod":false,"is_daily":false,"chose_seed":false,"campfire_upgraded":1,"win_rate":0,"timestamp":1540090276,"path_taken":["M","?","?","M","?","R","?","E","T","?","$","M","?","?","R","BOSS","M","?","?","?","M","E"],"build_version":"2018-10-18","purchased_purges":0,"victory":false,"max_hp_per_floor":[75,75,75,75,75,75,75,75,75,75,75,77,77,77,77,77,77,77,77,77,77,79,79],"card_choices":[{"not_picked":["Stack","Hologram"],"picked":"Leap","floor":0},{"not_picked":["Barrage","Static Discharge"],"picked":"Redo","floor":1},{"not_picked":["Stack","Steam"],"picked":"Capacitor","floor":3},{"not_picked":["Capacitor","Turbo"],"picked":"Chaos","floor":4},{"not_picked":["Hologram+1","Steam+1"],"picked":"Cold Snap","floor":8},{"not_picked":["Rebound","Heatsinks"],"picked":"Cold Snap","floor":10},{"not_picked":["Barrage","Hologram+1","Loop"],"picked":"Singing Bowl","floor":12},{"not_picked":["Barrage","Gash"],"picked":"Conserve Battery+1","floor":13},{"not_picked":["Fission+1","Rainbow+1"],"picked":"Electrodynamics","floor":16},{"not_picked":["Coolheaded+1","Turbo+1"],"picked":"Cold Snap+1","floor":18},{"not_picked":["Double Energy+1","Gash"],"picked":"Self Repair","floor":21},{"not_picked":["Conserve Battery+1","Gash+1","Reboot+1"],"picked":"Singing Bowl","floor":22}],"player_experience":745718,"relics_obtained":[{"floor":8,"key":"Bag of Marbles"},{"floor":9,"key":"Singing Bowl"}],"event_choices":[{"damage_healed":0,"gold_gain":75,"player_choice":"Gather Gold","damage_taken":11,"max_hp_gain":0,"max_hp_loss":0,"event_name":"World of Goop","floor":2,"gold_loss":0},{"damage_healed":0,"gold_gain":0,"player_choice":"Box","damage_taken":0,"relics_obtained":["Toxic Egg 2"],"max_hp_gain":0,"max_hp_loss":0,"event_name":"Big Fish","floor":5,"gold_loss":0,"cards_obtained":["Regret"]},{"cards_removed":["Regret"],"damage_healed":0,"gold_gain":0,"player_choice":"Forget","damage_taken":0,"max_hp_gain":0,"max_hp_loss":0,"event_name":"Living Wall","floor":7,"gold_loss":0},{"damage_healed":0,"gold_gain":0,"player_choice":"Ignored","damage_taken":0,"max_hp_gain":0,"max_hp_loss":0,"event_name":"Golden Wing","floor":14,"gold_loss":0},{"damage_healed":0,"gold_gain":0,"player_choice":"Forge","damage_taken":0,"max_hp_gain":0,"max_hp_loss":0,"event_name":"Accursed Blacksmith","floor":19,"gold_loss":0,"cards_upgraded":["Zap"]},{"cards_removed":["Strike_B"],"damage_healed":0,"gold_gain":0,"player_choice":"Offered Basic","damage_taken":0,"max_hp_gain":0,"max_hp_loss":0,"event_name":"Bonfire Elementals","floor":20,"gold_loss":0}],"is_beta":false,"boss_relics":[{"not_picked":["Calling Bell","Black Star"],"picked":"Nuclear Battery"}],"items_purged_floors":[],"is_endless":false,"potions_floor_spawned":[4,10,16,18,21],"killed_by":"Book of Stabbing","ascension_level":5}