{"gold_per_floor":[114,114,133,143,161,161,175,209,209,228,240,257,257,39,39,110,110,121,71,121,135,154,154,167,167,247,247,278,278,292,309,309,385,385,398,398,48,65,65,65,15,15,15,15,35,53,88,88,88,88],"floor_reached":51,"playtime":2561,"items_purged":["Strike_B","Strike_B","Zap","Creative AI"],"score":1267,"play_id":"bc85c9af-ba64-4e3f-89b6-ac6e0d59ccf9","local_time":"20190402204700","is_ascension_mode":true,"campfire_choices":[{"data":"Chaos","floor":6.0,"key":"SMITH"},{"data":"Buffer","floor":15.0,"key":"SMITH"},{"floor":23.0,"key":"REST"},{"data":"Loop","floor":25.0,"key":"SMITH"},{"floor":27.0,"key":"REST"},{"floor":29.0,"key":"REST"},{"data":"Echo Form","floor":32.0,"key":"SMITH"},{"data":"Defragment","floor":40,"key":"SMITH"},{"data":"Reinforced Body","floor":42,"key":"SMITH"},{"data":"Electrodynamics","floor":44,"key":"SMITH"},{"data":"Undo","floor":49,"key":"SMITH"}],"neow_cost":"NONE","seed_source_timestamp":318870815332100,"circlet_count":0,"master_deck":["AscendersBane","Dualcast","Compile Driver","Chaos+1","Streamline","Buffer+1","Electrodynamics+1","Defragment+1","Echo Form+1","Coolheaded","Loop+1","Seek+1","Core Surge","Undo+1","Self Repair","Reinforced Body+1","Glacier","BootSequence","Loop+1","Leap+1","Coolheaded+1"],"special_seed":0,"relics":["Cracked Core","Centennial Puzzle","Potion Belt","Smiling Mask","DataDisk","Calling Bell","Pen Nib","Cables","Nunchaku","Kunai","Art of War","Pandora\u0027s Box","Runic Capacitor","Darkstone Periapt"],"potions_floor_usage":[46,50,50,50],"damage_taken":[{"damage":7.0,"enemies":"Jaw Worm","floor":1.0,"turns":2.0},{"damage":0.0,"enemies":"2 Louse","floor":3.0,"turns":1.0},{"damage":0.0,"enemies":"Cultist","floor":4.0,"turns":3.0},{"damage":0.0,"enemies":"2 Fungi Beasts","floor":5.0,"turns":3.0},{"damage":6.0,"enemies":"Red Slaver","floor":7.0,"turns":2.0},{"damage":20.0,"enemies":"3 Sentries","floor":8.0,"turns":12.0},{"damage":1.0,"enemies":"Blue Slaver","floor":10.0,"turns":5.0},{"damage":0.0,"enemies":"Exordium Thugs","floor":11.0,"turns":5.0},{"damage":2.0,"enemies":"Gremlin Gang","floor":12.0,"turns":6.0},{"damage":2.0,"enemies":"The Guardian","floor":16.0,"turns":12.0},{"damage":16.0,"enemies":"2 Thieves","floor":18.0,"turns":4.0},{"damage":6.0,"enemies":"3 Byrds","floor":21.0,"turns":2.0},{"damage":17.0,"enemies":"Centurion and Healer","floor":22.0,"turns":5.0},{"damage":12.0,"enemies":"Shelled Parasite and Fungi","floor":24.0,"turns":5.0},{"damage":38.0,"enemies":"Gremlin Leader","floor":28.0,"turns":8.0},{"damage":6.0,"enemies":"Chosen and Byrds","floor":30.0,"turns":4.0},{"damage":0.0,"enemies":"Snecko","floor":31.0,"turns":5.0},{"damage":4.0,"enemies":"Collector","floor":33.0,"turns":12.0},{"damage":34.0,"enemies":"3 Darklings","floor":35.0,"turns":4.0},{"damage":0,"enemies":"Orb Walker","floor":38,"turns":5},{"damage":0,"enemies":"4 Shapes","floor":45,"turns":4},{"damage":7,"enemies":"Jaw Worm Horde","floor":46,"turns":4},{"damage":17,"enemies":"Nemesis","floor":47,"turns":9},{"damage":30,"enemies":"Awakened One","floor":50,"turns":13}],"seed_played":"-9198475707033443298","potions_obtained":[{"floor":3.0,"key":"SneckoOil"},{"floor":4.0,"key":"Dexterity Potion"},{"floor":5.0,"key":"Block Potion"},{"floor":16.0,"key":"Swift Potion"},{"floor":21.0,"key":"Swift Potion"},{"floor":22.0,"key":"Energy Potion"},{"floor":28.0,"key":"AttackPotion"},{"floor":30.0,"key":"Block Potion"},{"floor":31.0,"key":"Dexterity Potion"},{"floor":35.0,"key":"AttackPotion"},{"floor":46,"key":"Explosive Potion"}],"is_trial":false,"path_per_floor":["M","?","M","M","M","R","M","E","T","M","M","M","?","$","R","B",null,"M","$","?","M","M","R","M","R","T","R","E","R","M","M","R","B",null,"M","?","$","M","?","R","$","R","T","R","M","M","E","?","R","B",null],"character_chosen":"DEFECT","items_purchased":["DataDisk","Runic Capacitor","BootSequence"],"campfire_rested":3,"item_purchase_floors":[14,37,37],"current_hp_per_floor":[57,36,36,36,36,36,30,10,10,9,9,7,24,24,24,22,59,43,43,36,30,13,34,22,22,22,43,5,26,20,20,20,16,57,30,30,30,37,37,37,37,37,37,37,37,44,34,56,56,40],"gold":88,"neow_bonus":"RANDOM_COMMON_RELIC","is_prod":false,"is_daily":false,"chose_seed":false,"campfire_upgraded":8,"win_rate":0,"timestamp":1554263220,"path_taken":["M","?","M","M","M","R","M","E","T","M","M","M","?","$","R","BOSS","M","$","?","M","?","R","M","R","T","R","E","R","M","M","R","BOSS","M","?","$","?","?","R","?","R","T","R","?","M","E","?","R","BOSS"],"build_version":"2019-01-23","purchased_purges":4,"victory":true,"max_hp_per_floor":[71,71,71,71,71,71,71,71,71,71,71,71,71,71,71,71,71,71,71,71,71,71,71,71,71,71,71,71,71,71,71,71,71,71,71,68,68,68,68,68,68,68,68,68,68,68,68,56,56,56],"card_choices":[{"not_picked":["Streamline","Stack","Rip and Tear"],"picked":"SKIP","floor":1.0},{"not_picked":["Steam","Static Discharge"],"picked":"Compile Driver","floor":3.0},{"not_picked":["Barrage","Steam"],"picked":"Chaos","floor":4.0},{"not_picked":["Scrape","Consume"],"picked":"Streamline","floor":5.0},{"not_picked":["Compile Driver","Gash","Hologram"],"picked":"SKIP","floor":7.0},{"not_picked":["Redo","Defragment"],"picked":"Buffer","floor":8.0},{"not_picked":["Compile Driver","Stack","Reprogram"],"picked":"SKIP","floor":10.0},{"not_picked":["Stack","Static Discharge","Beam Cell"],"picked":"SKIP","floor":11.0},{"not_picked":["FTL","Compile Driver","Sunder"],"picked":"SKIP","floor":12.0},{"not_picked":["Hyperbeam","Core Surge"],"picked":"Electrodynamics","floor":16.0},{"not_picked":["Sweeping Beam+1","Ball Lightning"],"picked":"Defragment","floor":18.0},{"not_picked":["Sweeping Beam","Barrage"],"picked":"Echo Form","floor":21.0},{"not_picked":["Streamline+1","Ball Lightning"],"picked":"Coolheaded","floor":22.0},{"not_picked":["Barrage","Cold Snap"],"picked":"Loop","floor":24.0},{"not_picked":["Lockon","Fusion","Chaos"],"picked":"SKIP","floor":28.0},{"not_picked":["Stack","Go for the Eyes+1","Reinforced Body"],"picked":"SKIP","floor":30.0},{"not_picked":["Tempest","Blizzard","Rip and Tear"],"picked":"SKIP","floor":31.0},{"not_picked":["Multi-Cast","Meteor Strike"],"picked":"Seek","floor":33.0},{"not_picked":["Coolheaded","Doom and Gloom","Rebound"],"picked":"SKIP","floor":35.0},{"not_picked":["Rebound","Chaos"],"picked":"Loop+1","floor":38},{"not_picked":["Stack","Redo","Double Energy"],"picked":"SKIP","floor":45},{"not_picked":["Undo+1","Tempest+1"],"picked":"Leap+1","floor":46},{"not_picked":["Rebound","Conserve Battery+1"],"picked":"Coolheaded+1","floor":47}],"player_experience":472900,"relics_obtained":[{"floor":8.0,"key":"Potion Belt"},{"floor":9.0,"key":"Smiling Mask"},{"floor":17.0,"key":"Pen Nib"},{"floor":17.0,"key":"Cables"},{"floor":17.0,"key":"Nunchaku"},{"floor":26.0,"key":"Kunai"},{"floor":28.0,"key":"Art of War"},{"floor":47,"key":"Darkstone Periapt"}],"event_choices":[{"damage_healed":0.0,"max_hp_gain":0.0,"max_hp_loss":0.0,"gold_gain":0.0,"event_name":"Shining Light","player_choice":"Entered Light","floor":2.0,"gold_loss":0.0,"damage_taken":21.0,"cards_upgraded":["Defend_B","Defend_B"]},{"damage_healed":17.0,"max_hp_gain":0.0,"max_hp_loss":0.0,"gold_gain":0.0,"event_name":"Mushrooms","player_choice":"Healed and dodged fight","floor":13.0,"gold_loss":0.0,"damage_taken":0.0,"cards_obtained":["Parasite"]},{"damage_healed":0.0,"max_hp_gain":0.0,"max_hp_loss":0.0,"gold_gain":50.0,"event_name":"FaceTrader","player_choice":"Touch","floor":20.0,"gold_loss":0.0,"damage_taken":7.0},{"cards_removed":["Clumsy","Doubt","Decay","Parasite"],"damage_healed":0.0,"max_hp_gain":0.0,"max_hp_loss":0.0,"gold_gain":0.0,"event_name":"Fountain of Cleansing","player_choice":"Removed Curses","floor":36.0,"gold_loss":0.0,"damage_taken":0.0},{"damage_healed":0,"gold_gain":0,"player_choice":"Upgraded","damage_taken":0,"max_hp_gain":0,"max_hp_loss":0,"event_name":"Upgrade Shrine","floor":39,"gold_loss":0,"cards_upgraded":["Seek"]},{"damage_healed":56,"gold_gain":0,"player_choice":"Heal","damage_taken":0,"max_hp_gain":0,"max_hp_loss":12,"event_name":"The Moai Head","floor":48,"gold_loss":0}],"is_beta":false,"boss_relics":[{"not_picked":["Tiny House","Philosopher\u0027s Stone"],"picked":"Calling Bell"},{"not_picked":["Orrery","Runic Dome"],"picked":"Pandora\u0027s Box"}],"items_purged_floors":[14,19,37,41],"is_endless":false,"potions_floor_spawned":[3,4,5,16,21,22,28,30,31,35,46],"ascension_level":16}