{"gold_per_floor":[117,117,67,15,15,45,45,74,74,91,104,115,126,126,126,229,229,239,239,239,149,159,159,175,188,188,103,103,117,151,169,169,264,264,280,300,300,157,172,172,205,224,251,251,265,95,130,145,145,145,145,145,65,93,93],"floor_reached":55,"playtime":4394,"items_purged":["Deadly Poison"],"score":1130,"play_id":"586c5b01-4f5f-4194-92a0-0037918cee71","local_time":"20190319235707","is_ascension_mode":true,"campfire_choices":[{"data":"Neutralize","floor":7,"key":"SMITH"},{"floor":15,"key":"DIG"},{"floor":23,"key":"DIG"},{"floor":28,"key":"DIG"},{"floor":32,"key":"DIG"},{"floor":40,"key":"DIG"},{"floor":44,"key":"DIG"},{"floor":49,"key":"RECALL"},{"floor":52,"key":"DIG"}],"neow_cost":"NONE","seed_source_timestamp":343747263059993,"circlet_count":0,"master_deck":["Defend_G+1","Defend_G+1","Strike_G+1","Survivor+1","Neutralize+1","PiercingWail","Dodge and Roll+1","Blur+1","Deflect+1","PiercingWail+1","PiercingWail+1","Corpse Explosion+1","Skewer+1","Die Die Die+1","Concentrate+1","RitualDagger","Backflip+1","Leg Sweep+1","Cloak And Dagger+1","Blur+1","PiercingWail+1","Caltrops+1","After Image+1","PiercingWail+1","Footwork+1","Cloak And Dagger+1","PiercingWail+1","PiercingWail+1","Panache+1","Caltrops+1","Caltrops+1"],"relics":["Ring of the Snake","NeowsBlessing","Art of War","Shovel","Toxic Egg 2","Lantern","Astrolabe","Bronze Scales","Frozen Egg 2","Mercury Hourglass","Sundial","StoneCalendar","Regal Pillow","Fusion Hammer","Kunai","Blood Vial","Unceasing Top","Ice Cream","Ornamental Fan","War Paint"],"potions_floor_usage":[25,29,33,55,55],"damage_taken":[{"damage":0,"enemies":"Cultist","floor":1,"turns":1},{"damage":0,"enemies":"Gremlin Nob","floor":6,"turns":1},{"damage":0,"enemies":"Lagavulin","floor":8,"turns":1},{"damage":0,"enemies":"Small Slimes","floor":10,"turns":5},{"damage":0,"enemies":"2 Louse","floor":11,"turns":4},{"damage":1,"enemies":"Exordium Wildlife","floor":12,"turns":7},{"damage":0,"enemies":"3 Louse","floor":13,"turns":5},{"damage":9,"enemies":"The Guardian","floor":16,"turns":18},{"damage":0,"enemies":"2 Thieves","floor":18,"turns":4},{"damage":0,"enemies":"Chosen","floor":22,"turns":4},{"damage":0,"enemies":"Snake Plant","floor":24,"turns":4},{"damage":1,"enemies":"Sentry and Sphere","floor":25,"turns":7},{"damage":0,"enemies":"Snecko","floor":29,"turns":5},{"damage":0,"enemies":"Gremlin Leader","floor":30,"turns":7},{"damage":0,"enemies":"Snake Plant","floor":31,"turns":4},{"damage":48,"enemies":"Champ","floor":33,"turns":15},{"damage":0,"enemies":"Orb Walker","floor":35,"turns":5},{"damage":0,"enemies":"3 Darklings","floor":36,"turns":4},{"damage":0,"enemies":"Maw","floor":39,"turns":9},{"damage":17,"enemies":"Giant Head","floor":41,"turns":16},{"damage":0,"enemies":"Sphere and 2 Shapes","floor":42,"turns":3},{"damage":0,"enemies":"Transient","floor":45,"turns":5},{"damage":0,"enemies":"Reptomancer","floor":47,"turns":6},{"damage":0,"enemies":"Spire Growth","floor":48,"turns":5},{"damage":0,"enemies":"Donu and Deca","floor":50,"turns":7},{"damage":21,"enemies":"Shield and Spear","floor":54,"turns":6},{"damage":49,"enemies":"The Heart","floor":55,"turns":5}],"seed_played":"-3056113112995215368","potions_obtained":[{"floor":1,"key":"Ancient Potion"},{"floor":8,"key":"Swift Potion"},{"floor":12,"key":"Block Potion"},{"floor":29,"key":"AttackPotion"},{"floor":31,"key":"Swift Potion"},{"floor":41,"key":"LiquidBronze"},{"floor":45,"key":"Fire Potion"},{"floor":54,"key":"Fire Potion"}],"is_trial":false,"path_per_floor":["?","?","?","?","?","?","?","M","?","?"],"character_chosen":"THE_SILENT","items_purchased":["PiercingWail","Footwork+1","Panache+1","Caltrops+1"],"campfire_rested":0,"item_purchase_floors":[4,38,46,53],"current_hp_per_floor":[70,56,56,56,56,56,56,56,56,56,56,55,55,55,55,46,64,64,64,58,58,58,58,58,57,57,57,57,57,57,57,57,9,55,55,55,55,55,55,55,38,40,40,40,42,42,44,46,46,48,65,65,65,46,0],"gold":93,"neow_bonus":"THREE_ENEMY_KILL","is_prod":false,"is_daily":false,"chose_seed":false,"campfire_upgraded":1,"win_rate":0,"timestamp":1553054227,"path_taken":["M","?","?","$","?","E","R","E","T","M","M","M","M","?","R","BOSS","M","?","?","?","M","R","?","M","T","?","R","M","E","M","R","BOSS","M","M","?","$","M","R","E","M","T","R","M","$","E","M","R","BOSS","R","$","E","BOSS"],"build_version":"2019-01-23","purchased_purges":1,"victory":false,"max_hp_per_floor":[70,70,70,70,70,70,70,70,70,70,70,70,70,70,70,70,70,70,70,70,70,70,70,70,70,70,70,70,70,70,70,70,70,70,70,70,70,70,70,70,70,70,70,70,70,70,70,70,70,70,70,70,70,70,70],"card_choices":[{"not_picked":["Choke","Prepared"],"picked":"Deadly Poison","floor":1},{"not_picked":["Finisher","Choke"],"picked":"Dodge and Roll","floor":6},{"not_picked":["Prepared","Dagger Spray","Grand Finale"],"picked":"SKIP","floor":8},{"not_picked":["Deflect+1","Slice"],"picked":"Blur+1","floor":10},{"not_picked":["Flying Knee","Distraction+1"],"picked":"Deflect+1","floor":11},{"not_picked":["Backflip+1","Underhanded Strike"],"picked":"PiercingWail+1","floor":12},{"not_picked":["Quick Slash","Eviscerate"],"picked":"PiercingWail+1","floor":13},{"not_picked":["Wraith Form v2","Envenom"],"picked":"Corpse Explosion+1","floor":16},{"not_picked":["Choke","Deflect+1","Prepared+1"],"picked":"SKIP","floor":18},{"not_picked":["Predator","Flying Knee+1"],"picked":"Backflip+1","floor":22},{"not_picked":["Dagger Throw","Dagger Spray"],"picked":"Leg Sweep+1","floor":24},{"not_picked":["Terror+1","Outmaneuver+1"],"picked":"Cloak And Dagger+1","floor":25},{"not_picked":["Catalyst+1","Concentrate+1"],"picked":"Blur+1","floor":29},{"not_picked":["Prepared+1","Poisoned Stab+1"],"picked":"PiercingWail+1","floor":30},{"not_picked":["Prepared+1","Reflex+1"],"picked":"Caltrops+1","floor":31},{"not_picked":["Envenom+1","Bullet Time+1"],"picked":"After Image+1","floor":33},{"not_picked":["Bane+1","Poisoned Stab","Flying Knee"],"picked":"SKIP","floor":35},{"not_picked":["Bouncing Flask+1","Poisoned Stab"],"picked":"PiercingWail+1","floor":36},{"not_picked":["Quick Slash","Backstab","Sucker Punch+1"],"picked":"SKIP","floor":39},{"not_picked":["PiercingWail+1","All Out Attack+1"],"picked":"Cloak And Dagger+1","floor":41},{"not_picked":["Outmaneuver+1","Heel Hook+1"],"picked":"PiercingWail+1","floor":42},{"not_picked":["Dagger Spray","Bane+1"],"picked":"PiercingWail+1","floor":45},{"not_picked":["Corpse Explosion+1","Prepared+1","Distraction+1"],"picked":"SKIP","floor":47},{"not_picked":["Escape Plan+1","Acrobatics+1"],"picked":"Caltrops+1","floor":48},{"not_picked":["Dagger Spray+1","Leg Sweep+1","Bane"],"picked":"SKIP","floor":54}],"player_experience":816014,"relics_obtained":[{"floor":6,"key":"Art of War"},{"floor":8,"key":"Shovel"},{"floor":9,"key":"Toxic Egg 2"},{"floor":15,"key":"Lantern"},{"floor":23,"key":"Bronze Scales"},{"floor":26,"key":"Frozen Egg 2"},{"floor":28,"key":"Sundial"},{"floor":30,"key":"StoneCalendar"},{"floor":32,"key":"Regal Pillow"},{"floor":40,"key":"Kunai"},{"floor":41,"key":"Blood Vial"},{"floor":44,"key":"Unceasing Top"},{"floor":47,"key":"Ice Cream"},{"floor":52,"key":"Ornamental Fan"},{"floor":54,"key":"War Paint"}],"event_choices":[{"damage_healed":0,"gold_gain":0,"player_choice":"Entered Light","damage_taken":14,"max_hp_gain":0,"max_hp_loss":0,"event_name":"Shining Light","floor":2,"gold_loss":0,"cards_upgraded":["Survivor","Strike_G"]},{"cards_removed":["Strike_G"],"damage_healed":0,"gold_gain":0,"player_choice":"Card Removal","damage_taken":0,"max_hp_gain":0,"max_hp_loss":0,"event_name":"The Cleric","floor":3,"gold_loss":50},{"cards_removed":["Strike_G"],"damage_healed":0,"gold_gain":0,"player_choice":"Forget","damage_taken":0,"max_hp_gain":0,"max_hp_loss":0,"event_name":"Living Wall","floor":5,"gold_loss":0},{"damage_healed":0,"gold_gain":0,"player_choice":"Ignored","damage_taken":0,"max_hp_gain":0,"max_hp_loss":0,"event_name":"Liars Game","floor":14,"gold_loss":0},{"cards_removed":["Defend_G"],"damage_healed":0,"gold_gain":0,"player_choice":"Elegance","damage_taken":0,"max_hp_gain":0,"max_hp_loss":0,"event_name":"Back to Basics","floor":19,"gold_loss":0},{"damage_healed":0,"gold_gain":0,"player_choice":"Joined the Cult","damage_taken":6,"max_hp_gain":0,"max_hp_loss":0,"event_name":"Nest","floor":20,"gold_loss":0,"cards_obtained":["RitualDagger"]},{"cards_removed":["Defend_G"],"damage_healed":0,"gold_gain":0,"player_choice":"Upgrade and Remove","damage_taken":0,"max_hp_gain":0,"max_hp_loss":0,"event_name":"Designer","floor":21,"gold_loss":90,"cards_upgraded":["Dodge and Roll"]},{"damage_healed":0,"gold_gain":0,"player_choice":"Obtained Relic","damage_taken":0,"relics_obtained":["Mercury Hourglass"],"max_hp_gain":0,"max_hp_loss":0,"event_name":"Addict","floor":27,"gold_loss":85},{"damage_healed":0,"gold_gain":0,"player_choice":"0 cards matched","damage_taken":0,"max_hp_gain":0,"max_hp_loss":0,"event_name":"Match and Keep!","floor":37,"gold_loss":0,"cards_obtained":[]}],"is_beta":false,"boss_relics":[{"not_picked":["Cursed Key","Busted Crown"],"picked":"Astrolabe"},{"not_picked":["Velvet Choker","Snecko Eye"],"picked":"Fusion Hammer"}],"items_purged_floors":[38],"is_endless":false,"potions_floor_spawned":[1,8,12,13,24,29,31,41,45,48,54],"killed_by":"The Heart","ascension_level":5}