{"gold_per_floor":[116,116,134,134,134,134,178,198,278,316,332,350,379,77,77,198,198,218,218,236,236,256,291,291,291,591,615,615,635,649,649,649,770,770,786,786,809,809],"floor_reached":38,"playtime":1553,"items_purged":[],"score":589,"play_id":"347e65b3-5458-4622-bd9e-e53849913de7","local_time":"20181021130522","is_ascension_mode":true,"campfire_choices":[{"data":"Armaments","floor":15,"key":"SMITH"},{"floor":24,"key":"REST"},{"floor":28,"key":"REST"},{"floor":32,"key":"REST"}],"neow_cost":"NONE","seed_source_timestamp":932852625406483,"circlet_count":0,"master_deck":["Strike_R","Strike_R","Strike_R","Strike_R","Strike_R","Defend_R","Defend_R","Defend_R","Defend_R","Bash","Perfected Strike","Mind Blast+1","Clash","Shrug It Off","Injury","Armaments+1","True Grit","Wild Strike","Wild Strike","Twin Strike","Warcry","Inflame","Armaments","Immolate","Body Slam+1","Flex","Evolve+1","Perfected Strike","Sword Boomerang+1","Decay","Injury","Searing Blow+1","Body Slam+1","Feel No Pain+1"],"relics":["Burning Blood","NeowsBlessing","Matryoshka","Golden Idol","Omamori","Dodecahedron","Bottled Flame","Red Skull","Odd Mushroom","Toy Ornithopter","Busted Crown","Smiling Mask","MutagenicStrength","Frozen Egg 2","Enchiridion","Bottled Lightning","Old Coin","Calling Bell","Potion Belt","Gremlin Horn","Unceasing Top","Prayer Wheel"],"potions_floor_usage":[10,11,16,30,33,33,35],"damage_taken":[{"damage":0,"enemies":"Small Slimes","floor":1,"turns":1},{"damage":0,"enemies":"Cultist","floor":3,"turns":1},{"damage":0,"enemies":"3 Sentries","floor":7,"turns":2},{"damage":0,"enemies":"2 Louse","floor":8,"turns":2},{"damage":34,"enemies":"Gremlin Nob","floor":10,"turns":5},{"damage":2,"enemies":"Exordium Wildlife","floor":11,"turns":3},{"damage":0,"enemies":"3 Louse","floor":12,"turns":2},{"damage":12,"enemies":"The Mushroom Lair","floor":13,"turns":4},{"damage":35,"enemies":"The Guardian","floor":16,"turns":17},{"damage":12,"enemies":"3 Byrds","floor":18,"turns":5},{"damage":0,"enemies":"Chosen","floor":20,"turns":3},{"damage":28,"enemies":"Shelled Parasite and Fungi","floor":22,"turns":5},{"damage":37,"enemies":"Book of Stabbing","floor":23,"turns":4},{"damage":6,"enemies":"Sentry and Sphere","floor":27,"turns":3},{"damage":8,"enemies":"Centurion and Healer","floor":29,"turns":4},{"damage":12,"enemies":"3 Cultists","floor":30,"turns":4},{"damage":9,"enemies":"Colosseum Slavers","floor":31,"turns":2},{"damage":77,"enemies":"Collector","floor":33,"turns":9},{"damage":25,"enemies":"3 Shapes","floor":35,"turns":5},{"damage":0,"enemies":"Orb Walker","floor":37,"turns":2},{"damage":72,"enemies":"Sphere and 2 Shapes","floor":38,"turns":5}],"seed_played":"2250429185567017336","potions_obtained":[{"floor":3,"key":"Regen Potion"},{"floor":7,"key":"Energy Potion"},{"floor":12,"key":"Strength Potion"},{"floor":13,"key":"Energy Potion"},{"floor":20,"key":"GamblersBrew"},{"floor":29,"key":"EssenceOfSteel"},{"floor":30,"key":"Fruit Juice"},{"floor":33,"key":"Regen Potion"}],"is_trial":false,"path_per_floor":["M","?","M","T","?","?","E","M","T","E","M","M","?","$","R","B",null,"M","?","M","?","M","E","R","?","T","M","R","M","M","?","R","B",null,"M","T","M"],"character_chosen":"IRONCLAD","items_purchased":["Inflame","Toy Ornithopter","Armaments"],"campfire_rested":3,"item_purchase_floors":[14,14,14],"current_hp_per_floor":[80,80,80,80,80,80,80,80,80,61,65,71,65,65,65,41,70,64,64,70,70,48,17,41,25,25,25,49,47,46,43,68,7,66,66,66,72,0],"gold":809,"neow_bonus":"THREE_ENEMY_KILL","is_prod":false,"is_daily":false,"chose_seed":false,"campfire_upgraded":1,"win_rate":0,"timestamp":1540148722,"path_taken":["M","?","?","?","?","?","E","M","T","E","?","M","?","$","R","BOSS","M","?","M","?","M","E","R","?","T","M","R","M","?","?","R","BOSS","M","?","?","?"],"build_version":"2018-10-18","purchased_purges":0,"victory":false,"max_hp_per_floor":[80,80,80,80,80,80,80,80,80,80,80,80,80,80,80,80,80,80,80,80,80,80,80,80,80,80,80,80,80,85,85,85,85,85,85,85,85,85],"card_choices":[{"not_picked":["Havoc","Thunderclap"],"picked":"Perfected Strike","floor":1},{"not_picked":["Rage","Power Through"],"picked":"Shrug It Off","floor":3},{"not_picked":["Whirlwind","Thunderclap"],"picked":"Armaments","floor":7},{"not_picked":["Feel No Pain","Twin Strike"],"picked":"True Grit","floor":8},{"not_picked":["Juggernaut","True Grit"],"picked":"Wild Strike","floor":10},{"not_picked":["Corruption","Perfected Strike"],"picked":"Wild Strike","floor":11},{"not_picked":["Cleave","Iron Wave"],"picked":"Twin Strike","floor":12},{"not_picked":["Carnage","Whirlwind"],"picked":"Warcry","floor":13},{"not_picked":["Offering","Brutality"],"picked":"Immolate","floor":16},{"not_picked":["Hemokinesis+1"],"picked":"SKIP","floor":18},{"not_picked":[],"picked":"Body Slam+1","floor":20},{"not_picked":[],"picked":"Flex","floor":22},{"not_picked":[],"picked":"Evolve","floor":23},{"not_picked":[],"picked":"Perfected Strike","floor":27},{"not_picked":["Heavy Blade"],"picked":"SKIP","floor":29},{"not_picked":[],"picked":"Sword Boomerang+1","floor":30},{"not_picked":[],"picked":"Searing Blow+1","floor":35},{"not_picked":[],"picked":"Body Slam+1","floor":37},{"not_picked":[],"picked":"Feel No Pain+1","floor":37}],"player_experience":750065,"relics_obtained":[{"floor":4,"key":"Matryoshka"},{"floor":7,"key":"Omamori"},{"floor":9,"key":"Dodecahedron"},{"floor":9,"key":"Bottled Flame"},{"floor":10,"key":"Red Skull"},{"floor":13,"key":"Odd Mushroom"},{"floor":23,"key":"Frozen Egg 2"},{"floor":25,"key":"Enchiridion"},{"floor":26,"key":"Bottled Lightning"},{"floor":26,"key":"Old Coin"},{"floor":34,"key":"Potion Belt"},{"floor":34,"key":"Gremlin Horn"},{"floor":34,"key":"Unceasing Top"},{"floor":36,"key":"Prayer Wheel"}],"event_choices":[{"damage_healed":0,"gold_gain":0,"player_choice":"2 cards matched","damage_taken":0,"max_hp_gain":0,"max_hp_loss":0,"event_name":"Match and Keep!","floor":2,"gold_loss":0,"cards_obtained":["Mind Blast","Clash"]},{"damage_healed":0,"gold_gain":0,"player_choice":"Take Wound","damage_taken":0,"relics_obtained":["Golden Idol"],"max_hp_gain":0,"max_hp_loss":0,"event_name":"Golden Idol","floor":5,"gold_loss":0,"cards_obtained":["Injury"]},{"damage_healed":0,"gold_gain":0,"player_choice":"Upgraded","damage_taken":0,"max_hp_gain":0,"max_hp_loss":0,"event_name":"Upgrade Shrine","floor":6,"gold_loss":0,"cards_upgraded":["Mind Blast"]},{"damage_healed":0,"gold_gain":0,"player_choice":"Fought Mushrooms","damage_taken":0,"max_hp_gain":0,"max_hp_loss":0,"event_name":"Mushrooms","floor":13,"gold_loss":0},{"damage_healed":0,"gold_gain":0,"player_choice":"Opened","damage_taken":0,"relics_obtained":["Smiling Mask"],"max_hp_gain":0,"max_hp_loss":0,"event_name":"The Mausoleum","floor":19,"gold_loss":0,"cards_obtained":["Writhe"]},{"damage_healed":0,"gold_gain":0,"player_choice":"Inject Mutagens","damage_taken":0,"relics_obtained":["MutagenicStrength"],"max_hp_gain":0,"max_hp_loss":0,"event_name":"Drug Dealer","floor":21,"gold_loss":0},{"damage_healed":0,"gold_gain":0,"player_choice":"Obtained Book","damage_taken":16,"max_hp_gain":0,"max_hp_loss":0,"event_name":"Cursed Tome","floor":25,"gold_loss":0},{"damage_healed":0,"gold_gain":0,"player_choice":"Fight","damage_taken":0,"max_hp_gain":0,"max_hp_loss":0,"event_name":"Colosseum","floor":31,"gold_loss":0},{"damage_healed":0,"gold_gain":0,"player_choice":"Fled From Nobs","damage_taken":0,"max_hp_gain":0,"max_hp_loss":0,"event_name":"Colosseum","floor":31,"gold_loss":0}],"is_beta":false,"boss_relics":[{"not_picked":["Snecko Eye","Empty Cage"],"picked":"Busted Crown"},{"not_picked":["Runic Cube","Coffee Dripper"],"picked":"Calling Bell"}],"items_purged_floors":[],"is_endless":false,"potions_floor_spawned":[3,7,12,13,20,29,30,33],"killed_by":"Sphere and 2 Shapes","ascension_level":5}