{"gold_per_floor":[116,135,152,166,166,199,211,233,299,311,337,363,375,405,417,429],"floor_reached":16,"playtime":780,"items_purged":[],"score":175,"play_id":"0ae8207a-9367-4771-a946-8ffdeab84aa5","local_time":"20190331002248","is_ascension_mode":true,"campfire_choices":[{"data":"1","floor":7,"key":"LIFT"},{"data":"2","floor":13,"key":"LIFT"},{"floor":15,"key":"REST"}],"neow_cost":"NONE","seed_source_timestamp":1299300912468933,"circlet_count":0,"master_deck":["AscendersBane","Defend_G","Defend_G","Defend_G","Defend_G","Defend_G","Strike_G","Strike_G","Strike_G","Strike_G","Strike_G","Survivor","Neutralize","Dash","Quick Slash","Deadly Poison","Cloak And Dagger","Dagger Throw","Cloak And Dagger","Adrenaline","Poisoned Stab","Sucker Punch"],"relics":["Ring of the Snake","Girya","MawBank","Tiny Chest"],"potions_floor_usage":[11,16,16],"damage_taken":[{"damage":0,"enemies":"2 Louse","floor":1,"turns":4},{"damage":4,"enemies":"Small Slimes","floor":2,"turns":4},{"damage":0,"enemies":"Cultist","floor":3,"turns":4},{"damage":0,"enemies":"Large Slime","floor":4,"turns":8},{"damage":37,"enemies":"3 Sentries","floor":6,"turns":13},{"damage":1,"enemies":"Looter","floor":8,"turns":4},{"damage":5,"enemies":"2 Fungi Beasts","floor":11,"turns":4},{"damage":0,"enemies":"Blue Slaver","floor":12,"turns":2},{"damage":0,"enemies":"Exordium Wildlife","floor":14,"turns":3},{"damage":49,"enemies":"Slime Boss","floor":16,"turns":9}],"seed_played":"-6843603478837825811","potions_obtained":[{"floor":1,"key":"Energy Potion"},{"floor":3,"key":"Fruit Juice"},{"floor":10,"key":"Regen Potion"},{"floor":11,"key":"Swift Potion"}],"is_trial":false,"path_per_floor":["?","?","M"],"character_chosen":"THE_SILENT","items_purchased":[],"campfire_rested":1,"item_purchase_floors":[],"current_hp_per_floor":[70,66,66,66,48,11,11,10,10,10,17,17,17,17,40,0],"gold":429,"neow_bonus":"TEN_PERCENT_HP_BONUS","is_prod":false,"is_daily":false,"chose_seed":false,"campfire_upgraded":0,"win_rate":0,"timestamp":1554006168,"path_taken":["M","M","M","M","?","E","R","M","T","?","M","?","R","M","R","BOSS"],"build_version":"2019-01-23","purchased_purges":0,"victory":false,"max_hp_per_floor":[77,77,77,77,77,77,77,77,77,77,77,77,77,77,77,82],"card_choices":[{"not_picked":["All Out Attack","Well Laid Plans"],"picked":"Dash","floor":1},{"not_picked":["Expertise","Prepared"],"picked":"Quick Slash","floor":2},{"not_picked":["Setup","Calculated Gamble"],"picked":"Deadly Poison","floor":3},{"not_picked":["Deflect","Riddle With Holes"],"picked":"Cloak And Dagger","floor":4},{"not_picked":["Flying Knee","Underhanded Strike"],"picked":"Dagger Throw","floor":6},{"not_picked":["Dagger Throw","Dodge and Roll"],"picked":"Cloak And Dagger","floor":8},{"not_picked":["Escape Plan","Sucker Punch"],"picked":"Adrenaline","floor":11},{"not_picked":["Deadly Poison","Underhanded Strike"],"picked":"Poisoned Stab","floor":12},{"not_picked":["Heel Hook","Tools of the Trade"],"picked":"Sucker Punch","floor":14}],"player_experience":1313196,"relics_obtained":[{"floor":6,"key":"MawBank"},{"floor":9,"key":"Tiny Chest"}],"event_choices":[{"damage_healed":0,"gold_gain":0,"player_choice":"Success","damage_taken":18,"relics_obtained":["Girya"],"max_hp_gain":0,"max_hp_loss":0,"event_name":"Scrap Ooze","floor":5,"gold_loss":0},{"damage_healed":0,"gold_gain":0,"player_choice":"Got Potions","damage_taken":0,"max_hp_gain":0,"max_hp_loss":0,"event_name":"Lab","floor":10,"gold_loss":0}],"is_beta":false,"boss_relics":[],"items_purged_floors":[],"is_endless":false,"potions_floor_spawned":[1,3,6,11,12,14],"killed_by":"Slime Boss","ascension_level":13}