{"gold_per_floor":[119,136,16,16,36,36,49,49,75,89,118,18,38,97,97,202,202,217,68,68,68],"floor_reached":21,"playtime":1163,"items_purged":["Normality","Bash"],"score":208,"play_id":"f9e4be0c-7154-4424-b8a1-c7b43d58ce9f","local_time":"20190107151441","is_ascension_mode":true,"campfire_choices":[{"data":"Armaments","floor":6,"key":"SMITH"},{"data":"Rampage","floor":8,"key":"SMITH"},{"data":"True Grit","floor":15,"key":"SMITH"}],"neow_cost":"CURSE","seed_source_timestamp":513610550648347,"circlet_count":0,"master_deck":["Strike_R","Strike_R","Strike_R","Strike_R","Strike_R","Defend_R","Defend_R","Defend_R","Defend_R","Exhume","True Grit+1","Rampage+1","Armaments+1","Sentinel","Clothesline","Battle Trance","Demon Form+1","Burning Pact"],"relics":["Burning Blood","Regal Pillow","Centennial Puzzle","Tiny Chest","Mark of Pain","Omamori"],"potions_floor_usage":[18],"damage_taken":[{"damage":15,"enemies":"Cultist","floor":1,"turns":5},{"damage":8,"enemies":"2 Louse","floor":2,"turns":3},{"damage":2,"enemies":"Small Slimes","floor":5,"turns":4},{"damage":3,"enemies":"2 Fungi Beasts","floor":7,"turns":5},{"damage":4,"enemies":"Exordium Wildlife","floor":10,"turns":4},{"damage":30,"enemies":"Gremlin Nob","floor":11,"turns":5},{"damage":12,"enemies":"Large Slime","floor":13,"turns":6},{"damage":14,"enemies":"3 Sentries","floor":14,"turns":8},{"damage":26,"enemies":"The Guardian","floor":16,"turns":16},{"damage":19,"enemies":"Chosen","floor":18,"turns":6},{"damage":67,"enemies":"3 Byrds","floor":21,"turns":6}],"seed_played":"5260946735394174990","potions_obtained":[{"floor":5,"key":"SteroidPotion"},{"floor":7,"key":"Explosive Potion"},{"floor":11,"key":"BloodPotion"},{"floor":13,"key":"FearPotion"}],"is_trial":false,"path_per_floor":["M","M","$","?","M","R","M","R","T","M","E","$","M","E","R","B",null,"M","$","?","M"],"character_chosen":"IRONCLAD","items_purchased":["Armaments","Omamori"],"campfire_rested":0,"item_purchase_floors":[3,19],"current_hp_per_floor":[71,69,69,69,73,73,76,76,76,78,54,54,48,40,40,20,80,67,67,67,0],"gold":68,"neow_bonus":"THREE_RARE_CARDS","is_prod":false,"is_daily":false,"chose_seed":false,"campfire_upgraded":3,"win_rate":0,"timestamp":1546902881,"path_taken":["M","?","$","?","M","R","M","R","T","M","E","$","M","E","R","BOSS","M","$","?","M"],"build_version":"2019-01-03v4","purchased_purges":2,"victory":false,"max_hp_per_floor":[80,80,80,80,80,80,80,80,80,80,80,80,80,80,80,80,80,80,80,80,80],"card_choices":[{"not_picked":["Dark Embrace","Juggernaut"],"picked":"Exhume","floor":0},{"not_picked":["Body Slam","Blood for Blood"],"picked":"True Grit","floor":1},{"not_picked":["Bloodletting","Sword Boomerang"],"picked":"Rampage","floor":2},{"not_picked":["Heavy Blade","True Grit"],"picked":"Sentinel","floor":5},{"not_picked":["Sever Soul","Armaments","Iron Wave"],"picked":"SKIP","floor":7},{"not_picked":["Sword Boomerang","Iron Wave","Perfected Strike"],"picked":"SKIP","floor":10},{"not_picked":["Havoc","Flex"],"picked":"Clothesline","floor":11},{"not_picked":["Seeing Red","Flex"],"picked":"Battle Trance","floor":13},{"not_picked":["Immolate","Wild Strike","Armaments"],"picked":"SKIP","floor":14},{"not_picked":["Brutality","Bludgeon"],"picked":"Demon Form","floor":16},{"not_picked":["Armaments","Havoc"],"picked":"Burning Pact","floor":18}],"player_experience":159641,"relics_obtained":[{"floor":9,"key":"Regal Pillow"},{"floor":11,"key":"Centennial Puzzle"},{"floor":14,"key":"Tiny Chest"}],"event_choices":[{"damage_healed":0,"gold_gain":0,"player_choice":"Leave","damage_taken":0,"max_hp_gain":0,"max_hp_loss":0,"event_name":"The Cleric","floor":4,"gold_loss":0},{"damage_healed":0,"gold_gain":0,"player_choice":"Upgraded","damage_taken":0,"max_hp_gain":0,"max_hp_loss":0,"event_name":"Upgrade Shrine","floor":20,"gold_loss":0,"cards_upgraded":["Demon Form"]}],"is_beta":false,"boss_relics":[{"not_picked":["Snecko Eye","White Beast Statue"],"picked":"Mark of Pain"}],"items_purged_floors":[3,12],"is_endless":false,"potions_floor_spawned":[5,7,11,13],"killed_by":"3 Byrds","ascension_level":2}