{"gold_per_floor":[113,113,130,130,140,140,140,140,140,168,187,207,225,250,250,348,348,362,382,382,394,394,421,160,160,160,179,211,211,229,229,229,229],"floor_reached":33,"playtime":2001,"items_purged":["Defend_R"],"score":297,"play_id":"e826eed1-8348-4647-b1c1-13dd30a95771","local_time":"20190316132304","is_ascension_mode":false,"campfire_choices":[{"data":"Shrug It Off","floor":6,"key":"SMITH"},{"data":"Bash","floor":8,"key":"SMITH"},{"data":"Shrug It Off","floor":15,"key":"SMITH"},{"data":"J.A.X.","floor":25,"key":"SMITH"},{"data":"True Grit","floor":32,"key":"SMITH"}],"neow_cost":"NONE","seed_source_timestamp":48900338571415,"circlet_count":0,"master_deck":["Strike_R","Strike_R","Strike_R","Strike_R","Strike_R","Bash+1","Reaper","Clothesline","Rampage","Shrug It Off+1","Warcry","Shrug It Off+1","Double Tap","Shrug It Off","Cleave+1","J.A.X.+1","Headbutt","Combust","Cleave+1","Armaments","Immolate","True Grit+1"],"relics":["Burning Blood","CultistMask","Dodecahedron","Ancient Tea Set","Orichalcum","Velvet Choker","Happy Flower","Bag of Preparation","Centennial Puzzle","Prayer Wheel","Nilry\u0027s Codex"],"potions_floor_usage":[13,33,33],"damage_taken":[{"damage":8,"enemies":"Small Slimes","floor":1,"turns":3},{"damage":4,"enemies":"Cultist","floor":3,"turns":3},{"damage":3,"enemies":"Jaw Worm","floor":5,"turns":3},{"damage":20,"enemies":"Gremlin Nob","floor":10,"turns":5},{"damage":5,"enemies":"Large Slime","floor":11,"turns":5},{"damage":15,"enemies":"Exordium Thugs","floor":12,"turns":5},{"damage":0,"enemies":"2 Fungi Beasts","floor":13,"turns":4},{"damage":22,"enemies":"3 Sentries","floor":14,"turns":9},{"damage":51,"enemies":"Hexaghost","floor":16,"turns":12},{"damage":0,"enemies":"3 Byrds","floor":18,"turns":7},{"damage":8,"enemies":"Spheric Guardian","floor":19,"turns":5},{"damage":8,"enemies":"Centurion and Healer","floor":21,"turns":5},{"damage":34,"enemies":"Gremlin Leader","floor":23,"turns":6},{"damage":12,"enemies":"Snake Plant","floor":27,"turns":3},{"damage":31,"enemies":"Slavers","floor":28,"turns":3},{"damage":3,"enemies":"Sentry and Sphere","floor":30,"turns":3},{"damage":54,"enemies":"Champ","floor":33,"turns":7}],"seed_played":"-8622624900203516189","potions_obtained":[{"floor":1,"key":"AttackPotion"},{"floor":3,"key":"SmokeBomb"},{"floor":10,"key":"Ancient Potion"},{"floor":12,"key":"Block Potion"},{"floor":16,"key":"Swift Potion"}],"is_trial":false,"path_per_floor":["?","M","?","?","?","?","?","M","?"],"character_chosen":"IRONCLAD","items_purchased":["Bag of Preparation","Combust"],"campfire_rested":0,"item_purchase_floors":[24,24],"current_hp_per_floor":[80,80,80,80,80,80,80,80,80,66,75,73,79,67,67,26,80,80,78,78,80,80,52,52,52,52,53,58,58,61,45,45,0],"gold":229,"neow_bonus":"TRANSFORM_CARD","is_prod":false,"is_daily":false,"chose_seed":false,"campfire_upgraded":5,"win_rate":0,"timestamp":1552756984,"path_taken":["M","?","?","?","M","R","?","R","T","E","M","M","M","E","R","BOSS","M","M","?","M","?","E","$","R","T","M","E","?","?","?","R","BOSS"],"build_version":"2019-01-23","purchased_purges":1,"victory":false,"max_hp_per_floor":[80,80,80,80,80,80,80,80,80,80,80,80,80,80,80,80,80,80,80,80,80,80,80,80,80,80,80,80,80,80,80,80,80],"card_choices":[{"not_picked":["Reckless Charge","Thunderclap"],"picked":"Clothesline","floor":1},{"not_picked":["Iron Wave","Thunderclap"],"picked":"Rampage","floor":3},{"not_picked":["Rage","Shockwave"],"picked":"Shrug It Off","floor":5},{"not_picked":["Clothesline","Burning Pact"],"picked":"Warcry","floor":10},{"not_picked":["Feel No Pain","Flex","Inflame"],"picked":"SKIP","floor":11},{"not_picked":["Blood for Blood","Body Slam","Evolve"],"picked":"SKIP","floor":12},{"not_picked":["Havoc","Second Wind"],"picked":"Shrug It Off","floor":13},{"not_picked":["Twin Strike","Intimidate","Entrench"],"picked":"SKIP","floor":14},{"not_picked":["Barricade","Limit Break"],"picked":"Double Tap","floor":16},{"not_picked":["Pummel","Twin Strike"],"picked":"Shrug It Off","floor":18},{"not_picked":["Pommel Strike","Body Slam+1"],"picked":"Cleave+1","floor":19},{"not_picked":["Anger+1","Cleave"],"picked":"Headbutt","floor":21},{"not_picked":["Limit Break","Perfected Strike","Pommel Strike"],"picked":"SKIP","floor":23},{"not_picked":["Twin Strike+1","Perfected Strike"],"picked":"Cleave+1","floor":27},{"not_picked":["Thunderclap","Inflame+1"],"picked":"Armaments","floor":28},{"not_picked":["Feel No Pain","Second Wind+1"],"picked":"True Grit","floor":30},{"not_picked":["Iron Wave","Second Wind","Corruption+1"],"picked":"SKIP","floor":30}],"player_experience":679197,"relics_obtained":[{"floor":9,"key":"Dodecahedron"},{"floor":10,"key":"Ancient Tea Set"},{"floor":14,"key":"Orichalcum"},{"floor":23,"key":"Happy Flower"},{"floor":26,"key":"Centennial Puzzle"},{"floor":28,"key":"Prayer Wheel"},{"floor":31,"key":"Nilry\u0027s Codex"}],"event_choices":[{"damage_healed":0,"gold_gain":0,"player_choice":"Bought 0 Potions","damage_taken":0,"max_hp_gain":0,"max_hp_loss":0,"event_name":"The Woman in Blue","floor":2,"gold_loss":0},{"cards_removed":["Defend_R"],"damage_healed":0,"gold_gain":0,"player_choice":"Forget","damage_taken":0,"max_hp_gain":0,"max_hp_loss":0,"event_name":"Living Wall","floor":4,"gold_loss":0},{"damage_healed":0,"gold_gain":0,"player_choice":"Trade","damage_taken":0,"relics_obtained":["CultistMask"],"max_hp_gain":0,"max_hp_loss":0,"event_name":"FaceTrader","floor":7,"gold_loss":0},{"damage_healed":0,"gold_gain":0,"player_choice":"Obtain J.A.X.","damage_taken":0,"max_hp_gain":0,"max_hp_loss":0,"event_name":"Drug Dealer","floor":20,"gold_loss":0,"cards_obtained":["J.A.X."]},{"damage_healed":0,"gold_gain":0,"player_choice":"Ignored","damage_taken":0,"max_hp_gain":0,"max_hp_loss":0,"event_name":"Ghosts","floor":22,"gold_loss":0},{"damage_healed":0,"gold_gain":0,"cards_transformed":["Defend_R"],"player_choice":"Transformed","damage_taken":0,"max_hp_gain":0,"max_hp_loss":0,"event_name":"Transmorgrifier","floor":29,"gold_loss":0,"cards_obtained":["Immolate"]},{"damage_healed":0,"gold_gain":0,"player_choice":"Obtained Book","damage_taken":16,"max_hp_gain":0,"max_hp_loss":0,"event_name":"Cursed Tome","floor":31,"gold_loss":0}],"is_beta":false,"boss_relics":[{"not_picked":["Sozu","Runic Dome"],"picked":"Velvet Choker"}],"items_purged_floors":[24],"is_endless":false,"potions_floor_spawned":[1,3,10,12,16,19,21,27,28,30],"killed_by":"Champ","ascension_level":0}