{"gold_per_floor":[112,112,112,126,50,79,92,121,121,121,121,121,145,158,158,279,279,300,210,147,165,50,50,94,94,94,110,130,149,149,168,168,298,298,318,331,331],"floor_reached":37,"playtime":1932,"items_purged":[],"score":561,"play_id":"c314ed92-177c-4e15-82d0-0b98e9ecd6d5","local_time":"20190126222249","is_ascension_mode":true,"campfire_choices":[{"floor":10.0,"key":"REST"},{"floor":12.0,"key":"REST"},{"floor":15.0,"key":"REST"},{"data":"The Bomb","floor":23.0,"key":"SMITH"},{"data":"Mayhem","floor":25.0,"key":"SMITH"},{"floor":30.0,"key":"REST"},{"floor":32.0,"key":"REST"}],"neow_cost":"CURSE","seed_source_timestamp":1211163258252294,"circlet_count":0,"master_deck":["Survivor","Neutralize","Mayhem+1","The Bomb+1","PiercingWail","Glass Knife","Setup","Footwork","Backflip+1","Burst+1","PiercingWail+1","Footwork","PiercingWail+1","Cloak And Dagger+1","Acrobatics+1","Burst+1","Tools of the Trade","After Image","Unload","Caltrops","Night Terror+1","All Out Attack","Expertise+1","Accuracy","Malaise+1","Phantasmal Killer+1","Calculated Gamble+1"],"special_seed":0,"relics":["Ring of the Snake","Bag of Marbles","The Courier","Toxic Egg 2","Golden Idol","Sozu","Oddly Smooth Stone","Ninja Scroll","Pantograph","Pandora\u0027s Box"],"potions_floor_usage":[36],"damage_taken":[{"damage":0.0,"enemies":"Cultist","floor":1.0,"turns":4.0},{"damage":3.0,"enemies":"2 Louse","floor":4.0,"turns":4.0},{"damage":32.0,"enemies":"3 Sentries","floor":6.0,"turns":5.0},{"damage":2.0,"enemies":"Small Slimes","floor":7.0,"turns":5.0},{"damage":23.0,"enemies":"Lagavulin","floor":8.0,"turns":9.0},{"damage":29.0,"enemies":"Gremlin Gang","floor":13.0,"turns":5.0},{"damage":3.0,"enemies":"Large Slime","floor":14.0,"turns":5.0},{"damage":19.0,"enemies":"Hexaghost","floor":16.0,"turns":15.0},{"damage":14.0,"enemies":"2 Thieves","floor":18.0,"turns":3.0},{"damage":0.0,"enemies":"3 Byrds","floor":21.0,"turns":3.0},{"damage":8.0,"enemies":"Book of Stabbing","floor":24.0,"turns":4.0},{"damage":9.0,"enemies":"Snake Plant","floor":27.0,"turns":7.0},{"damage":0.0,"enemies":"Cultist and Chosen","floor":28.0,"turns":7.0},{"damage":11.0,"enemies":"Snecko","floor":29.0,"turns":8.0},{"damage":0.0,"enemies":"Snake Plant","floor":31.0,"turns":5.0},{"damage":40.0,"enemies":"Collector","floor":33.0,"turns":10.0},{"damage":0.0,"enemies":"3 Shapes","floor":35.0,"turns":9.0},{"damage":28,"enemies":"3 Darklings","floor":36,"turns":4}],"seed_played":"6947288206999996803","potions_obtained":[{"floor":6.0,"key":"LiquidBronze"},{"floor":8.0,"key":"Strength Potion"},{"floor":14.0,"key":"Swift Potion"},{"floor":16.0,"key":"Energy Potion"}],"is_trial":false,"path_per_floor":["M","?","?","M","$","E","M","E","T","R","?","R","M","M","R","B",null,"M","?","$","M","$","R","E","R","T","M","M","M","R","M","R","B",null,"M","M","M"],"character_chosen":"THE_SILENT","items_purchased":["Glass Knife","Footwork","Oddly Smooth Stone"],"campfire_rested":5,"item_purchase_floors":[5,20,22],"current_hp_per_floor":[63,68,68,65,65,33,31,8,8,30,12,34,5,2,24,5,58,44,44,44,44,44,44,36,36,36,27,27,16,38,38,60,35,65,65,37,0],"gold":331,"neow_bonus":"RANDOM_COLORLESS_2","is_prod":false,"is_daily":false,"chose_seed":false,"campfire_upgraded":2,"win_rate":0,"timestamp":1548570169,"path_taken":["M","?","?","?","$","E","M","E","T","R","?","R","M","M","R","BOSS","M","?","$","M","$","R","E","R","T","M","?","M","R","M","R","BOSS","M","M","M"],"build_version":"2019-01-23","purchased_purges":0,"victory":false,"max_hp_per_floor":[70,75,75,75,75,75,75,75,75,75,75,75,75,75,75,75,75,75,75,75,75,75,75,75,75,75,75,75,75,75,75,75,75,75,75,75,75],"card_choices":[{"not_picked":["Heel Hook","Dagger Spray","Flechettes"],"picked":"SKIP","floor":1.0},{"not_picked":["Heel Hook","Dagger Spray","Flechettes"],"picked":"SKIP","floor":1.0},{"not_picked":["Heel Hook","Dagger Spray","Flechettes"],"picked":"SKIP","floor":1.0},{"not_picked":["Slice","Blade Dance"],"picked":"PiercingWail","floor":4.0},{"not_picked":["Crippling Poison","Riddle With Holes"],"picked":"Setup","floor":6.0},{"not_picked":["Bane","Dagger Spray","Outmaneuver"],"picked":"SKIP","floor":7.0},{"not_picked":["Tactician","Bouncing Flask"],"picked":"Footwork","floor":8.0},{"not_picked":["Flechettes","Backstab"],"picked":"Backflip+1","floor":13.0},{"not_picked":["Bane","Acrobatics+1","Poisoned Stab"],"picked":"SKIP","floor":14.0},{"not_picked":["Phantasmal Killer+1","Venomology+1"],"picked":"Burst+1","floor":16.0},{"not_picked":["Cloak And Dagger+1","Choke"],"picked":"PiercingWail+1","floor":18.0},{"not_picked":["Deadly Poison+1","Quick Slash+1","Accuracy"],"picked":"SKIP","floor":21.0},{"not_picked":["Caltrops","Tools of the Trade"],"picked":"PiercingWail+1","floor":24.0},{"not_picked":["Dagger Spray","Eviscerate"],"picked":"Cloak And Dagger+1","floor":27.0},{"not_picked":["Dagger Spray","Slice","Outmaneuver+1"],"picked":"SKIP","floor":28.0},{"not_picked":["Deadly Poison+1","Catalyst+1"],"picked":"Acrobatics+1","floor":29.0},{"not_picked":["Sucker Punch","Deflect+1"],"picked":"Burst+1","floor":31.0},{"not_picked":["Unload","Envenom"],"picked":"Tools of the Trade","floor":33.0},{"not_picked":["Backstab+1","Dagger Spray+1","Outmaneuver+1"],"picked":"SKIP","floor":35.0},{"not_picked":["Quick Slash+1","Finisher+1","Dagger Spray"],"picked":"SKIP","floor":36}],"player_experience":315953,"relics_obtained":[{"floor":6.0,"key":"Bag of Marbles"},{"floor":8.0,"key":"The Courier"},{"floor":9.0,"key":"Toxic Egg 2"},{"floor":24.0,"key":"Ninja Scroll"},{"floor":26.0,"key":"Pantograph"}],"event_choices":[{"damage_healed":0.0,"max_hp_gain":5.0,"max_hp_loss":0.0,"gold_gain":0.0,"event_name":"Big Fish","player_choice":"Donut","floor":2.0,"gold_loss":0.0,"damage_taken":0.0},{"damage_healed":0.0,"max_hp_gain":0.0,"max_hp_loss":0.0,"gold_gain":0.0,"cards_transformed":["Normality"],"event_name":"Transmorgrifier","player_choice":"Transformed","floor":3.0,"gold_loss":0.0,"damage_taken":0.0,"cards_obtained":["Injury"]},{"damage_healed":0.0,"max_hp_gain":0.0,"max_hp_loss":0.0,"gold_gain":0.0,"event_name":"Golden Idol","player_choice":"Take Damage","floor":11.0,"gold_loss":0.0,"damage_taken":18.0,"relics_obtained":["Golden Idol"]},{"cards_removed":["Injury"],"damage_healed":0.0,"max_hp_gain":0.0,"max_hp_loss":0.0,"gold_gain":0.0,"event_name":"Designer","player_choice":"Upgrade and Remove","floor":19.0,"gold_loss":90.0,"damage_taken":0.0,"cards_upgraded":["Defend_G"]}],"is_beta":false,"boss_relics":[{"not_picked":["Tiny House","Runic Pyramid"],"picked":"Sozu"},{"not_picked":["HoveringKite","Lizard Tail"],"picked":"Pandora\u0027s Box"}],"items_purged_floors":[],"is_endless":false,"potions_floor_spawned":[6,8,14,16,27,28,31,33,36],"killed_by":"4 Shapes","ascension_level":8}