{"gold_per_floor":[119,134,209,70,70,97,17,17,85,147,147],"floor_reached":11,"playtime":262,"items_purged":[],"score":165,"play_id":"fb437d13-d017-4503-919a-ae0b8446f5ca","local_time":"20190407192652","is_ascension_mode":true,"campfire_choices":[{"data":"Loop","floor":8,"key":"SMITH"}],"neow_cost":"NONE","seed_source_timestamp":1973263524639773,"circlet_count":0,"master_deck":["AscendersBane","Strike_B","Strike_B","Strike_B","Defend_B","Defend_B","Defend_B","Defend_B","Zap","Dualcast","Ball Lightning","Creative AI","Compile Driver","Loop+1","Force Field"],"relics":["Cracked Core","NeowsBlessing","Happy Flower","Pantograph","Art of War"],"potions_floor_usage":[11],"damage_taken":[{"damage":0,"enemies":"Small Slimes","floor":1,"turns":1},{"damage":0,"enemies":"Cultist","floor":2,"turns":1},{"damage":0,"enemies":"Gremlin Nob","floor":6,"turns":1},{"damage":40,"enemies":"3 Sentries","floor":10,"turns":7},{"damage":10,"enemies":"3 Sentries","floor":11,"turns":2}],"seed_played":"5432730274558106997","potions_obtained":[{"floor":6,"key":"PowerPotion"},{"floor":10,"key":"Fire Potion"}],"is_trial":false,"path_per_floor":["?","?","?"],"character_chosen":"DEFECT","items_purchased":["Creative AI","Loop"],"campfire_rested":0,"item_purchase_floors":[4,7],"current_hp_per_floor":[64,64,53,53,46,46,46,46,46,6,0],"gold":147,"neow_bonus":"THREE_ENEMY_KILL","is_prod":false,"is_daily":false,"chose_seed":false,"campfire_upgraded":1,"win_rate":0,"timestamp":1554679612,"path_taken":["M","M","?","$","?","E","$","R","T","?","E"],"build_version":"2019-01-23","purchased_purges":0,"victory":false,"max_hp_per_floor":[71,71,71,71,71,71,71,71,71,71,71],"card_choices":[{"not_picked":["Sweeping Beam","Storm"],"picked":"Ball Lightning","floor":1},{"not_picked":["Redo","Reprogram","Stack"],"picked":"SKIP","floor":2},{"not_picked":["Force Field","Conserve Battery"],"picked":"Compile Driver","floor":6},{"not_picked":["Conserve Battery","Go for the Eyes"],"picked":"Force Field","floor":10}],"player_experience":1601319,"relics_obtained":[{"floor":6,"key":"Happy Flower"},{"floor":9,"key":"Pantograph"},{"floor":10,"key":"Art of War"}],"event_choices":[{"damage_healed":0,"gold_gain":75,"player_choice":"Gather Gold","damage_taken":11,"max_hp_gain":0,"max_hp_loss":0,"event_name":"World of Goop","floor":3,"gold_loss":0},{"cards_removed":["Strike_B"],"damage_healed":0,"gold_gain":0,"player_choice":"Card Removal","damage_taken":7,"max_hp_gain":0,"max_hp_loss":0,"event_name":"Golden Wing","floor":5,"gold_loss":0},{"damage_healed":0,"gold_gain":0,"player_choice":"Searched \u00271\u0027 times","damage_taken":0,"max_hp_gain":0,"max_hp_loss":0,"event_name":"Dead Adventurer","floor":10,"gold_loss":0}],"is_beta":false,"boss_relics":[],"items_purged_floors":[],"is_endless":false,"potions_floor_spawned":[6,10],"killed_by":"3 Sentries","ascension_level":15}