{"path_per_floor":["M","M","M","$","?","E","M","M","T","E","R","?","R","M","R"],"character_chosen":"IRONCLAD","items_purchased":["Reaper","Evolve"],"gold_per_floor":[214,227,245,31,31,67,80,98,98,129,129,129,129,145,145],"floor_reached":16,"campfire_rested":1,"playtime":780,"current_hp_per_floor":[80,72,65,65,65,44,44,41,41,32,32,32,32,38,60],"items_purged":[],"gold":145,"play_id":"57cbf105-3c0b-4a4c-8664-90581eefa435","is_prod":false,"is_daily":false,"campfire_rituals":0,"campfire_upgraded":0,"is_hardmode":false,"path_taken":["M","M","M","$","?","E","M","M","T","E","R","?","R","M","R","BOSS"],"build_version":"2018-01-11-PROD2","purchased_purges":0,"victory":false,"master_deck":["Strike_R","Strike_R","Strike_R","Strike_R","Strike_R","Defend_R","Defend_R","Defend_R","Defend_R","Bash","Heavy Blade","Seeing Red","Cleave","Reaper","Evolve","Pommel Strike","Infernal Blade","Bloodletting","Warcry","Bash","Infernal Blade"],"max_hp_per_floor":[80,80,80,80,74,74,74,74,74,74,74,74,74,74,74],"relics":["Burning Blood","Golden Idol","Gremlin Horn","Girya","Dodecahedron"],"campfire_meditates":0,"card_choices":[{"not_picked":["Battle Trance","Hemokinesis"],"picked":"Heavy Blade"},{"not_picked":["Clothesline","Anger"],"picked":"Seeing Red"},{"not_picked":["Flame Barrier","Feel No Pain"],"picked":"Cleave"},{"not_picked":["Clash","Sword Boomerang"],"picked":"Pommel Strike"},{"not_picked":["Cleave","Thunderclap"],"picked":"Infernal Blade"},{"not_picked":["Dual Wield","Berserk"],"picked":"Bloodletting"},{"not_picked":["Body Slam","True Grit"],"picked":"Warcry"},{"not_picked":["Cleave","Pommel Strike"],"picked":"Infernal Blade"}],"player_experience":28183,"potions_floor_usage":[6,10],"damage_taken":[{"damage":1,"enemies":"Cultist","floor":1,"turns":3},{"damage":14,"enemies":"Small Slimes","floor":2,"turns":4},{"damage":13,"enemies":"Blue Slaver","floor":3,"turns":5},{"damage":36,"enemies":"Lagavulin","floor":6,"turns":5},{"damage":10,"enemies":"Looter","floor":7,"turns":3},{"damage":13,"enemies":"Exordium Wildlife","floor":8,"turns":4},{"damage":21,"enemies":"Gremlin Nob","floor":10,"turns":4},{"damage":0,"enemies":"3 Louse","floor":14,"turns":1},{"damage":68,"enemies":"Hexaghost","floor":16,"turns":9}],"event_choices":[{"event_name":"Golden Idol","player_choice":"Lose Max HP","floor":5,"damage_taken":0},{"event_name":"Match and Keep!","player_choice":"1 cards matched","floor":12,"damage_taken":0}],"boss_relics":[],"potions_floor_spawned":[3,8,10],"seed_played":"2584567280943145797","killed_by":"Hexaghost","is_trial":false}