{"gold_per_floor":[110,57,70,145,145,155,173,186,211,211,224,242,207,227,227,227],"floor_reached":16,"playtime":572,"items_purged":[],"score":96,"play_id":"9ab2d0fc-55d8-4124-b4e9-f2afe96049fd","local_time":"20190218095541","is_ascension_mode":false,"campfire_choices":[{"floor":10,"key":"REST"},{"data":"Enlightenment","floor":15,"key":"SMITH"}],"neow_cost":"CURSE","seed_source_timestamp":230687178506954,"circlet_count":0,"master_deck":["Strike_R","Strike_R","Strike_R","Strike_R","Strike_R","Defend_R","Defend_R","Defend_R","Defend_R","Bash","Purity","Enlightenment+1","Shame","Flame Barrier","True Grit","Pommel Strike","Thunderclap","Shrug It Off","Offering","Twin Strike","Perfected Strike","Ghostly Armor"],"relics":["Burning Blood"],"potions_floor_usage":[16],"damage_taken":[{"damage":5,"enemies":"Small Slimes","floor":1,"turns":4},{"damage":7,"enemies":"2 Louse","floor":3,"turns":3},{"damage":0,"enemies":"Jaw Worm","floor":6,"turns":3},{"damage":36,"enemies":"Gremlin Gang","floor":7,"turns":5},{"damage":20,"enemies":"Red Slaver","floor":8,"turns":6},{"damage":9,"enemies":"Blue Slaver","floor":11,"turns":4},{"damage":12,"enemies":"Large Slime","floor":12,"turns":8},{"damage":0,"enemies":"Exordium Wildlife","floor":14,"turns":3},{"damage":73,"enemies":"Hexaghost","floor":16,"turns":16}],"seed_played":"707614148817374984","potions_obtained":[{"floor":1,"key":"FearPotion"},{"floor":8,"key":"SmokeBomb"},{"floor":11,"key":"Dexterity Potion"}],"is_trial":false,"path_per_floor":["M","$","M","?","?","M","M","M","T","R","M","M","?","M","R","B"],"character_chosen":"IRONCLAD","items_purchased":["True Grit"],"campfire_rested":1,"item_purchase_floors":[2],"current_hp_per_floor":[80,80,79,68,68,74,44,30,30,54,51,45,65,71,71,0],"gold":227,"neow_bonus":"RANDOM_COLORLESS_2","is_prod":false,"is_daily":false,"chose_seed":false,"campfire_upgraded":1,"win_rate":0,"timestamp":1550508941,"path_taken":["M","$","M","?","?","M","M","M","T","R","M","M","?","M","R","BOSS"],"build_version":"2019-01-23","purchased_purges":0,"victory":false,"max_hp_per_floor":[80,80,80,80,80,80,80,80,80,80,80,80,80,80,80,80],"card_choices":[{"not_picked":["Intimidate","Havoc"],"picked":"Flame Barrier","floor":1},{"not_picked":["Blood for Blood","Clash"],"picked":"Pommel Strike","floor":3},{"not_picked":["Entrench","Corruption"],"picked":"Thunderclap","floor":6},{"not_picked":["Heavy Blade","Cleave"],"picked":"Shrug It Off","floor":7},{"not_picked":["Cleave","Carnage"],"picked":"Offering","floor":8},{"not_picked":["Body Slam","Heavy Blade"],"picked":"Twin Strike","floor":11},{"not_picked":["Sword Boomerang","Shockwave"],"picked":"Perfected Strike","floor":12},{"not_picked":["Disarm","Headbutt"],"picked":"Ghostly Armor","floor":14}],"player_experience":1518610,"relics_obtained":[],"event_choices":[{"damage_healed":0,"gold_gain":75,"player_choice":"Gather Gold","damage_taken":11,"max_hp_gain":0,"max_hp_loss":0,"event_name":"World of Goop","floor":4,"gold_loss":0},{"damage_healed":0,"gold_gain":0,"player_choice":"Fled","damage_taken":0,"max_hp_gain":0,"max_hp_loss":0,"event_name":"Scrap Ooze","floor":5,"gold_loss":0},{"damage_healed":20,"gold_gain":0,"player_choice":"Healed","damage_taken":0,"max_hp_gain":0,"max_hp_loss":0,"event_name":"The Cleric","floor":13,"gold_loss":35}],"is_beta":false,"boss_relics":[],"items_purged_floors":[],"is_endless":false,"potions_floor_spawned":[1,8,11],"killed_by":"Hexaghost","ascension_level":0}