{"gold_per_floor":[110,185,185,201,212,212,24,24,49,68,103,103,68,81,81,81],"floor_reached":16,"playtime":353,"items_purged":[],"score":130,"play_id":"b232619d-d0bf-4ecd-9ffe-5ab41bf493dc","local_time":"20181012165442","is_ascension_mode":true,"campfire_choices":[{"floor":6,"key":"REST"},{"data":"Magnetism","floor":8,"key":"SMITH"},{"data":"After Image","floor":12,"key":"SMITH"},{"data":"Reflex","floor":15,"key":"SMITH"}],"neow_cost":"NONE","seed_source_timestamp":3517407456310,"circlet_count":0,"master_deck":["Defend_G","Defend_G","Defend_G","Strike_G","Strike_G","Strike_G","Strike_G","Survivor","Neutralize","Calculated Gamble+1","Accuracy+1","Bullet Time+1","All Out Attack+1","Backstab","Magnetism+1","Backflip","After Image+1","Reflex+1"],"relics":["Astrolabe","Vajra","Pen Nib"],"potions_floor_usage":[16,16],"damage_taken":[{"damage":7,"enemies":"Jaw Worm","floor":1,"turns":4},{"damage":0,"enemies":"2 Louse","floor":4,"turns":1},{"damage":14,"enemies":"Small Slimes","floor":5,"turns":4},{"damage":4,"enemies":"2 Fungi Beasts","floor":10,"turns":2},{"damage":23,"enemies":"Gremlin Nob","floor":11,"turns":5},{"damage":0,"enemies":"Lots of Slimes","floor":14,"turns":1},{"damage":52,"enemies":"Slime Boss","floor":16,"turns":7}],"seed_played":"7629035062680489143","potions_obtained":[{"floor":10,"key":"EssenceOfSteel"},{"floor":11,"key":"Dexterity Potion"}],"is_trial":false,"path_per_floor":["M","?","?","M","M","R","$","R","T","M","E","R","?","M","R"],"character_chosen":"THE_SILENT","items_purchased":["Magnetism"],"campfire_rested":1,"item_purchase_floors":[7],"current_hp_per_floor":[56,45,45,45,31,52,52,52,52,48,25,25,42,42,42,0],"gold":81,"neow_bonus":"BOSS_RELIC","is_prod":false,"is_daily":false,"chose_seed":false,"campfire_upgraded":3,"win_rate":0,"timestamp":1539377682,"path_taken":["M","?","?","M","M","R","?","R","T","M","E","R","?","M","R","BOSS"],"build_version":"2018-10-11","purchased_purges":0,"victory":false,"max_hp_per_floor":[70,70,70,70,70,70,70,70,70,70,70,70,70,70,70,70],"card_choices":[{"not_picked":["Poisoned Stab","Outmaneuver"],"picked":"All Out Attack","floor":1},{"not_picked":["Endless Agony","Dagger Throw","Calculated Gamble"],"picked":"SKIP","floor":4},{"not_picked":["Bane","Escape Plan"],"picked":"Backstab","floor":5},{"not_picked":["Outmaneuver","Cloak And Dagger"],"picked":"Backflip","floor":10},{"not_picked":["Footwork","Endless Agony"],"picked":"After Image","floor":11},{"not_picked":["Expertise","Acrobatics"],"picked":"Reflex","floor":14}],"player_experience":325870,"relics_obtained":[{"floor":9,"key":"Vajra"},{"floor":11,"key":"Pen Nib"}],"event_choices":[{"event_name":"World of Goop","player_choice":"Gather Gold","floor":2,"damage_taken":0},{"event_name":"Upgrade Shrine","player_choice":"Upgraded","floor":3,"damage_taken":0},{"event_name":"The Cleric","player_choice":"Healed","floor":13,"damage_taken":0}],"is_beta":true,"boss_relics":[],"items_purged_floors":[],"is_endless":false,"potions_floor_spawned":[10,11],"killed_by":"Slime Boss","ascension_level":6}