{"gold_per_floor":[119,131,206,206,219,219,245,245,317,344,362,378,378],"floor_reached":13,"playtime":733,"items_purged":[],"score":114,"play_id":"a5aa2eb1-16fa-443f-9d75-ebf9f5d24db0","local_time":"20180908011609","is_ascension_mode":true,"campfire_choices":[{"data":"Burning Pact","floor":6,"key":"SMITH"},{"data":"Anger","floor":8,"key":"SMITH"}],"neow_cost":"","seed_source_timestamp":194387471033176,"circlet_count":0,"master_deck":["Strike_R","Strike_R","Strike_R","Strike_R","Defend_R","Defend_R","Defend_R","Defend_R","Bash","Anger+1","Heavy Blade","Burning Pact+1","Carnage","Sentinel","Iron Wave"],"relics":["Burning Blood","Omamori","Kunai","Peace Pipe"],"potions_floor_usage":[7,12],"damage_taken":[{"damage":19,"enemies":"Small Slimes","floor":1,"turns":5},{"damage":1,"enemies":"Cultist","floor":2,"turns":3},{"damage":0,"enemies":"2 Louse","floor":5,"turns":3},{"damage":20,"enemies":"Lagavulin","floor":7,"turns":5},{"damage":35,"enemies":"3 Sentries","floor":10,"turns":8},{"damage":7,"enemies":"Exordium Wildlife","floor":11,"turns":7},{"damage":12,"enemies":"Lots of Slimes","floor":12,"turns":4},{"damage":35,"enemies":"Gremlin Gang","floor":13,"turns":3}],"seed_played":"-4118262815841156625","potions_obtained":[{"floor":2,"key":"AttackPotion"},{"floor":11,"key":"Regen Potion"}],"is_trial":false,"path_per_floor":["M","M","?","?","M","R","E","R","T","E","M","M"],"character_chosen":"IRONCLAD","items_purchased":[],"campfire_rested":0,"item_purchase_floors":[],"current_hp_per_floor":[67,72,61,61,67,67,53,53,53,24,23,29,0],"gold":378,"neow_bonus":"","is_prod":false,"is_daily":false,"chose_seed":false,"campfire_upgraded":2,"win_rate":0,"timestamp":1536390969,"path_taken":["M","M","?","?","?","R","E","R","T","E","?","M","?"],"build_version":"2018-09-06","purchased_purges":0,"victory":false,"max_hp_per_floor":[80,80,80,80,80,80,80,80,80,80,80,80,80],"card_choices":[{"not_picked":["Rupture","Shrug It Off"],"picked":"Anger","floor":1},{"not_picked":["Clothesline","Twin Strike"],"picked":"Heavy Blade","floor":2},{"not_picked":["Cleave","Perfected Strike"],"picked":"Burning Pact","floor":5},{"not_picked":["Pommel Strike","Body Slam"],"picked":"Carnage","floor":7},{"not_picked":["Thunderclap","Bloodletting"],"picked":"Sentinel","floor":10},{"not_picked":["Shrug It Off","Reckless Charge"],"picked":"Iron Wave","floor":11},{"not_picked":["Shockwave","Heavy Blade","Pommel Strike"],"picked":"SKIP","floor":12}],"player_experience":484774,"relics_obtained":[{"floor":7,"key":"Omamori"},{"floor":9,"key":"Kunai"},{"floor":10,"key":"Peace Pipe"}],"event_choices":[{"event_name":"World of Goop","player_choice":"Gather Gold","floor":3,"damage_taken":0},{"event_name":"Purifier","player_choice":"One Purge","floor":4,"damage_taken":0}],"is_beta":false,"boss_relics":[],"items_purged_floors":[],"is_endless":false,"potions_floor_spawned":[2,11],"killed_by":"Gremlin Gang","ascension_level":4}