{"gold_per_floor":[116,116,129,142,142,142,176,176,176,210,235,235,275,295,295,295],"floor_reached":16,"playtime":457,"items_purged":[],"score":110,"play_id":"5a6a5efe-6f5e-4a39-8f09-459d274bde5b","local_time":"20190211000955","is_ascension_mode":false,"campfire_choices":[{"data":"Cleave","floor":6,"key":"SMITH"},{"floor":8,"key":"REST"},{"data":"Anger","floor":15,"key":"SMITH"}],"neow_cost":"TEN_PERCENT_HP_LOSS","seed_source_timestamp":301311414976431,"circlet_count":0,"master_deck":["Strike_R","Strike_R","Strike_R","Strike_R","Strike_R","Defend_R","Defend_R","Defend_R","Defend_R","Bludgeon","Flex","Cleave+1","Anger+1","Clash","Pain","Anger"],"relics":["Burning Blood","Golden Idol","Juzu Bracelet","Frozen Egg 2","Odd Mushroom","WarpedTongs","Art of War"],"potions_floor_usage":[7,10,13,13],"damage_taken":[{"damage":6,"enemies":"2 Louse","floor":1,"turns":3},{"damage":0,"enemies":"Small Slimes","floor":3,"turns":3},{"damage":0,"enemies":"Cultist","floor":4,"turns":2},{"damage":25,"enemies":"Lagavulin","floor":7,"turns":6},{"damage":13,"enemies":"The Mushroom Lair","floor":10,"turns":3},{"damage":1,"enemies":"2 Fungi Beasts","floor":11,"turns":3},{"damage":3,"enemies":"Gremlin Nob","floor":13,"turns":3},{"damage":0,"enemies":"Lots of Slimes","floor":14,"turns":1},{"damage":66,"enemies":"Hexaghost","floor":16,"turns":7}],"seed_played":"-7124862080116119869","potions_obtained":[{"floor":1,"key":"Poison Potion"},{"floor":3,"key":"Swift Potion"},{"floor":4,"key":"SmokeBomb"},{"floor":10,"key":"Block Potion"},{"floor":11,"key":"SteroidPotion"}],"is_trial":false,"path_per_floor":["?","?","?","?"],"character_chosen":"IRONCLAD","items_purchased":[],"campfire_rested":1,"item_purchase_floors":[],"current_hp_per_floor":[72,72,72,72,54,54,35,56,56,49,54,54,57,63,63,0],"gold":295,"neow_bonus":"THREE_RARE_CARDS","is_prod":false,"is_daily":false,"chose_seed":false,"campfire_upgraded":2,"win_rate":0,"timestamp":1549861795,"path_taken":["M","?","M","M","?","R","E","R","T","?","M","?","E","M","R","BOSS"],"build_version":"2019-01-23","purchased_purges":0,"victory":false,"max_hp_per_floor":[72,72,72,72,72,72,72,72,72,72,72,72,72,72,72,72],"card_choices":[{"not_picked":["Impervious","Dark Embrace"],"picked":"Bludgeon","floor":0},{"not_picked":["Second Wind","Warcry"],"picked":"Flex","floor":1},{"not_picked":["Clothesline","Rupture"],"picked":"Cleave","floor":3},{"not_picked":["Twin Strike","Thunderclap"],"picked":"Anger","floor":4},{"not_picked":["Offering","Bloodletting","Hemokinesis"],"picked":"SKIP","floor":7},{"not_picked":["Shrug It Off","Rupture+1"],"picked":"Clash","floor":11},{"not_picked":["Cleave","Sentinel","Flex"],"picked":"SKIP","floor":13},{"not_picked":["Evolve+1","Armaments"],"picked":"Anger","floor":14}],"player_experience":400875,"relics_obtained":[{"floor":7,"key":"Juzu Bracelet"},{"floor":9,"key":"Frozen Egg 2"},{"floor":10,"key":"Odd Mushroom"},{"floor":13,"key":"Art of War"}],"event_choices":[{"cards_removed":["Bash"],"damage_healed":0,"gold_gain":0,"player_choice":"Forget","damage_taken":0,"max_hp_gain":0,"max_hp_loss":0,"event_name":"Living Wall","floor":2,"gold_loss":0},{"damage_healed":0,"gold_gain":0,"player_choice":"Take Damage","damage_taken":18,"relics_obtained":["Golden Idol"],"max_hp_gain":0,"max_hp_loss":0,"event_name":"Golden Idol","floor":5,"gold_loss":0},{"damage_healed":0,"gold_gain":0,"player_choice":"Fought Mushrooms","damage_taken":0,"max_hp_gain":0,"max_hp_loss":0,"event_name":"Mushrooms","floor":10,"gold_loss":0},{"damage_healed":0,"gold_gain":0,"player_choice":"Rummage","damage_taken":0,"relics_obtained":["WarpedTongs"],"max_hp_gain":0,"max_hp_loss":0,"event_name":"Accursed Blacksmith","floor":12,"gold_loss":0,"cards_obtained":["Pain"]}],"is_beta":false,"boss_relics":[],"items_purged_floors":[],"is_endless":false,"potions_floor_spawned":[1,3,4,10,11],"killed_by":"Hexaghost","ascension_level":0}