{"gold_per_floor":[118,138,154,229,239,239,250,250,250,250,35,47,67,81,81,182,182,201,220,99,99,113,113],"floor_reached":23,"playtime":1261,"items_purged":[],"score":187,"play_id":"b42c9ec7-8672-4515-8390-795864d2f6f7","local_time":"20190326072619","is_ascension_mode":false,"campfire_choices":[{"data":"Body Slam","floor":6.0,"key":"SMITH"},{"data":"True Grit","floor":8.0,"key":"SMITH"},{"data":"Pommel Strike","floor":10.0,"key":"SMITH"},{"data":"Armaments","floor":15.0,"key":"SMITH"}],"neow_cost":"TEN_PERCENT_HP_LOSS","seed_source_timestamp":515346984251387,"circlet_count":0,"master_deck":["Strike_R","Strike_R","Strike_R","Strike_R","Strike_R","Defend_R","Defend_R","Defend_R","Defend_R","Bash","Offering","True Grit+1","Burning Pact","Body Slam+1","Carnage","Pommel Strike+1","Spot Weakness","Feel No Pain","Reckless Charge","Armaments+1","Battle Trance","Body Slam","Barricade","Headbutt","Pummel","Ghostly Armor","Dark Shackles","True Grit"],"special_seed":0,"relics":["Burning Blood"],"potions_floor_usage":[23],"damage_taken":[{"damage":8.0,"enemies":"2 Louse","floor":1.0,"turns":3.0},{"damage":6.0,"enemies":"Cultist","floor":2.0,"turns":3.0},{"damage":0.0,"enemies":"Small Slimes","floor":3.0,"turns":3.0},{"damage":4.0,"enemies":"2 Fungi Beasts","floor":5.0,"turns":3.0},{"damage":1.0,"enemies":"3 Louse","floor":7.0,"turns":4.0},{"damage":1.0,"enemies":"Looter","floor":12.0,"turns":2.0},{"damage":13.0,"enemies":"Exordium Wildlife","floor":13.0,"turns":4.0},{"damage":19.0,"enemies":"Red Slaver","floor":14.0,"turns":4.0},{"damage":28.0,"enemies":"The Guardian","floor":16.0,"turns":11.0},{"damage":13.0,"enemies":"2 Thieves","floor":18.0,"turns":4.0},{"damage":12.0,"enemies":"Spheric Guardian","floor":19.0,"turns":4.0},{"damage":15.0,"enemies":"Colosseum Slavers","floor":21.0,"turns":4.0},{"damage":15.0,"enemies":"Cultist and Chosen","floor":22.0,"turns":6.0},{"damage":49,"enemies":"Slavers","floor":23,"turns":5}],"seed_played":"-4688919470998609310","potions_obtained":[{"floor":1.0,"key":"Regen Potion"},{"floor":2.0,"key":"Energy Potion"},{"floor":12.0,"key":"BloodPotion"},{"floor":18.0,"key":"Dexterity Potion"}],"is_trial":false,"path_per_floor":["M","M","M","?","M","R","M","R","T","R","$","M","M","M","R","B",null,"M","M","$","?","M","E"],"character_chosen":"IRONCLAD","items_purchased":["Spot Weakness","Feel No Pain","Reckless Charge","Ghostly Armor","Dark Shackles"],"campfire_rested":0,"item_purchase_floors":[11,11,11,20,20],"current_hp_per_floor":[70,70,72,65,67,67,72,72,72,72,72,72,72,59,59,52,72,65,59,59,50,41,0],"gold":113,"neow_bonus":"THREE_RARE_CARDS","is_prod":false,"is_daily":false,"chose_seed":false,"campfire_upgraded":4,"win_rate":0,"timestamp":1553606779,"path_taken":["M","M","M","?","M","R","M","R","T","R","$","M","M","?","R","BOSS","M","M","$","?","M","E"],"build_version":"2019-01-23","purchased_purges":0,"victory":false,"max_hp_per_floor":[72,72,72,72,72,72,72,72,72,72,72,72,72,72,72,72,72,72,72,72,72,72,72],"card_choices":[{"not_picked":["Brutality","Double Tap"],"picked":"Offering","floor":0.0},{"not_picked":["Dual Wield","Headbutt"],"picked":"True Grit","floor":1.0},{"not_picked":["Body Slam","Iron Wave"],"picked":"Burning Pact","floor":2.0},{"not_picked":["Sword Boomerang","Bloodletting"],"picked":"Body Slam","floor":3.0},{"not_picked":["Body Slam","Cleave"],"picked":"Carnage","floor":5.0},{"not_picked":["Clash","Armaments"],"picked":"Pommel Strike","floor":7.0},{"not_picked":["Infernal Blade","Rampage"],"picked":"Armaments","floor":12.0},{"not_picked":["Clothesline","Flex"],"picked":"Battle Trance","floor":13.0},{"not_picked":["Armaments","Hemokinesis"],"picked":"Body Slam","floor":14.0},{"not_picked":["Brutality","Dark Embrace"],"picked":"Barricade","floor":16.0},{"not_picked":["Flex+1","Armaments"],"picked":"Headbutt","floor":18.0},{"not_picked":["Headbutt","Barricade"],"picked":"Pummel","floor":19.0},{"not_picked":["Reckless Charge","Burning Pact"],"picked":"True Grit","floor":22.0}],"player_experience":1697981,"relics_obtained":[],"event_choices":[{"damage_healed":0.0,"max_hp_gain":0.0,"max_hp_loss":0.0,"gold_gain":75.0,"event_name":"FaceTrader","player_choice":"Touch","floor":4.0,"gold_loss":0.0,"damage_taken":7.0},{"damage_healed":0.0,"max_hp_gain":0.0,"max_hp_loss":0.0,"gold_gain":0.0,"event_name":"Colosseum","player_choice":"Fight","floor":21.0,"gold_loss":0.0,"damage_taken":0.0},{"damage_healed":0.0,"max_hp_gain":0.0,"max_hp_loss":0.0,"gold_gain":0.0,"event_name":"Colosseum","player_choice":"Fled From Nobs","floor":21.0,"gold_loss":0.0,"damage_taken":0.0}],"is_beta":false,"boss_relics":[{"not_picked":["Philosopher\u0027s Stone","Pandora\u0027s Box","Eternal Feather"]}],"items_purged_floors":[],"is_endless":false,"potions_floor_spawned":[1,2,12,18,21],"killed_by":"Slavers","ascension_level":0}