{"gold_per_floor":[110,42,42,42,57,90,90,101,101,114,127,143,93,18,18,123,123,112,12,30,30,30,30],"floor_reached":23,"playtime":1814,"items_purged":["Strike_R","Strike_R"],"score":248,"play_id":"6927f723-2a6a-45cc-bdae-f261dbf11b66","local_time":"20190407132551","is_ascension_mode":true,"campfire_choices":[{"data":"Flame Barrier","floor":7,"key":"SMITH"},{"floor":15,"key":"RECALL"}],"neow_cost":"NONE","seed_source_timestamp":697761490234700,"circlet_count":0,"master_deck":["Strike_R","Strike_R","Defend_R","Defend_R","Defend_R","Defend_R","Bash","Flame Barrier+1","Headbutt","Impervious","Shrug It Off","Shrug It Off","Shrug It Off+1"],"relics":["Burning Blood","NeowsBlessing","Strawberry","Sundial","White Beast Statue","PreservedInsect"],"potions_floor_usage":[16,18,18,20],"damage_taken":[{"damage":0,"enemies":"Cultist","floor":1,"turns":1},{"damage":0,"enemies":"Jaw Worm","floor":5,"turns":1},{"damage":0,"enemies":"Lagavulin","floor":6,"turns":1},{"damage":0,"enemies":"2 Louse","floor":8,"turns":3},{"damage":3,"enemies":"Blue Slaver","floor":10,"turns":5},{"damage":0,"enemies":"Lots of Slimes","floor":11,"turns":4},{"damage":4,"enemies":"Gremlin Gang","floor":12,"turns":5},{"damage":56,"enemies":"The Guardian","floor":16,"turns":24},{"damage":37,"enemies":"2 Thieves","floor":18,"turns":4},{"damage":4,"enemies":"Spheric Guardian","floor":20,"turns":6},{"damage":72,"enemies":"Slavers","floor":23,"turns":4}],"seed_played":"-204834318790014545","potions_obtained":[{"floor":4,"key":"Dexterity Potion"},{"floor":4,"key":"Explosive Potion"},{"floor":4,"key":"SpeedPotion"},{"floor":6,"key":"Dexterity Potion"},{"floor":10,"key":"BloodPotion"},{"floor":18,"key":"Strength Potion"},{"floor":20,"key":"LiquidBronze"}],"is_trial":false,"path_per_floor":["M","$","?","?","M","E","R","M","T","M","M","M","?","$","R","B",null,"M","$","M","?","$","E"],"character_chosen":"IRONCLAD","items_purchased":["Flame Barrier"],"campfire_rested":0,"item_purchase_floors":[2],"current_hp_per_floor":[80,80,85,85,85,92,92,92,92,92,92,92,92,92,92,42,92,70,70,72,72,72,0],"gold":30,"neow_bonus":"THREE_ENEMY_KILL","is_prod":false,"is_daily":false,"chose_seed":false,"campfire_upgraded":1,"win_rate":0,"timestamp":1554657951,"path_taken":["M","?","?","?","?","E","R","M","T","M","M","M","?","$","R","BOSS","M","$","M","?","$","E"],"build_version":"2019-01-23","purchased_purges":2,"victory":false,"max_hp_per_floor":[80,80,85,85,85,92,92,92,92,92,92,92,92,92,92,92,92,92,92,92,92,92,92],"card_choices":[{"not_picked":["Perfected Strike","Cleave","Sword Boomerang"],"picked":"SKIP","floor":1},{"not_picked":["Sword Boomerang","Power Through"],"picked":"Headbutt","floor":5},{"not_picked":["Armaments","Thunderclap"],"picked":"Impervious","floor":6},{"not_picked":["Seeing Red","Carnage"],"picked":"Shrug It Off","floor":8},{"not_picked":["Perfected Strike","Twin Strike"],"picked":"Shrug It Off","floor":10},{"not_picked":["Exhume","Cleave","Perfected Strike"],"picked":"SKIP","floor":11},{"not_picked":["Sever Soul","Hemokinesis","Warcry"],"picked":"SKIP","floor":12},{"not_picked":["Hemokinesis+1","Clash+1","Warcry+1"],"picked":"SKIP","floor":18},{"not_picked":["Flex","Reckless Charge"],"picked":"Shrug It Off+1","floor":20}],"player_experience":217154,"relics_obtained":[{"floor":6,"key":"Strawberry"},{"floor":9,"key":"Sundial"}],"event_choices":[{"damage_healed":0,"gold_gain":0,"player_choice":"Donut","damage_taken":0,"max_hp_gain":5,"max_hp_loss":0,"event_name":"Big Fish","floor":3,"gold_loss":0},{"damage_healed":0,"gold_gain":0,"player_choice":"Got Potions","damage_taken":0,"max_hp_gain":0,"max_hp_loss":0,"event_name":"Lab","floor":4,"gold_loss":0},{"cards_removed":["Strike_R"],"damage_healed":0,"gold_gain":0,"player_choice":"Card Removal","damage_taken":0,"max_hp_gain":0,"max_hp_loss":0,"event_name":"The Cleric","floor":13,"gold_loss":50},{"damage_healed":0,"gold_gain":0,"player_choice":"Gave Potion","damage_taken":0,"relics_obtained":["PreservedInsect"],"max_hp_gain":0,"max_hp_loss":0,"event_name":"WeMeetAgain","floor":21,"gold_loss":0}],"is_beta":false,"boss_relics":[{"not_picked":["Coffee Dripper","Tiny House"],"picked":"White Beast Statue"}],"items_purged_floors":[14,19],"is_endless":false,"potions_floor_spawned":[6,8,10,11,18,20],"killed_by":"Slavers","ascension_level":3}