{"gold_per_floor":[117,67,67,81,101,129,23,23,23,23,43,43,43,118,118,213,213,213,128,113,113,113,113,113,113,113,113,113,113,113,113,113,113,113,113,113,113,113,113,113,113,113,113,113,113,113,0,0,0,0],"floor_reached":50,"playtime":1460,"items_purged":[],"score":691,"play_id":"af66b26c-4392-4728-8d87-9733382e2d68","local_time":"20190109125756","daily_mods":["Chimera","Flight","Elite Swarm"],"is_ascension_mode":false,"campfire_choices":[{"floor":8.0,"key":"REST"},{"data":"Shrug It Off","floor":10.0,"key":"SMITH"},{"floor":15.0,"key":"REST"},{"floor":27,"key":"REST"},{"floor":29,"key":"REST"},{"floor":32,"key":"REST"},{"floor":45,"key":"REST"},{"floor":49,"key":"REST"}],"neow_cost":"","seed_source_timestamp":0,"circlet_count":0,"master_deck":["Bash+1","Survivor","Zap","Strike_B","Defend_R","Defend_G","Defend_B","Spot Weakness","Corruption+1","Feel No Pain","Dark Embrace","Heavy Blade","Shrug It Off+1","Twin Strike","Immolate","Perfected Strike+1","Twin Strike","RitualDagger","Feed","Sword Boomerang+1","Inflame+1","Seeing Red","Immolate","Body Slam+1","Madness","Madness","Trip","Ghostly Armor+1","Exhume","Reaper","Shrug It Off"],"special_seed":0,"relics":["Black Blood","Ornamental Fan","Red Skull","Ectoplasm","Lantern","Pen Nib","Kunai","Tiny Chest","Sundial","Juzu Bracelet","Bag of Marbles","Blood Vial","Red Mask"],"potions_floor_usage":[33,33,40,44,50,50],"damage_taken":[{"damage":2.0,"enemies":"Small Slimes","floor":1.0,"turns":4.0},{"damage":3.0,"enemies":"2 Louse","floor":4.0,"turns":3.0},{"damage":4.0,"enemies":"Jaw Worm","floor":5.0,"turns":5.0},{"damage":47.0,"enemies":"Lagavulin","floor":6.0,"turns":9.0},{"damage":1.0,"enemies":"3 Louse","floor":11.0,"turns":5.0},{"damage":77.0,"enemies":"Slime Boss","floor":16.0,"turns":12.0},{"damage":0.0,"enemies":"Chosen","floor":18.0,"turns":4.0},{"damage":6,"enemies":"2 Thieves","floor":20,"turns":2},{"damage":37,"enemies":"Gremlin Leader","floor":23,"turns":5},{"damage":22,"enemies":"Centurion and Healer","floor":24,"turns":5},{"damage":30,"enemies":"Snake Plant","floor":28,"turns":4},{"damage":0,"enemies":"Snecko","floor":30,"turns":4},{"damage":9,"enemies":"3 Cultists","floor":31,"turns":5},{"damage":27,"enemies":"Collector","floor":33,"turns":3},{"damage":18,"enemies":"Orb Walker","floor":35,"turns":4},{"damage":0,"enemies":"3 Shapes","floor":38,"turns":4},{"damage":16,"enemies":"Giant Head","floor":40,"turns":6},{"damage":71,"enemies":"Reptomancer","floor":44,"turns":4},{"damage":11,"enemies":"Spire Growth","floor":48,"turns":3},{"damage":94,"enemies":"Time Eater","floor":50,"turns":9}],"seed_played":"2909626238486833598","potions_obtained":[{"floor":4.0,"key":"SteroidPotion"},{"floor":18.0,"key":"SteroidPotion"},{"floor":24,"key":"Strength Potion"},{"floor":30,"key":"Weak Potion"},{"floor":38,"key":"GamblersBrew"},{"floor":44,"key":"Energy Potion"},{"floor":48,"key":"Fire Potion"}],"is_trial":true,"path_per_floor":["M","?","?","M","M","E","$","R","T","R","M","$","?","?","R","B",null,"M","?","M","?","$","E","M","?","T","R","M","R","M","M","R","B",null,"M","?","?","M","T","E","?","?","T","E","R","?","?","M","R","B"],"character_chosen":"IRONCLAD","items_purchased":["Heavy Blade","Shrug It Off"],"campfire_rested":7,"item_purchase_floors":[7,7],"current_hp_per_floor":[80,80,80,80,80,39,39,63,63,63,68,68,68,57,80,9,80,80,80,80,74,74,43,27,27,27,51,30,54,60,57,81,63,86,78,67,67,80,80,74,74,74,74,13,39,39,39,40,66,0],"gold":0,"neow_bonus":"","is_prod":false,"is_daily":false,"chose_seed":false,"campfire_upgraded":1,"win_rate":0,"timestamp":1547063876,"path_taken":["M","?","?","M","?","E","?","R","T","R","?","?","?","?","R","BOSS","M","?","M","?","?","E","?","?","T","R","?","R","?","M","R","BOSS","M","?","?","?","?","E","?","?","T","E","R","?","?","M","R","BOSS"],"build_version":"2019-01-03v4","purchased_purges":0,"victory":false,"max_hp_per_floor":[80,80,80,80,80,80,80,80,80,80,80,80,80,80,80,80,80,80,80,80,80,80,80,80,80,80,80,83,83,83,83,83,86,86,86,86,86,89,89,89,89,89,89,89,89,89,89,89,89,89],"card_choices":[{"not_picked":["Heavy Blade","Clothesline"],"picked":"Spot Weakness","floor":1.0},{"not_picked":["Havoc","Burning Pact"],"picked":"Corruption","floor":4.0},{"not_picked":["Twin Strike","Clothesline"],"picked":"Feel No Pain","floor":5.0},{"not_picked":["Impervious","Bludgeon"],"picked":"Dark Embrace","floor":6.0},{"not_picked":["Wild Strike","Shrug It Off"],"picked":"Twin Strike","floor":11.0},{"not_picked":["Dark Embrace","Double Tap"],"picked":"Immolate","floor":16.0},{"not_picked":["Flex","Wild Strike"],"picked":"Perfected Strike+1","floor":18.0},{"not_picked":["Reckless Charge","Carnage+1"],"picked":"Twin Strike","floor":20},{"not_picked":["Offering","Brutality"],"picked":"Feed","floor":23},{"not_picked":["Havoc","Warcry"],"picked":"Sword Boomerang+1","floor":24},{"not_picked":["Intimidate+1","Seeing Red"],"picked":"Inflame+1","floor":28},{"not_picked":["Cleave+1","Battle Trance"],"picked":"Seeing Red","floor":30},{"not_picked":["Havoc","Warcry"],"picked":"Flex","floor":31},{"not_picked":["Offering","Brutality"],"picked":"Immolate","floor":33},{"not_picked":["Clothesline+1","Anger+1"],"picked":"Body Slam+1","floor":35},{"not_picked":["Master of Strategy","Purity"],"picked":"Trip","floor":37},{"not_picked":["Heavy Blade","Clothesline+1"],"picked":"Ghostly Armor+1","floor":38},{"not_picked":["Double Tap","Brutality"],"picked":"Exhume","floor":40},{"not_picked":["Barricade","Immolate"],"picked":"Reaper","floor":44},{"not_picked":["Rage+1","Havoc"],"picked":"Shrug It Off","floor":48}],"player_experience":1237356,"relics_obtained":[{"floor":6.0,"key":"Ornamental Fan"},{"floor":9.0,"key":"Red Skull"},{"floor":23,"key":"Pen Nib"},{"floor":26,"key":"Tiny Chest"},{"floor":39,"key":"Sundial"},{"floor":40,"key":"Juzu Bracelet"},{"floor":43,"key":"Bag of Marbles"},{"floor":44,"key":"Blood Vial"}],"event_choices":[{"cards_removed":["Strike_R"],"damage_healed":0.0,"max_hp_gain":0.0,"max_hp_loss":0.0,"gold_gain":0.0,"event_name":"The Cleric","player_choice":"Card Removal","floor":2.0,"gold_loss":50.0,"damage_taken":0.0},{"cards_removed":["Strike_G"],"damage_healed":0.0,"max_hp_gain":0.0,"max_hp_loss":0.0,"gold_gain":0.0,"event_name":"Purifier","player_choice":"Purged","floor":3.0,"gold_loss":0.0,"damage_taken":0.0},{"damage_healed":0.0,"max_hp_gain":0.0,"max_hp_loss":0.0,"gold_gain":0.0,"event_name":"Living Wall","player_choice":"Grow","floor":13.0,"gold_loss":0.0,"damage_taken":0.0,"cards_upgraded":["Bash"]},{"damage_healed":0.0,"max_hp_gain":0.0,"max_hp_loss":0.0,"gold_gain":75.0,"event_name":"World of Goop","player_choice":"Gather Gold","floor":14.0,"gold_loss":0.0,"damage_taken":11.0},{"damage_healed":0.0,"max_hp_gain":0.0,"max_hp_loss":0.0,"gold_gain":0.0,"event_name":"Addict","player_choice":"Obtained Relic","floor":19.0,"gold_loss":85.0,"damage_taken":0.0,"relics_obtained":["Lantern"]},{"damage_healed":0,"gold_gain":0,"player_choice":"Joined the Cult","damage_taken":6,"max_hp_gain":0,"max_hp_loss":0,"event_name":"Nest","floor":21,"gold_loss":0,"cards_obtained":["RitualDagger"]},{"damage_healed":0,"gold_gain":0,"player_choice":"Gave Potion","damage_taken":0,"relics_obtained":["Kunai"],"max_hp_gain":0,"max_hp_loss":0,"event_name":"WeMeetAgain","floor":25,"gold_loss":0},{"damage_healed":0,"gold_gain":0,"player_choice":"Embrace Madness","damage_taken":11,"max_hp_gain":0,"max_hp_loss":0,"event_name":"Winding Halls","floor":36,"gold_loss":0,"cards_obtained":["Madness","Madness"]},{"damage_healed":0,"gold_gain":0,"player_choice":"Memory 1","damage_taken":0,"max_hp_gain":0,"max_hp_loss":0,"event_name":"SensoryStone","floor":37,"gold_loss":0},{"damage_healed":0,"gold_gain":100,"player_choice":"Pray","damage_taken":0,"max_hp_gain":0,"max_hp_loss":0,"event_name":"Golden Shrine","floor":41,"gold_loss":0},{"damage_healed":0,"gold_gain":0,"player_choice":"Upgraded","damage_taken":0,"max_hp_gain":0,"max_hp_loss":0,"event_name":"Upgrade Shrine","floor":42,"gold_loss":0,"cards_upgraded":["Corruption"]},{"cards_removed":["Flex"],"damage_healed":0,"gold_gain":0,"player_choice":"Removed Skill","damage_taken":0,"max_hp_gain":0,"max_hp_loss":0,"event_name":"Falling","floor":46,"gold_loss":0},{"damage_healed":0,"gold_gain":0,"player_choice":"Paid","damage_taken":0,"relics_obtained":["Red Mask"],"max_hp_gain":0,"max_hp_loss":0,"event_name":"Tomb of Lord Red Mask","floor":47,"gold_loss":113}],"is_beta":false,"boss_relics":[{"not_picked":["Calling Bell","Tiny House"],"picked":"Ectoplasm"},{"not_picked":["Black Star","Fusion Hammer"],"picked":"Black Blood"}],"items_purged_floors":[],"is_endless":true,"potions_floor_spawned":[4,18,24,30,38,44,48],"killed_by":"Time Eater","ascension_level":0}