{"gold_per_floor":[118,137,63,63,78,105,105,105,105,124,124,134,134,153,153,252,252,162,162,176,194,207,207,222,222],"floor_reached":25,"playtime":1525,"items_purged":[],"score":287,"play_id":"0701956f-00e3-4ff4-baa6-8dd5266708be","local_time":"20190126224926","is_ascension_mode":true,"campfire_choices":[{"floor":7.0,"key":"REST"},{"data":"Mayhem","floor":11.0,"key":"SMITH"},{"data":"Noxious Fumes","floor":15.0,"key":"SMITH"},{"data":"Catalyst","floor":23,"key":"SMITH"}],"neow_cost":"TEN_PERCENT_HP_LOSS","seed_source_timestamp":1213268960138321,"circlet_count":0,"master_deck":["Defend_G","Defend_G","Defend_G","Defend_G","Defend_G","Strike_G","Strike_G","Strike_G","Survivor","Neutralize","Mayhem+1","Impatience","Deadly Poison","Noxious Fumes+1","Footwork","Well Laid Plans","After Image","Leg Sweep","Adrenaline","Dodge and Roll","Catalyst+1","Footwork","Backflip"],"special_seed":0,"relics":["Ring of the Snake","Pantograph","Vajra","Black Star"],"potions_floor_usage":[21],"damage_taken":[{"damage":4.0,"enemies":"Cultist","floor":1.0,"turns":5.0},{"damage":5.0,"enemies":"2 Louse","floor":2.0,"turns":4.0},{"damage":1.0,"enemies":"Jaw Worm","floor":5.0,"turns":3.0},{"damage":36.0,"enemies":"Gremlin Nob","floor":6.0,"turns":6.0},{"damage":7.0,"enemies":"Exordium Thugs","floor":10.0,"turns":6.0},{"damage":0.0,"enemies":"Blue Slaver","floor":12.0,"turns":5.0},{"damage":5.0,"enemies":"3 Louse","floor":14.0,"turns":5.0},{"damage":5.0,"enemies":"Slime Boss","floor":16.0,"turns":10.0},{"damage":26,"enemies":"2 Thieves","floor":18,"turns":5},{"damage":0,"enemies":"Shell Parasite","floor":20,"turns":8},{"damage":2,"enemies":"Shelled Parasite and Fungi","floor":21,"turns":8},{"damage":11,"enemies":"Snake Plant","floor":22,"turns":6},{"damage":16,"enemies":"Centurion and Healer","floor":24,"turns":10},{"damage":19,"enemies":"Cultist and Chosen","floor":25,"turns":6}],"seed_played":"-8787886850010088123","potions_obtained":[{"floor":5.0,"key":"SteroidPotion"},{"floor":12.0,"key":"LiquidBronze"},{"floor":14.0,"key":"SteroidPotion"},{"floor":16.0,"key":"Dexterity Potion"},{"floor":20,"key":"PowerPotion"},{"floor":22,"key":"SteroidPotion"},{"floor":24,"key":"Swift Potion"}],"is_trial":false,"path_per_floor":["M","M","$","?","M","E","R","?","T","M","R","M","?","M","R","B",null,"M","?","M","M","M","R","M","M"],"character_chosen":"THE_SILENT","items_purchased":["Noxious Fumes"],"campfire_rested":1,"item_purchase_floors":[3],"current_hp_per_floor":[59,54,54,47,46,10,28,28,28,21,21,21,26,21,21,41,61,35,35,35,33,22,22,6,0],"gold":222,"neow_bonus":"RANDOM_COLORLESS_2","is_prod":false,"is_daily":false,"chose_seed":false,"campfire_upgraded":3,"win_rate":0,"timestamp":1548571766,"path_taken":["M","M","?","?","M","E","R","?","T","?","R","M","?","M","R","BOSS","M","?","M","M","?","R","M","M"],"build_version":"2019-01-23","purchased_purges":0,"victory":false,"max_hp_per_floor":[63,63,63,63,63,63,63,63,63,63,63,63,68,68,68,68,68,68,68,68,68,68,68,68,68],"card_choices":[{"not_picked":["Dagger Throw","Expertise"],"picked":"Deadly Poison","floor":1.0},{"not_picked":["Prepared","Concentrate","Acrobatics"],"picked":"SKIP","floor":2.0},{"not_picked":["Prepared","Concentrate","Acrobatics"],"picked":"SKIP","floor":2.0},{"not_picked":["Tactician","Poisoned Stab"],"picked":"Footwork","floor":5.0},{"not_picked":["Endless Agony","Blade Dance"],"picked":"Well Laid Plans","floor":6.0},{"not_picked":["Sucker Punch","Outmaneuver","Storm of Steel"],"picked":"SKIP","floor":10.0},{"not_picked":["Acrobatics","Underhanded Strike"],"picked":"Leg Sweep","floor":12.0},{"not_picked":["Slice","Bane","Accuracy"],"picked":"SKIP","floor":14.0},{"not_picked":["Venomology","Tools of the Trade"],"picked":"Adrenaline","floor":16.0},{"not_picked":["Masterful Stab","Expertise"],"picked":"Dodge and Roll","floor":18},{"not_picked":["Cloak And Dagger","All Out Attack","Dagger Spray"],"picked":"SKIP","floor":20},{"not_picked":["Backflip","Flying Knee"],"picked":"Catalyst","floor":21},{"not_picked":["Predator+1","Deflect"],"picked":"Footwork","floor":22},{"not_picked":["Dodge and Roll","Poisoned Stab+1"],"picked":"Backflip","floor":24}],"player_experience":317885,"relics_obtained":[{"floor":6.0,"key":"Pantograph"},{"floor":9.0,"key":"Vajra"}],"event_choices":[{"cards_removed":["Strike_G"],"damage_healed":0.0,"max_hp_gain":0.0,"max_hp_loss":0.0,"gold_gain":0.0,"event_name":"Golden Wing","player_choice":"Card Removal","floor":4.0,"gold_loss":0.0,"damage_taken":7.0},{"damage_healed":0.0,"max_hp_gain":0.0,"max_hp_loss":0.0,"gold_gain":0.0,"cards_transformed":["Strike_G"],"event_name":"Transmorgrifier","player_choice":"Transformed","floor":8.0,"gold_loss":0.0,"damage_taken":0.0,"cards_obtained":["After Image"]},{"damage_healed":0.0,"max_hp_gain":5.0,"max_hp_loss":0.0,"gold_gain":0.0,"event_name":"Big Fish","player_choice":"Donut","floor":13.0,"gold_loss":0.0,"damage_taken":0.0},{"damage_healed":0,"gold_gain":0,"player_choice":"Ignored","damage_taken":0,"max_hp_gain":0,"max_hp_loss":0,"event_name":"N\u0027loth","floor":19,"gold_loss":0}],"is_beta":false,"boss_relics":[{"not_picked":["Pandora\u0027s Box","HoveringKite"],"picked":"Black Star"}],"items_purged_floors":[],"is_endless":false,"potions_floor_spawned":[5,12,14,16,20,22,24],"killed_by":"Cultist and Chosen","ascension_level":8}