{"gold_per_floor":[116,136,150,225,20,53,53,80,80,80,98,98,111,130,130,233,233,247,247,265,20,31,31],"floor_reached":23,"playtime":751,"items_purged":[],"score":223,"play_id":"eba47869-0b9c-4654-92e5-858e5de17f31","local_time":"20181005050944","is_ascension_mode":true,"campfire_choices":[{"data":"Dagger Spray","floor":7,"key":"SMITH"},{"floor":10,"key":"REST"},{"data":"Cloak And Dagger","floor":12,"key":"SMITH"},{"data":"Noxious Fumes","floor":15,"key":"SMITH"}],"neow_cost":"","seed_source_timestamp":43327221765910,"circlet_count":0,"master_deck":["Defend_G","Defend_G","Defend_G","Defend_G","Defend_G","Strike_G+1","Strike_G","Strike_G","Strike_G+1","Strike_G","Survivor","Neutralize","Backstab","Dodge and Roll","Dagger Spray+1","Deadly Poison","Cloak And Dagger+1","Noxious Fumes+1","Venomology","Poisoned Stab+1","Sucker Punch","Terror","Dagger Spray+1"],"relics":["Ring of the Snake","Chemical X","Whetstone","Letter Opener","Lantern","Black Star","Girya","PreservedInsect"],"potions_floor_usage":[6,16,18,22,23,23],"damage_taken":[{"damage":0,"enemies":"Cultist","floor":1,"turns":4},{"damage":1,"enemies":"Jaw Worm","floor":2,"turns":5},{"damage":0,"enemies":"Small Slimes","floor":3,"turns":4},{"damage":12,"enemies":"3 Sentries","floor":6,"turns":11},{"damage":32,"enemies":"Lagavulin","floor":8,"turns":6},{"damage":2,"enemies":"Red Slaver","floor":11,"turns":4},{"damage":0,"enemies":"Blue Slaver","floor":13,"turns":2},{"damage":0,"enemies":"Large Slime","floor":14,"turns":4},{"damage":12,"enemies":"Hexaghost","floor":16,"turns":9},{"damage":7,"enemies":"Chosen","floor":18,"turns":4},{"damage":27,"enemies":"2 Thieves","floor":20,"turns":4},{"damage":25,"enemies":"Chosen and Byrds","floor":22,"turns":6},{"damage":18,"enemies":"Snecko","floor":23,"turns":2}],"seed_played":"-4429027671308180113","potions_obtained":[{"floor":1,"key":"Fire Potion"},{"floor":11,"key":"Weak Potion"},{"floor":16,"key":"PowerPotion"},{"floor":18,"key":"SteroidPotion"}],"is_trial":false,"path_per_floor":["M","M","M","?","$","E","R","E","T","R","M","R","M","M","R","B",null,"M","?","M","$","M"],"character_chosen":"THE_SILENT","items_purchased":["Chemical X","PreservedInsect","FearPotion","Terror"],"campfire_rested":1,"item_purchase_floors":[5,21,21,21],"current_hp_per_floor":[70,69,69,58,58,46,46,14,14,35,33,33,33,33,33,21,70,63,63,36,36,11,0],"gold":31,"neow_bonus":"","is_prod":false,"is_daily":false,"chose_seed":false,"campfire_upgraded":3,"win_rate":0,"timestamp":1538730584,"path_taken":["M","?","?","?","$","E","R","E","T","R","M","R","?","?","R","BOSS","M","?","M","$","M","M"],"build_version":"2018-10-04","purchased_purges":0,"victory":false,"max_hp_per_floor":[70,70,70,70,70,70,70,70,70,70,70,70,70,70,70,70,70,70,70,70,70,70,70],"card_choices":[{"not_picked":["Riddle With Holes","PiercingWail"],"picked":"Prepared","floor":1},{"not_picked":["Well Laid Plans","Underhanded Strike"],"picked":"Backstab","floor":2},{"not_picked":["Prepared","Outmaneuver"],"picked":"Dodge and Roll","floor":3},{"not_picked":["Grand Finale","Dodge and Roll"],"picked":"Dagger Spray","floor":6},{"not_picked":["Dagger Spray","Catalyst"],"picked":"Deadly Poison","floor":8},{"not_picked":["Masterful Stab","Infinite Blades"],"picked":"Cloak And Dagger","floor":11},{"not_picked":["Deflect","Dodge and Roll"],"picked":"Noxious Fumes","floor":13},{"not_picked":["Endless Agony","Heel Hook","Dagger Throw"],"picked":"SKIP","floor":14},{"not_picked":["A Thousand Cuts","Bullet Time"],"picked":"Venomology","floor":16},{"not_picked":["Slice","Bane"],"picked":"Poisoned Stab+1","floor":18},{"not_picked":["Masterful Stab","Outmaneuver+1"],"picked":"Sucker Punch","floor":20},{"not_picked":["Acrobatics","Backflip"],"picked":"Dagger Spray+1","floor":22}],"player_experience":296178,"relics_obtained":[{"floor":6,"key":"Whetstone"},{"floor":8,"key":"Letter Opener"},{"floor":9,"key":"Lantern"}],"event_choices":[{"event_name":"World of Goop","player_choice":"Gather Gold","floor":4,"damage_taken":0},{"event_name":"WeMeetAgain","player_choice":"Card","floor":19,"damage_taken":0}],"is_beta":true,"boss_relics":[{"not_picked":["Busted Crown","Lizard Tail"],"picked":"Black Star"}],"items_purged_floors":[],"is_endless":false,"potions_floor_spawned":[1,11,16,18,22],"killed_by":"Snecko","ascension_level":2}