{"gold_per_floor":[117,67,67,67,85,115,21,21,45,57,133,163,178,188,188,291,291,311,42,92,142,227,227],"floor_reached":23,"playtime":973,"items_purged":[],"score":227,"play_id":"7b50d31c-d080-4f52-9618-6e1e55c818c8","local_time":"20180912125648","is_ascension_mode":true,"campfire_choices":[{"floor":8,"key":"REST"},{"floor":15,"key":"REST"}],"neow_cost":"NONE","seed_source_timestamp":581790731748893,"circlet_count":0,"master_deck":["Defend_G+1","Defend_G+1","Defend_G+1","Defend_G+1","Defend_G+1","Strike_G+1","Strike_G+1","Strike_G+1","Strike_G+1","Survivor","Neutralize","Poisoned Stab","Poisoned Stab","Jack Of All Trades","All Out Attack","Bouncing Flask","Die Die Die","Distraction","A Thousand Cuts","Acrobatics+1","PiercingWail","Footwork","Terror"],"relics":["Fusion Hammer","SsserpentHead","Kunai","Juzu Bracelet","Omamori","Smiling Mask","WristBlade","Whetstone","Red Mask"],"potions_floor_usage":[6,6,12,22,23],"damage_taken":[{"damage":2,"enemies":"Jaw Worm","floor":1,"turns":7},{"damage":2,"enemies":"Small Slimes","floor":5,"turns":5},{"damage":29,"enemies":"3 Sentries","floor":6,"turns":16},{"damage":0,"enemies":"Cultist","floor":10,"turns":3},{"damage":22,"enemies":"Lagavulin","floor":12,"turns":6},{"damage":0,"enemies":"Large Slime","floor":13,"turns":5},{"damage":6,"enemies":"Gremlin Gang","floor":14,"turns":2},{"damage":38,"enemies":"Slime Boss","floor":16,"turns":11},{"damage":29,"enemies":"Shell Parasite","floor":18,"turns":5},{"damage":12,"enemies":"Masked Bandits","floor":22,"turns":4},{"damage":19,"enemies":"Book of Stabbing","floor":23,"turns":3}],"seed_played":"9045565489732809511","potions_obtained":[{"floor":1,"key":"Ancient Potion"},{"floor":5,"key":"SkillPotion"},{"floor":6,"key":"AttackPotion"},{"floor":16,"key":"Explosive Potion"},{"floor":22,"key":"AttackPotion"}],"is_trial":false,"path_per_floor":["M","?","?","?","M","E","$","R","T","M","T","E","M","M","R","B",null,"M","$","?","?","?"],"character_chosen":"THE_SILENT","items_purchased":["Jack Of All Trades","PiercingWail","Footwork","Whetstone"],"campfire_rested":2,"item_purchase_floors":[7,19,19,19],"current_hp_per_floor":[68,68,70,70,68,39,39,60,60,60,60,38,38,32,53,15,70,41,41,41,28,16,0],"gold":227,"neow_bonus":"BOSS_RELIC","is_prod":false,"is_daily":false,"chose_seed":false,"campfire_upgraded":0,"win_rate":0,"timestamp":1536778608,"path_taken":["M","?","?","?","M","E","$","R","T","M","?","E","M","M","R","BOSS","M","$","?","?","?","E"],"build_version":"2018-09-06","purchased_purges":0,"victory":false,"max_hp_per_floor":[70,70,70,70,70,70,70,70,70,70,70,70,70,70,70,70,70,70,70,70,75,75,75],"card_choices":[{"not_picked":["Leg Sweep","Deflect"],"picked":"Distraction","floor":1},{"not_picked":["Masterful Stab","Dodge and Roll"],"picked":"Poisoned Stab","floor":5},{"not_picked":["Predator","Burst"],"picked":"Poisoned Stab","floor":6},{"not_picked":["Dodge and Roll","Quick Slash"],"picked":"All Out Attack","floor":10},{"not_picked":["Flying Knee","Poisoned Stab"],"picked":"Bouncing Flask","floor":12},{"not_picked":["Bane","Distraction"],"picked":"Die Die Die","floor":13},{"not_picked":["Deflect","Escape Plan"],"picked":"Distraction","floor":14},{"not_picked":["Storm of Steel","Night Terror"],"picked":"A Thousand Cuts","floor":16},{"not_picked":["Flying Knee","Prepared"],"picked":"Acrobatics+1","floor":18},{"not_picked":["Choke+1","Flying Knee"],"picked":"Terror","floor":22}],"player_experience":507391,"relics_obtained":[{"floor":6,"key":"Kunai"},{"floor":9,"key":"Juzu Bracelet"},{"floor":11,"key":"Omamori"},{"floor":12,"key":"Smiling Mask"},{"floor":22,"key":"Red Mask"}],"event_choices":[{"event_name":"The Cleric","player_choice":"Card Removal","floor":2,"damage_taken":0},{"event_name":"Bonfire Elementals","player_choice":"UNCOMMON","floor":3,"damage_taken":0},{"event_name":"FaceTrader","player_choice":"Trade","floor":4,"damage_taken":0},{"event_name":"Back to Basics","player_choice":"Simplicity","floor":20,"damage_taken":0},{"event_name":"Forgotten Altar","player_choice":"Shed Blood","floor":21,"damage_taken":0},{"event_name":"Masked Bandits","player_choice":"Fought Bandits","floor":22,"damage_taken":0}],"is_beta":false,"boss_relics":[{"not_picked":["Velvet Choker","Eternal Feather"],"picked":"WristBlade"}],"items_purged_floors":[],"is_endless":false,"potions_floor_spawned":[1,5,6,16,22],"killed_by":"Book of Stabbing","ascension_level":3}