{"gold_per_floor":[113,131,144,155,174,205,217,217,240,273,273,291,291,320,320,393,393,413,431,442,442,452,477,477,497,521,554,554,252,252,252],"floor_reached":31,"playtime":1798,"items_purged":[],"score":535,"play_id":"49749b5e-0ea4-4e57-ab62-da2020f02527","local_time":"20190331105901","is_ascension_mode":true,"campfire_choices":[{"data":"Neutralize","floor":8,"key":"SMITH"},{"data":"A Thousand Cuts","floor":11,"key":"SMITH"},{"data":"Cloak And Dagger","floor":13,"key":"SMITH"},{"data":"Dagger Spray","floor":15,"key":"SMITH"},{"data":"Cloak And Dagger","floor":24,"key":"SMITH"},{"data":"Footwork","floor":28,"key":"SMITH"}],"neow_cost":"NONE","seed_source_timestamp":1336455230020800,"circlet_count":0,"master_deck":["AscendersBane","Defend_G+1","Defend_G+1","Defend_G+1","Defend_G+1","Defend_G+1","Strike_G+1","Strike_G+1","Strike_G+1","Strike_G+1","Strike_G+1","Survivor+1","Neutralize+1","Dagger Throw","Quick Slash","A Thousand Cuts+1","Cloak And Dagger+1","Backflip+1","Dagger Spray+1","Backflip","Deflect","Die Die Die","Cloak And Dagger+1","Cloak And Dagger","Predator","Endless Agony+1","Footwork+1","Escape Plan","Dark Shackles","Noxious Fumes","Pain"],"relics":["Coffee Dripper","Mango","Ancient Tea Set","Question Card","Boot","Busted Crown","Lantern","Oddly Smooth Stone","Matryoshka","War Paint","WarpedTongs"],"potions_floor_usage":[5,27,31],"damage_taken":[{"damage":0,"enemies":"2 Louse","floor":1,"turns":3},{"damage":0,"enemies":"Small Slimes","floor":2,"turns":4},{"damage":2,"enemies":"Cultist","floor":3,"turns":4},{"damage":4,"enemies":"Blue Slaver","floor":4,"turns":4},{"damage":0,"enemies":"Looter","floor":5,"turns":4},{"damage":13,"enemies":"Gremlin Nob","floor":6,"turns":4},{"damage":0,"enemies":"Red Slaver","floor":7,"turns":5},{"damage":13,"enemies":"Lagavulin","floor":10,"turns":9},{"damage":0,"enemies":"Gremlin Gang","floor":12,"turns":5},{"damage":15,"enemies":"Gremlin Nob","floor":14,"turns":4},{"damage":15,"enemies":"The Guardian","floor":16,"turns":12},{"damage":0,"enemies":"3 Byrds","floor":18,"turns":3},{"damage":5,"enemies":"2 Thieves","floor":19,"turns":3},{"damage":8,"enemies":"Centurion and Healer","floor":20,"turns":5},{"damage":15,"enemies":"Cultist and Chosen","floor":22,"turns":5},{"damage":29,"enemies":"Book of Stabbing","floor":23,"turns":6},{"damage":0,"enemies":"3 Cultists","floor":25,"turns":4},{"damage":0,"enemies":"Slavers","floor":27,"turns":2},{"damage":12,"enemies":"Centurion and Healer","floor":31,"turns":5}],"seed_played":"145396111988928285","potions_obtained":[{"floor":2,"key":"EssenceOfSteel"},{"floor":3,"key":"Swift Potion"},{"floor":10,"key":"AttackPotion"},{"floor":14,"key":"Strength Potion"}],"is_trial":false,"path_per_floor":["?","?","M"],"character_chosen":"THE_SILENT","items_purchased":["Dark Shackles","Noxious Fumes","War Paint"],"campfire_rested":0,"item_purchase_floors":[29,29,29],"current_hp_per_floor":[63,63,61,57,57,58,58,58,58,45,45,45,45,30,30,15,67,67,62,54,54,39,10,10,10,10,10,10,10,10,0],"gold":252,"neow_bonus":"BOSS_RELIC","is_prod":false,"is_daily":false,"chose_seed":false,"campfire_upgraded":6,"win_rate":0,"timestamp":1554044341,"path_taken":["M","M","M","M","M","E","M","R","T","E","R","M","R","E","R","BOSS","M","M","M","?","M","E","R","M","T","E","R","$","?","?"],"build_version":"2019-01-23","purchased_purges":0,"victory":false,"max_hp_per_floor":[70,70,70,70,70,84,84,84,84,84,84,84,84,84,84,84,84,84,84,84,84,84,84,84,84,84,84,84,84,84,84],"card_choices":[{"not_picked":["Flying Knee","Accuracy"],"picked":"Dagger Throw","floor":1},{"not_picked":["Acrobatics","Prepared"],"picked":"Quick Slash","floor":2},{"not_picked":["Catalyst","Prepared"],"picked":"A Thousand Cuts","floor":3},{"not_picked":["Predator","Flying Knee","Poisoned Stab"],"picked":"SKIP","floor":4},{"not_picked":["Bane","Deflect"],"picked":"Cloak And Dagger","floor":5},{"not_picked":["Setup","Predator","Blur"],"picked":"SKIP","floor":6},{"not_picked":["Poisoned Stab","Dash"],"picked":"Backflip","floor":7},{"not_picked":["Crippling Poison","PiercingWail"],"picked":"Dagger Spray","floor":10},{"not_picked":["Choke","Dash","Blade Dance"],"picked":"Backflip","floor":12},{"not_picked":["Skewer","Backstab","Riddle With Holes"],"picked":"Deflect","floor":14},{"not_picked":["Unload","Storm of Steel","Glass Knife"],"picked":"Die Die Die","floor":16},{"not_picked":["Blade Dance"],"picked":"Cloak And Dagger","floor":18},{"not_picked":["Underhanded Strike"],"picked":"Cloak And Dagger","floor":19},{"not_picked":["Deflect"],"picked":"Predator","floor":20},{"not_picked":["Dagger Throw","Prepared"],"picked":"SKIP","floor":22},{"not_picked":["Doppelganger"],"picked":"Endless Agony+1","floor":23},{"not_picked":["Deadly Poison"],"picked":"Footwork","floor":25},{"not_picked":["Bane"],"picked":"Escape Plan","floor":27}],"player_experience":1316898,"relics_obtained":[{"floor":6,"key":"Mango"},{"floor":9,"key":"Ancient Tea Set"},{"floor":10,"key":"Question Card"},{"floor":14,"key":"Boot"},{"floor":23,"key":"Lantern"},{"floor":26,"key":"Oddly Smooth Stone"},{"floor":27,"key":"Matryoshka"}],"event_choices":[{"damage_healed":0,"gold_gain":0,"player_choice":"Simplicity","damage_taken":0,"max_hp_gain":0,"max_hp_loss":0,"event_name":"Back to Basics","floor":21,"gold_loss":0,"cards_upgraded":["Defend_G","Defend_G","Defend_G","Defend_G","Defend_G","Strike_G","Strike_G","Strike_G","Strike_G","Strike_G"]},{"damage_healed":0,"gold_gain":0,"player_choice":"Rummage","damage_taken":0,"relics_obtained":["WarpedTongs"],"max_hp_gain":0,"max_hp_loss":0,"event_name":"Accursed Blacksmith","floor":30,"gold_loss":0,"cards_obtained":["Pain"]}],"is_beta":false,"boss_relics":[{"not_picked":["Calling Bell","Runic Pyramid"],"picked":"Busted Crown"}],"items_purged_floors":[],"is_endless":false,"potions_floor_spawned":[2,3,10,14,16,19,23,25],"killed_by":"Centurion and Healer","ascension_level":13}