{"gold_per_floor":[114,144,160,177,51,79,92,108,157,178,193,193,261,272,272,372,372,387,387,440,453,488,488,501,501,526,526],"floor_reached":27,"playtime":1305,"items_purged":["Regret"],"score":280,"play_id":"2973270a-3d89-47a8-a777-6f5a42cfd6e6","local_time":"20190122125650","is_ascension_mode":true,"campfire_choices":[{"floor":15,"key":"REST"},{"floor":23,"key":"REST"},{"floor":25,"key":"REST"}],"neow_cost":"NONE","seed_source_timestamp":83009815155921,"circlet_count":0,"master_deck":["Defend_G","Defend_G","Defend_G+1","Defend_G","Defend_G","Strike_G","Strike_G","Strike_G","Strike_G","Strike_G+1","Survivor","Neutralize","Dramatic Entrance","Quick Slash","Poisoned Stab","Dash","Flying Knee","Deflect","Deflect","Flying Knee","Escape Plan","Backflip","Crippling Poison","Burst","Concentrate","Shame","Calculated Gamble+1","Riddle With Holes","Blur"],"relics":["Ring of the Serpent","Tiny Chest","Ornamental Fan","Happy Flower","Odd Mushroom","Vajra","Smiling Mask","Red Mask","Ancient Tea Set"],"potions_floor_usage":[14,16,16,21,21,21,22,24],"damage_taken":[{"damage":7,"enemies":"Jaw Worm","floor":1,"turns":5},{"damage":1,"enemies":"2 Louse","floor":3,"turns":4},{"damage":2,"enemies":"Small Slimes","floor":4,"turns":2},{"damage":2,"enemies":"3 Sentries","floor":6,"turns":9},{"damage":18,"enemies":"Exordium Thugs","floor":7,"turns":5},{"damage":0,"enemies":"Looter","floor":8,"turns":3},{"damage":13,"enemies":"The Mushroom Lair","floor":10,"turns":4},{"damage":0,"enemies":"Exordium Wildlife","floor":11,"turns":5},{"damage":0,"enemies":"Red Slaver","floor":14,"turns":3},{"damage":3,"enemies":"The Guardian","floor":16,"turns":14},{"damage":29,"enemies":"Spheric Guardian","floor":18,"turns":9},{"damage":2,"enemies":"Shell Parasite","floor":21,"turns":8},{"damage":19,"enemies":"Masked Bandits","floor":22,"turns":5},{"damage":9,"enemies":"Snecko","floor":24,"turns":6},{"damage":65,"enemies":"Gremlin Leader","floor":27,"turns":7}],"seed_played":"-4786121965513451109","potions_obtained":[{"floor":1,"key":"Poison Potion"},{"floor":6,"key":"SteroidPotion"},{"floor":10,"key":"SkillPotion"},{"floor":11,"key":"PowerPotion"},{"floor":16,"key":"SpeedPotion"},{"floor":18,"key":"EntropicBrew"},{"floor":22,"key":"Regen Potion"}],"is_trial":false,"path_per_floor":["M","?","M","M","$","E","M","M","T","?","M","?","?","M","R","B",null,"M","?","T","M","?","R","M","R","T","E"],"character_chosen":"THE_SILENT","items_purchased":["Flying Knee"],"campfire_rested":3,"item_purchase_floors":[5],"current_hp_per_floor":[56,56,55,53,53,51,33,33,33,20,20,6,6,6,27,24,59,30,30,30,28,9,30,36,57,57,0],"gold":526,"neow_bonus":"RANDOM_COLORLESS","is_prod":false,"is_daily":false,"chose_seed":false,"campfire_upgraded":0,"win_rate":0,"timestamp":1548187010,"path_taken":["M","?","M","M","$","E","M","M","T","?","M","?","?","M","R","BOSS","M","?","?","M","?","R","M","R","T","E"],"build_version":"2019-01-17v2","purchased_purges":1,"victory":false,"max_hp_per_floor":[70,70,70,70,70,70,70,70,70,70,70,70,70,70,70,70,70,70,70,70,70,70,70,70,70,70,70],"card_choices":[{"not_picked":["Deadly Poison","Underhanded Strike"],"picked":"Quick Slash","floor":1},{"not_picked":["Backflip","Concentrate"],"picked":"Poisoned Stab","floor":3},{"not_picked":["Backflip","Wraith Form v2"],"picked":"Dash","floor":4},{"not_picked":["Predator","Prepared"],"picked":"Deflect","floor":6},{"not_picked":["Slice","Leg Sweep"],"picked":"Deflect","floor":7},{"not_picked":["Predator","Outmaneuver"],"picked":"Flying Knee","floor":8},{"not_picked":["Endless Agony","Cloak And Dagger"],"picked":"Escape Plan","floor":10},{"not_picked":["Deadly Poison","Underhanded Strike"],"picked":"Backflip","floor":11},{"not_picked":["PiercingWail","Cloak And Dagger"],"picked":"Crippling Poison","floor":14},{"not_picked":["Corpse Explosion","Phantasmal Killer"],"picked":"Burst","floor":16},{"not_picked":["Well Laid Plans","PiercingWail"],"picked":"Concentrate","floor":18},{"not_picked":["Predator","Blade Dance+1"],"picked":"Calculated Gamble+1","floor":21},{"not_picked":["Crippling Poison","Flying Knee"],"picked":"Riddle With Holes","floor":22},{"not_picked":["Underhanded Strike+1","Deadly Poison"],"picked":"Blur","floor":24}],"player_experience":1271283,"relics_obtained":[{"floor":6,"key":"Ornamental Fan"},{"floor":9,"key":"Happy Flower"},{"floor":10,"key":"Odd Mushroom"},{"floor":20,"key":"Smiling Mask"},{"floor":22,"key":"Red Mask"},{"floor":26,"key":"Ancient Tea Set"}],"event_choices":[{"damage_healed":0,"gold_gain":0,"player_choice":"Box","damage_taken":0,"relics_obtained":["Tiny Chest"],"max_hp_gain":0,"max_hp_loss":0,"event_name":"Big Fish","floor":2,"gold_loss":0,"cards_obtained":["Regret"]},{"damage_healed":0,"gold_gain":0,"player_choice":"Fought Mushrooms","damage_taken":0,"max_hp_gain":0,"max_hp_loss":0,"event_name":"Mushrooms","floor":10,"gold_loss":0},{"damage_healed":0,"gold_gain":0,"player_choice":"Entered Light","damage_taken":14,"max_hp_gain":0,"max_hp_loss":0,"event_name":"Shining Light","floor":12,"gold_loss":0,"cards_upgraded":["Defend_G","Strike_G"]},{"damage_healed":0,"gold_gain":68,"player_choice":"Gained Gold","damage_taken":0,"max_hp_gain":0,"max_hp_loss":0,"event_name":"Golden Wing","floor":13,"gold_loss":0},{"damage_healed":0,"gold_gain":0,"player_choice":"Stole Relic","damage_taken":0,"relics_obtained":["Vajra"],"max_hp_gain":0,"max_hp_loss":0,"event_name":"Addict","floor":19,"gold_loss":0,"cards_obtained":["Shame"]},{"damage_healed":0,"gold_gain":0,"player_choice":"Fought Bandits","damage_taken":0,"max_hp_gain":0,"max_hp_loss":0,"event_name":"Masked Bandits","floor":22,"gold_loss":0}],"is_beta":false,"boss_relics":[{"not_picked":["Ectoplasm","Black Star"],"picked":"Ring of the Serpent"}],"items_purged_floors":[5],"is_endless":false,"potions_floor_spawned":[1,6,10,11,16,18,22],"killed_by":"Gremlin Leader","ascension_level":6}