{"gold_per_floor":[118,133,146,222,238,238,273,273,273,290,315,315,315,315,315,315],"floor_reached":16,"playtime":516,"items_purged":[],"score":100,"play_id":"8ff6afd3-16f8-4c0d-a078-12f8c83488fb","local_time":"20190201155935","is_ascension_mode":false,"campfire_choices":[{"data":"Body Slam","floor":6,"key":"SMITH"},{"data":"Shrug It Off","floor":8,"key":"SMITH"},{"floor":13,"key":"REST"},{"floor":15,"key":"REST"}],"neow_cost":"NONE","seed_source_timestamp":272699715191129,"circlet_count":0,"master_deck":["Strike_R","Strike_R","Strike_R","Strike_R","Strike_R","Defend_R","Defend_R","Defend_R","Defend_R","Bash","Shrug It Off+1","Body Slam+1","Wild Strike+1","Pommel Strike","Cleave","Twin Strike+1"],"relics":["Burning Blood","Blood Vial","Mango","Dead Branch","Odd Mushroom","Turnip"],"potions_floor_usage":[7],"damage_taken":[{"damage":0,"enemies":"Small Slimes","floor":1,"turns":3},{"damage":3,"enemies":"Jaw Worm","floor":2,"turns":3},{"damage":0,"enemies":"2 Louse","floor":3,"turns":3},{"damage":9,"enemies":"Blue Slaver","floor":5,"turns":3},{"damage":39,"enemies":"Lagavulin","floor":7,"turns":8},{"damage":8,"enemies":"Exordium Wildlife","floor":10,"turns":3},{"damage":22,"enemies":"The Mushroom Lair","floor":11,"turns":4},{"damage":74,"enemies":"Hexaghost","floor":16,"turns":11}],"seed_played":"1034342240893176911","potions_obtained":[{"floor":2,"key":"Swift Potion"},{"floor":3,"key":"Ancient Potion"}],"is_trial":false,"path_per_floor":["M","M","M","?","M","R","E","R","T","M","?","?","R","?","R","B"],"character_chosen":"IRONCLAD","items_purchased":[],"campfire_rested":2,"item_purchase_floors":[],"current_hp_per_floor":[80,80,80,80,77,77,60,60,60,60,46,34,62,43,71,0],"gold":315,"neow_bonus":"RANDOM_COMMON_RELIC","is_prod":false,"is_daily":false,"chose_seed":false,"campfire_upgraded":2,"win_rate":0,"timestamp":1549061975,"path_taken":["M","M","M","?","M","R","E","R","T","M","?","?","R","?","R","BOSS"],"build_version":"2019-01-23","purchased_purges":0,"victory":false,"max_hp_per_floor":[80,80,80,80,80,80,94,94,94,94,94,94,94,94,94,94],"card_choices":[{"not_picked":["Cleave","Disarm"],"picked":"Shrug It Off","floor":1},{"not_picked":["Sentinel","Havoc"],"picked":"Body Slam","floor":2},{"not_picked":["Feel No Pain","Dropkick"],"picked":"Wild Strike","floor":3},{"not_picked":["Iron Wave","Flex"],"picked":"Pommel Strike","floor":5},{"not_picked":["Hemokinesis","Warcry","Rampage"],"picked":"SKIP","floor":7},{"not_picked":["Iron Wave","Rampage"],"picked":"Cleave","floor":10},{"not_picked":["Heavy Blade","Flex"],"picked":"Twin Strike","floor":11}],"player_experience":1361072,"relics_obtained":[{"floor":7,"key":"Mango"},{"floor":9,"key":"Dead Branch"},{"floor":11,"key":"Odd Mushroom"}],"event_choices":[{"damage_healed":0,"gold_gain":76,"player_choice":"Gained Gold","damage_taken":0,"max_hp_gain":0,"max_hp_loss":0,"event_name":"Golden Wing","floor":4,"gold_loss":0},{"damage_healed":0,"gold_gain":0,"player_choice":"Fought Mushrooms","damage_taken":0,"max_hp_gain":0,"max_hp_loss":0,"event_name":"Mushrooms","floor":11,"gold_loss":0},{"damage_healed":0,"gold_gain":0,"player_choice":"Success","damage_taken":12,"relics_obtained":["Turnip"],"max_hp_gain":0,"max_hp_loss":0,"event_name":"Scrap Ooze","floor":12,"gold_loss":0},{"damage_healed":0,"gold_gain":0,"player_choice":"Entered Light","damage_taken":19,"max_hp_gain":0,"max_hp_loss":0,"event_name":"Shining Light","floor":14,"gold_loss":0,"cards_upgraded":["Twin Strike","Wild Strike"]}],"is_beta":false,"boss_relics":[],"items_purged_floors":[],"is_endless":false,"potions_floor_spawned":[2,3],"killed_by":"Hexaghost","ascension_level":0}