{"gold_per_floor":[109,109,109,71,71,106,18,51,51,65,100,100,129,152,152,271,271,296,296],"floor_reached":19,"playtime":703,"items_purged":[],"score":373,"play_id":"34e6c37a-ae78-41fa-ab68-7983935d4f8e","local_time":"20190124204446","is_ascension_mode":true,"campfire_choices":[{"floor":15,"key":"REST"}],"neow_cost":"NONE","seed_source_timestamp":284492321956402,"circlet_count":0,"master_deck":["AscendersBane","Strike_R","Strike_R","Strike_R","Strike_R","Strike_R","Defend_R","Defend_R","Defend_R","Defend_R","Bash","True Grit","Injury","Dropkick","Heavy Blade","Good Instincts","Inflame","Flex","Flame Barrier","Infernal Blade","Twin Strike","Double Tap","Inflame"],"relics":["Burning Blood","NeowsBlessing","Golden Idol","Potion Belt","Omamori","Pocketwatch","Red Skull","Dodecahedron","Bag of Marbles","Odd Mushroom","Runic Cube"],"potions_floor_usage":[2,11,13,16,19],"damage_taken":[{"damage":0,"enemies":"Cultist","floor":1,"turns":1},{"damage":0,"enemies":"3 Sentries","floor":6,"turns":1},{"damage":0,"enemies":"Lagavulin","floor":8,"turns":1},{"damage":3,"enemies":"2 Louse","floor":10,"turns":2},{"damage":42,"enemies":"3 Sentries","floor":11,"turns":8},{"damage":14,"enemies":"The Mushroom Lair","floor":13,"turns":6},{"damage":7,"enemies":"Small Slimes","floor":14,"turns":2},{"damage":22,"enemies":"The Guardian","floor":16,"turns":17},{"damage":33,"enemies":"2 Thieves","floor":18,"turns":4},{"damage":53,"enemies":"Masked Bandits","floor":19,"turns":3}],"seed_played":"2031486474472334076","potions_obtained":[{"floor":1,"key":"Fruit Juice"},{"floor":10,"key":"Explosive Potion"},{"floor":11,"key":"SpeedPotion"},{"floor":13,"key":"SteroidPotion"},{"floor":18,"key":"FearPotion"}],"is_trial":false,"path_per_floor":["M","?","?","$","?","E","$","E","T","M","E","?","?","M","R","B",null,"M","?"],"character_chosen":"IRONCLAD","items_purchased":["Dropkick","Good Instincts"],"campfire_rested":1,"item_purchase_floors":[4,7],"current_hp_per_floor":[78,83,65,65,65,71,71,77,77,80,44,44,36,35,60,44,75,48,0],"gold":296,"neow_bonus":"THREE_ENEMY_KILL","is_prod":false,"is_daily":false,"chose_seed":false,"campfire_upgraded":0,"win_rate":0,"timestamp":1548387886,"path_taken":["M","?","?","$","?","E","$","E","T","?","E","?","?","M","R","BOSS","M","?"],"build_version":"2019-01-23","purchased_purges":0,"victory":false,"max_hp_per_floor":[80,85,85,85,85,85,85,85,85,85,85,85,85,85,85,85,85,85,85],"card_choices":[{"not_picked":["Inflame","Body Slam"],"picked":"True Grit","floor":1},{"not_picked":["Dark Embrace","Metallicize"],"picked":"Heavy Blade","floor":6},{"not_picked":["Perfected Strike","Infernal Blade"],"picked":"Inflame","floor":8},{"not_picked":["Thunderclap","Burning Pact"],"picked":"Flex","floor":10},{"not_picked":["Blood for Blood","Infernal Blade"],"picked":"Flame Barrier","floor":11},{"not_picked":["Rupture","Anger"],"picked":"Infernal Blade","floor":13},{"not_picked":["Pommel Strike","Clothesline"],"picked":"Twin Strike","floor":14},{"not_picked":["Dark Embrace","Fiend Fire"],"picked":"Double Tap","floor":16},{"not_picked":["Rupture","Entrench"],"picked":"Inflame","floor":18}],"player_experience":1298623,"relics_obtained":[{"floor":6,"key":"Pocketwatch"},{"floor":8,"key":"Red Skull"},{"floor":9,"key":"Dodecahedron"},{"floor":11,"key":"Bag of Marbles"},{"floor":13,"key":"Odd Mushroom"}],"event_choices":[{"damage_healed":0,"gold_gain":0,"player_choice":"Take Wound","damage_taken":0,"relics_obtained":["Golden Idol"],"max_hp_gain":0,"max_hp_loss":0,"event_name":"Golden Idol","floor":2,"gold_loss":0,"cards_obtained":["Injury"]},{"damage_healed":0,"gold_gain":0,"player_choice":"Success","damage_taken":18,"relics_obtained":["Potion Belt"],"max_hp_gain":0,"max_hp_loss":0,"event_name":"Scrap Ooze","floor":3,"gold_loss":0},{"damage_healed":0,"gold_gain":0,"player_choice":"Box","damage_taken":0,"relics_obtained":["Omamori"],"max_hp_gain":0,"max_hp_loss":0,"event_name":"Big Fish","floor":5,"gold_loss":0,"cards_obtained":["Regret"]},{"cards_removed":["Regret"],"damage_healed":0,"gold_gain":0,"player_choice":"Forget","damage_taken":0,"max_hp_gain":0,"max_hp_loss":0,"event_name":"Living Wall","floor":12,"gold_loss":0},{"damage_healed":0,"gold_gain":0,"player_choice":"Fought Mushrooms","damage_taken":0,"max_hp_gain":0,"max_hp_loss":0,"event_name":"Mushrooms","floor":13,"gold_loss":0},{"damage_healed":0,"gold_gain":0,"player_choice":"Fought Bandits","damage_taken":0,"max_hp_gain":0,"max_hp_loss":0,"event_name":"Masked Bandits","floor":19,"gold_loss":0}],"is_beta":false,"boss_relics":[{"not_picked":["Runic Pyramid","Runic Dome"],"picked":"Runic Cube"}],"items_purged_floors":[],"is_endless":false,"potions_floor_spawned":[1,10,11,13,18],"killed_by":"Masked Bandits","ascension_level":12}