{"gold_per_floor":[116,135,36,36,47,72,90,102,125,155,105,105],"floor_reached":12,"playtime":1273,"items_purged":[],"score":80,"play_id":"00e38399-24f0-4adb-a372-29e612d1dd98","local_time":"20190131082337","is_ascension_mode":false,"campfire_choices":[],"neow_cost":"TEN_PERCENT_HP_LOSS","seed_source_timestamp":206844310895068,"circlet_count":0,"master_deck":["Defend_G+1","Defend_G+1","Defend_G","Defend_G","Strike_G","Strike_G","Survivor","Neutralize","Endless Agony","Slice","Caltrops","Slice","Noxious Fumes","Poisoned Stab","Crippling Poison"],"relics":["Ring of the Snake","Dream Catcher","War Paint","Potion Belt"],"potions_floor_usage":[7,12,12,12],"damage_taken":[{"damage":0,"enemies":"Jaw Worm","floor":1,"turns":5},{"damage":0,"enemies":"Small Slimes","floor":2,"turns":3},{"damage":0,"enemies":"2 Louse","floor":5,"turns":3},{"damage":43,"enemies":"3 Sentries","floor":6,"turns":11},{"damage":2,"enemies":"Blue Slaver","floor":7,"turns":3},{"damage":2,"enemies":"Exordium Wildlife","floor":8,"turns":5},{"damage":13,"enemies":"Lagavulin","floor":12,"turns":4}],"seed_played":"1583136266140784167","potions_obtained":[{"floor":1,"key":"LiquidBronze"},{"floor":2,"key":"LiquidBronze"},{"floor":6,"key":"Poison Potion"},{"floor":8,"key":"Weak Potion"}],"is_trial":false,"path_per_floor":["?","?","?"],"character_chosen":"THE_SILENT","items_purchased":["Slice","Caltrops"],"campfire_rested":0,"item_purchase_floors":[3,3],"current_hp_per_floor":[63,63,63,56,56,13,11,9,9,9,9,0],"gold":105,"neow_bonus":"REMOVE_TWO","is_prod":false,"is_daily":false,"chose_seed":false,"campfire_upgraded":0,"win_rate":0.0,"timestamp":1548941017,"path_taken":["M","M","$","?","M","E","M","M","T","?","?","E"],"build_version":"2019-01-23","purchased_purges":0,"victory":false,"max_hp_per_floor":[63,63,63,63,63,63,63,63,63,63,63,63],"card_choices":[{"not_picked":["Dagger Spray","PiercingWail"],"picked":"Endless Agony","floor":1},{"not_picked":["Predator","Backflip","Outmaneuver"],"picked":"SKIP","floor":2},{"not_picked":["Well Laid Plans","Poisoned Stab"],"picked":"Slice","floor":5},{"not_picked":["A Thousand Cuts","Backflip"],"picked":"Noxious Fumes","floor":6},{"not_picked":["Dodge and Roll","Acrobatics"],"picked":"Poisoned Stab","floor":7},{"not_picked":["Terror","Underhanded Strike"],"picked":"Crippling Poison","floor":8}],"player_experience":55296,"relics_obtained":[{"floor":6,"key":"Dream Catcher"},{"floor":9,"key":"War Paint"}],"event_choices":[{"cards_removed":["Strike_G"],"damage_healed":0,"gold_gain":0,"player_choice":"Card Removal","damage_taken":7,"max_hp_gain":0,"max_hp_loss":0,"event_name":"Golden Wing","floor":4,"gold_loss":0},{"damage_healed":0,"gold_gain":30,"player_choice":"Searched \u00273\u0027 times","damage_taken":0,"relics_obtained":["Potion Belt"],"max_hp_gain":0,"max_hp_loss":0,"event_name":"Dead Adventurer","floor":10,"gold_loss":0},{"cards_removed":["Strike_G"],"damage_healed":0,"gold_gain":0,"player_choice":"Card Removal","damage_taken":0,"max_hp_gain":0,"max_hp_loss":0,"event_name":"The Cleric","floor":11,"gold_loss":50}],"is_beta":false,"boss_relics":[],"items_purged_floors":[],"is_endless":false,"potions_floor_spawned":[1,2,6,8],"killed_by":"Lagavulin","ascension_level":0}