{"gold_per_floor":[113,128,204,223,242,242,259,259,310,260,260,270,284,302,302,401,401,419,419,438,438,123,143,143,161,213,213,227,227,238,252,252,252],"floor_reached":33,"playtime":1215,"items_purged":[],"score":245,"play_id":"4820231e-8767-4d0f-a6c0-b1072d0a66aa","local_time":"20190215115326","is_ascension_mode":false,"campfire_choices":[{"data":"Flame Barrier","floor":6.0,"key":"SMITH"},{"data":"Havoc","floor":8.0,"key":"SMITH"},{"data":"Shockwave","floor":15.0,"key":"SMITH"},{"floor":24.0,"key":"REST"},{"floor":32,"key":"REST"}],"neow_cost":"NONE","seed_source_timestamp":231556298854592,"circlet_count":0,"master_deck":["Strike_R","Strike_R","Strike_R","Defend_R","Defend_R","Defend_R","Bash","Bludgeon","Flame Barrier+1","Flex","Cleave","Bludgeon","Havoc+1","Ghostly Armor","Shockwave+1","Flex","Barricade","Power Through+1","Havoc+1","Warcry","Power Through","Shrug It Off","True Grit","Feed","Deep Breath","Iron Wave+1","Rage","Shrug It Off","Bloodletting+1","Power Through"],"special_seed":0,"relics":["Burning Blood"],"potions_floor_usage":[28,28,33],"damage_taken":[{"damage":6.0,"enemies":"Jaw Worm","floor":1.0,"turns":2.0},{"damage":1.0,"enemies":"2 Louse","floor":2.0,"turns":3.0},{"damage":0.0,"enemies":"Small Slimes","floor":4.0,"turns":3.0},{"damage":4.0,"enemies":"Exordium Thugs","floor":5.0,"turns":4.0},{"damage":5.0,"enemies":"Looter","floor":7.0,"turns":2.0},{"damage":0.0,"enemies":"Blue Slaver","floor":12.0,"turns":1.0},{"damage":3.0,"enemies":"2 Fungi Beasts","floor":13.0,"turns":3.0},{"damage":7.0,"enemies":"3 Louse","floor":14.0,"turns":5.0},{"damage":65.0,"enemies":"Hexaghost","floor":16.0,"turns":10.0},{"damage":34.0,"enemies":"Shell Parasite","floor":18.0,"turns":8.0},{"damage":17.0,"enemies":"Spheric Guardian","floor":20.0,"turns":4.0},{"damage":12.0,"enemies":"Snecko","floor":23.0,"turns":5.0},{"damage":14.0,"enemies":"Centurion and Healer","floor":25.0,"turns":5.0},{"damage":10,"enemies":"Cultist and Chosen","floor":28,"turns":8},{"damage":37,"enemies":"Colosseum Slavers","floor":29,"turns":7},{"damage":11,"enemies":"Chosen and Byrds","floor":30,"turns":8},{"damage":11,"enemies":"Snake Plant","floor":31,"turns":5},{"damage":35,"enemies":"Automaton","floor":33,"turns":12}],"seed_played":"-2257195985961775692","potions_obtained":[{"floor":1.0,"key":"SkillPotion"},{"floor":7.0,"key":"Energy Potion"},{"floor":14.0,"key":"Weak Potion"},{"floor":16.0,"key":"SteroidPotion"},{"floor":20.0,"key":"Ancient Potion"},{"floor":31,"key":"Explosive Potion"}],"is_trial":false,"path_per_floor":["M","M","?","M","M","R","M","R","T","?","?","M","M","M","R","B",null,"M","?","M","?","$","M","R","M","T","?","M","?","M","M","R","B"],"character_chosen":"IRONCLAD","items_purchased":["Shrug It Off","True Grit","Feed","Deep Breath"],"campfire_rested":2,"item_purchase_floors":[22,22,22,22],"current_hp_per_floor":[80,80,80,80,80,80,80,80,80,80,80,80,80,79,79,20,80,52,52,41,41,41,35,59,51,51,51,47,19,14,9,33,0],"gold":252,"neow_bonus":"ONE_RANDOM_RARE_CARD","is_prod":false,"is_daily":false,"chose_seed":false,"campfire_upgraded":3,"win_rate":0,"timestamp":1550256806,"path_taken":["M","M","?","M","M","R","M","R","T","?","?","M","M","?","R","BOSS","M","?","M","?","$","?","R","M","T","?","M","?","M","M","R","BOSS"],"build_version":"2019-01-23","purchased_purges":0,"victory":false,"max_hp_per_floor":[80,80,80,80,80,80,80,80,80,80,80,80,80,80,80,80,80,80,80,80,80,80,80,80,80,80,80,80,83,83,83,83,83],"card_choices":[{"not_picked":["Twin Strike","Thunderclap"],"picked":"Flame Barrier","floor":1.0},{"not_picked":["Warcry","Clothesline"],"picked":"Flex","floor":2.0},{"not_picked":["Sword Boomerang","Clothesline"],"picked":"Cleave","floor":4.0},{"not_picked":["Corruption","Searing Blow"],"picked":"Bludgeon","floor":5.0},{"not_picked":["True Grit","Clash"],"picked":"Havoc","floor":7.0},{"not_picked":["Warcry","Twin Strike"],"picked":"Ghostly Armor","floor":12.0},{"not_picked":["Sentinel","Pommel Strike"],"picked":"Shockwave","floor":13.0},{"not_picked":["Cleave","Rupture"],"picked":"Flex","floor":14.0},{"not_picked":["Exhume","Brutality"],"picked":"Barricade","floor":16.0},{"not_picked":["Sword Boomerang","Anger"],"picked":"Power Through+1","floor":18.0},{"not_picked":["Clothesline","Rupture"],"picked":"Havoc+1","floor":20.0},{"not_picked":["Clash+1","Rampage"],"picked":"Iron Wave+1","floor":23.0},{"not_picked":["Metallicize","Intimidate"],"picked":"Rage","floor":25.0},{"not_picked":["Headbutt","Thunderclap"],"picked":"Shrug It Off","floor":28},{"not_picked":["Heavy Blade","Sword Boomerang+1"],"picked":"Bloodletting+1","floor":30},{"not_picked":["Iron Wave","Exhume"],"picked":"Power Through","floor":31}],"player_experience":1491012,"relics_obtained":[],"event_choices":[{"damage_healed":0.0,"max_hp_gain":0.0,"max_hp_loss":0.0,"gold_gain":76.0,"event_name":"Golden Wing","player_choice":"Gained Gold","floor":3.0,"gold_loss":0.0,"damage_taken":0.0},{"cards_removed":["Strike_R"],"damage_healed":0.0,"max_hp_gain":0.0,"max_hp_loss":0.0,"gold_gain":0.0,"event_name":"The Cleric","player_choice":"Card Removal","floor":10.0,"gold_loss":50.0,"damage_taken":0.0},{"damage_healed":0.0,"max_hp_gain":0.0,"max_hp_loss":0.0,"gold_gain":0.0,"event_name":"Golden Idol","player_choice":"Ignored","floor":11.0,"gold_loss":0.0,"damage_taken":0.0},{"damage_healed":0.0,"max_hp_gain":0.0,"max_hp_loss":0.0,"gold_gain":0.0,"event_name":"The Mausoleum","player_choice":"Ignored","floor":19.0,"gold_loss":0.0,"damage_taken":0.0},{"damage_healed":0.0,"max_hp_gain":0.0,"max_hp_loss":0.0,"gold_gain":0.0,"cards_transformed":["Strike_R","Defend_R"],"event_name":"Drug Dealer","player_choice":"Became Test Subject","floor":21.0,"gold_loss":0.0,"damage_taken":0.0,"cards_obtained":["Warcry","Power Through"]},{"damage_healed":0.0,"max_hp_gain":0.0,"max_hp_loss":0.0,"gold_gain":0.0,"event_name":"Cursed Tome","player_choice":"Ignored","floor":27.0,"gold_loss":0.0,"damage_taken":0.0},{"damage_healed":0,"gold_gain":0,"player_choice":"Fight","damage_taken":0,"max_hp_gain":0,"max_hp_loss":0,"event_name":"Colosseum","floor":29,"gold_loss":0},{"damage_healed":0,"gold_gain":0,"player_choice":"Fled From Nobs","damage_taken":0,"max_hp_gain":0,"max_hp_loss":0,"event_name":"Colosseum","floor":29,"gold_loss":0}],"is_beta":false,"boss_relics":[{"not_picked":["Sozu","Astrolabe","White Beast Statue"]}],"items_purged_floors":[],"is_endless":false,"potions_floor_spawned":[1,7,14,16,20,23,29,31],"killed_by":"Automaton","ascension_level":0}