{"gold_per_floor":[17,31,31,31,41,41,41,75,98,98,123,48,48,48,48,146,146,166,265,285,353,367,367,402,402,402,402,429,123,134,53,53,156,156,176,7,107,125,141,141,156,191,263,263,263,89,122,24,24,24],"floor_reached":51,"playtime":2620,"items_purged":["Strike_B"],"score":1221,"play_id":"59b4978c-5110-4cac-8d38-26ba89d78810","local_time":"20190210155348","is_ascension_mode":true,"campfire_choices":[{"data":"Streamline","floor":6.0,"key":"SMITH"},{"data":"Biased Cognition","floor":10.0,"key":"SMITH"},{"floor":13.0,"key":"REST"},{"data":"Defragment","floor":15.0,"key":"SMITH"},{"data":"Genetic Algorithm","floor":23.0,"key":"SMITH"},{"data":"BootSequence","floor":25.0,"key":"SMITH"},{"floor":27.0,"key":"REST"},{"floor":32.0,"key":"REST"},{"data":"Apotheosis","floor":40,"key":"SMITH"},{"floor":45,"key":"REST"},{"floor":49,"key":"REST"}],"neow_cost":"NO_GOLD","seed_source_timestamp":679857154097324,"circlet_count":0,"master_deck":["AscendersBane","Defend_B","Defend_B","Defend_B","Defend_B","Dualcast","Biased Cognition+1","Ball Lightning","Go for the Eyes","Defragment+1","Glacier","Biased Cognition","Darkness+1","BootSequence+1","Genetic Algorithm+1","Rebound","Melter+1","White Noise+1","Defragment","Leap+1","Cold Snap","Capacitor","Electrodynamics","Chill+1","BootSequence+1","Steam Power+1","Darkness+1","Coolheaded+1","Apotheosis+1","Hologram","Force Field","Steam","White Noise","Defragment+1","Capacitor","Secret Technique","Discovery","Stack"],"special_seed":0,"relics":["Cracked Core","Dream Catcher","Bag of Preparation","Mercury Hourglass","Empty Cage","Gremlin Horn","Prayer Wheel","Ornamental Fan","Centennial Puzzle","Omamori","Astrolabe","Girya","Shuriken","Bottled Tornado","StoneCalendar"],"potions_floor_usage":[39,50],"damage_taken":[{"damage":6.0,"enemies":"Cultist","floor":1.0,"turns":3.0},{"damage":0.0,"enemies":"2 Louse","floor":2.0,"turns":2.0},{"damage":3.0,"enemies":"Small Slimes","floor":5.0,"turns":2.0},{"damage":20.0,"enemies":"Gremlin Nob","floor":8.0,"turns":4.0},{"damage":30.0,"enemies":"Lagavulin","floor":11.0,"turns":4.0},{"damage":22.0,"enemies":"Hexaghost","floor":16.0,"turns":12.0},{"damage":0.0,"enemies":"Chosen","floor":18.0,"turns":4.0},{"damage":4.0,"enemies":"2 Thieves","floor":20.0,"turns":4.0},{"damage":10.0,"enemies":"Centurion and Healer","floor":22.0,"turns":7.0},{"damage":20.0,"enemies":"Slavers","floor":24.0,"turns":8.0},{"damage":15.0,"enemies":"Book of Stabbing","floor":28.0,"turns":8.0},{"damage":20.0,"enemies":"3 Cultists","floor":30.0,"turns":5.0},{"damage":40.0,"enemies":"Collector","floor":33.0,"turns":11.0},{"damage":1.0,"enemies":"3 Darklings","floor":35.0,"turns":4.0},{"damage":10.0,"enemies":"Mind Bloom Boss Battle","floor":37.0,"turns":8.0},{"damage":9.0,"enemies":"Orb Walker","floor":38.0,"turns":3.0},{"damage":6,"enemies":"Transient","floor":39,"turns":5},{"damage":14,"enemies":"Spire Growth","floor":41,"turns":6},{"damage":0,"enemies":"Giant Head","floor":42,"turns":12},{"damage":21,"enemies":"Reptomancer","floor":47,"turns":5},{"damage":9,"enemies":"Time Eater","floor":50,"turns":23}],"seed_played":"7958576327898245161","potions_obtained":[{"floor":1.0,"key":"Dexterity Potion"},{"floor":2.0,"key":"Weak Potion"},{"floor":3.0,"key":"Explosive Potion"},{"floor":16.0,"key":"Dexterity Potion"},{"floor":20.0,"key":"Swift Potion"},{"floor":30.0,"key":"LiquidBronze"},{"floor":33.0,"key":"GamblersBrew"},{"floor":37.0,"key":"SmokeBomb"},{"floor":47,"key":"FearPotion"}],"is_trial":false,"path_per_floor":["M","M","?","$","M","R","$","E","T","R","E","$","R","?","R","B",null,"M","?","M","T","M","R","E","R","T","R","E","$","M","$","R","B",null,"M","$","?","M","M","R","M","E","T","?","R","$","E","$","R","B",null],"character_chosen":"DEFECT","items_purchased":["Defragment","Defragment","Omamori","Capacitor","Apotheosis","Secret Technique","Discovery"],"campfire_rested":5,"item_purchase_floors":[12,29,29,31,36,46,48],"current_hp_per_floor":[62,62,62,62,59,59,59,39,39,39,9,9,31,36,36,14,64,64,64,60,60,50,50,30,30,30,54,39,39,19,19,43,3,61,60,60,50,41,35,35,21,21,21,21,45,45,24,24,48,39],"gold":24,"neow_bonus":"THREE_RARE_CARDS","is_prod":false,"is_daily":false,"chose_seed":false,"campfire_upgraded":6,"win_rate":0,"timestamp":1549842828,"path_taken":["M","?","?","$","M","R","?","E","T","R","E","$","R","?","R","BOSS","M","?","M","?","?","R","E","R","T","R","E","?","M","$","R","BOSS","M","$","?","M","M","R","M","E","T","?","R","$","E","$","R","BOSS"],"build_version":"2019-01-23","purchased_purges":1,"victory":true,"max_hp_per_floor":[75,75,75,75,75,75,75,75,75,75,75,75,75,80,80,80,80,80,80,80,80,80,80,80,80,80,80,80,80,80,80,80,80,80,80,80,80,80,80,80,80,80,80,80,80,80,80,80,80,80],"card_choices":[{"not_picked":["Buffer","Amplify"],"picked":"Biased Cognition","floor":0.0},{"not_picked":["Blizzard","Aggregate","Tempest"],"picked":"SKIP","floor":1.0},{"not_picked":["Sweeping Beam","Rip and Tear"],"picked":"Ball Lightning","floor":2.0},{"not_picked":["Conserve Battery","Rebound"],"picked":"Streamline","floor":5.0},{"not_picked":["Reprogram","Hyperbeam"],"picked":"Go for the Eyes","floor":8.0},{"not_picked":["Gash","Thunder Strike","Fusion"],"picked":"SKIP","floor":11.0},{"not_picked":["Scrape","Self Repair"],"picked":"Glacier","floor":13.0},{"not_picked":["Multi-Cast","Thunder Strike"],"picked":"Biased Cognition","floor":16.0},{"not_picked":["Blizzard","Beam Cell"],"picked":"Darkness+1","floor":18.0},{"not_picked":["Fusion","Scrape"],"picked":"BootSequence","floor":20.0},{"not_picked":["Ball Lightning","Stack"],"picked":"Genetic Algorithm","floor":22.0},{"not_picked":["Streamline","Ball Lightning"],"picked":"Rebound","floor":24.0},{"not_picked":["Rip and Tear+1","Ball Lightning"],"picked":"Melter+1","floor":27.0},{"not_picked":["Force Field","Conserve Battery+1"],"picked":"White Noise+1","floor":28.0},{"not_picked":["Aggregate","Steam Power+1"],"picked":"Leap+1","floor":30.0},{"not_picked":["Scrape","Turbo"],"picked":"Cold Snap","floor":30.0},{"not_picked":["Thunder Strike","Core Surge"],"picked":"Electrodynamics","floor":33.0},{"not_picked":["Ball Lightning+1","Go for the Eyes"],"picked":"Darkness+1","floor":35.0},{"not_picked":["Auto Shields","Storm"],"picked":"Coolheaded+1","floor":35.0},{"not_picked":["Gash+1","Loop"],"picked":"Hologram","floor":38.0},{"not_picked":["Undo","Steam Power+1"],"picked":"Force Field","floor":38.0},{"not_picked":["Consume+1","Electrodynamics"],"picked":"Steam","floor":39},{"not_picked":["Ball Lightning+1","Steam"],"picked":"White Noise","floor":39},{"not_picked":["Cold Snap+1","Sweeping Beam+1"],"picked":"Defragment+1","floor":41},{"not_picked":["Blizzard","Hello World","Thunder Strike"],"picked":"SKIP","floor":41},{"not_picked":["Gash+1","Doom and Gloom","Scrape+1"],"picked":"SKIP","floor":42},{"not_picked":["Redo","Conserve Battery"],"picked":"Capacitor","floor":45},{"not_picked":["Barrage+1","Sweeping Beam","Ball Lightning"],"picked":"SKIP","floor":47},{"not_picked":["Melter+1","Leap+1"],"picked":"Stack","floor":49}],"player_experience":375146,"relics_obtained":[{"floor":8.0,"key":"Dream Catcher"},{"floor":9.0,"key":"Bag of Preparation"},{"floor":11.0,"key":"Mercury Hourglass"},{"floor":21.0,"key":"Gremlin Horn"},{"floor":24.0,"key":"Prayer Wheel"},{"floor":26.0,"key":"Ornamental Fan"},{"floor":28.0,"key":"Centennial Puzzle"},{"floor":37.0,"key":"Girya"},{"floor":42,"key":"Shuriken"},{"floor":43,"key":"Bottled Tornado"},{"floor":47,"key":"StoneCalendar"}],"event_choices":[{"damage_healed":0.0,"max_hp_gain":0.0,"max_hp_loss":0.0,"gold_gain":0.0,"event_name":"Lab","player_choice":"Got Potions","floor":3.0,"gold_loss":0.0,"damage_taken":0.0},{"damage_healed":0.0,"max_hp_gain":5.0,"max_hp_loss":0.0,"gold_gain":0.0,"event_name":"Big Fish","player_choice":"Donut","floor":14.0,"gold_loss":0.0,"damage_taken":0.0},{"damage_healed":0.0,"max_hp_gain":0.0,"max_hp_loss":0.0,"gold_gain":99.0,"event_name":"Nest","player_choice":"Stole From Cult","floor":19.0,"gold_loss":0.0,"damage_taken":0.0},{"damage_healed":0.0,"max_hp_gain":0.0,"max_hp_loss":0.0,"gold_gain":0.0,"event_name":"MindBloom","player_choice":"Fight","floor":37.0,"gold_loss":0.0,"damage_taken":0.0},{"damage_healed":0,"gold_gain":0,"player_choice":"Ignored","damage_taken":0,"max_hp_gain":0,"max_hp_loss":0,"event_name":"Tomb of Lord Red Mask","floor":44,"gold_loss":0}],"is_beta":false,"boss_relics":[{"not_picked":["Black Star","Orrery"],"picked":"Empty Cage"},{"not_picked":["Philosopher\u0027s Stone","White Beast Statue"],"picked":"Astrolabe"}],"items_purged_floors":[29],"is_endless":false,"potions_floor_spawned":[1,2,8,16,20,22,30,33,37,38,47],"ascension_level":10}