{"gold_per_floor":[15,31,31,31,50,50,78,78,78,7,35,70,82,110,122,234,246,272,66,77,77,94,94,20,20,20,46,46,46],"floor_reached":29,"playtime":1129,"items_purged":["Regret"],"score":361,"play_id":"86466078-b27c-45ef-a6a6-627472b197ad","local_time":"20190326125501","is_ascension_mode":true,"campfire_choices":[{"data":"Zap","floor":6,"key":"SMITH"},{"data":"Go for the Eyes","floor":8,"key":"SMITH"},{"data":"Creative AI","floor":13,"key":"SMITH"},{"data":"White Noise","floor":15,"key":"SMITH"},{"floor":23,"key":"DIG"},{"floor":25,"key":"DIG"}],"neow_cost":"NO_GOLD","seed_source_timestamp":912085300126893,"circlet_count":0,"master_deck":["Strike_B","Strike_B","Strike_B+1","Strike_B","Defend_B","Defend_B","Defend_B","Defend_B","Zap+1","Dualcast","Cold Snap","BootSequence+1","Go for the Eyes+1","Conserve Battery","Creative AI+1","Cold Snap","Chill","White Noise+1","Machine Learning","Doubt","Capacitor","Echo Form","Coolheaded","Capacitor","Creative AI"],"relics":["Cracked Core","Gremlin Horn","Mummified Hand","Odd Mushroom","MawBank","Calling Bell","PreservedInsect","Kunai","Shovel","Mercury Hourglass","Regal Pillow","Art of War"],"potions_floor_usage":[29,29,29],"damage_taken":[{"damage":3,"enemies":"Jaw Worm","floor":1,"turns":4},{"damage":2,"enemies":"2 Louse","floor":2,"turns":3},{"damage":0,"enemies":"Cultist","floor":5,"turns":3},{"damage":18,"enemies":"Lagavulin","floor":7,"turns":7},{"damage":3,"enemies":"The Mushroom Lair","floor":11,"turns":5},{"damage":8,"enemies":"3 Sentries","floor":12,"turns":4},{"damage":0,"enemies":"Exordium Wildlife","floor":14,"turns":2},{"damage":22,"enemies":"Slime Boss","floor":16,"turns":7},{"damage":20,"enemies":"Chosen","floor":18,"turns":7},{"damage":7,"enemies":"Shell Parasite","floor":20,"turns":7},{"damage":9,"enemies":"Snecko","floor":22,"turns":5},{"damage":22,"enemies":"Slavers","floor":27,"turns":3},{"damage":11,"enemies":"Snake Plant","floor":29,"turns":2}],"seed_played":"-1149498298663646214","potions_obtained":[{"floor":5,"key":"EssenceOfSteel"},{"floor":7,"key":"GamblersBrew"},{"floor":14,"key":"AttackPotion"}],"is_trial":false,"path_per_floor":["?","?","?","?","$","$"],"character_chosen":"DEFECT","items_purchased":["Creative AI","Echo Form","Creative AI"],"campfire_rested":0,"item_purchase_floors":[10,19,24],"current_hp_per_floor":[79,77,59,59,59,59,41,41,41,41,38,30,30,30,30,8,69,49,49,42,42,33,33,33,33,33,11,11,0],"gold":46,"neow_bonus":"TWENTY_PERCENT_HP_BONUS","is_prod":false,"is_daily":false,"chose_seed":false,"campfire_upgraded":4,"win_rate":0,"timestamp":1553619301,"path_taken":["M","M","?","?","M","R","E","R","T","$","?","E","R","M","R","BOSS","M","$","M","?","M","R","?","R","T","E","?","M"],"build_version":"2019-01-23","purchased_purges":1,"victory":false,"max_hp_per_floor":[89,89,89,89,89,89,89,89,89,89,89,89,89,89,89,89,89,89,89,89,89,89,89,89,89,89,89,89,89],"card_choices":[{"not_picked":["Scrape","Turbo"],"picked":"Cold Snap","floor":1},{"not_picked":["Scrape","Barrage"],"picked":"BootSequence","floor":2},{"not_picked":["Rip and Tear","Leap"],"picked":"Go for the Eyes","floor":5},{"not_picked":["Reinforced Body","Steam"],"picked":"Conserve Battery","floor":7},{"not_picked":["Barrage","Rebound"],"picked":"Cold Snap","floor":11},{"not_picked":["Rebound","Auto Shields"],"picked":"Chill","floor":12},{"not_picked":["Thunder Strike","Hologram"],"picked":"White Noise","floor":14},{"not_picked":["Core Surge","Reboot"],"picked":"Machine Learning","floor":16},{"not_picked":["Redo","Sunder"],"picked":"Capacitor","floor":18},{"not_picked":["Streamline","Fusion"],"picked":"Coolheaded","floor":20},{"not_picked":["Stack","Ball Lightning"],"picked":"Capacitor","floor":22},{"not_picked":["Doom and Gloom","Gash","Cold Snap"],"picked":"SKIP","floor":27}],"player_experience":1033608,"relics_obtained":[{"floor":7,"key":"Gremlin Horn"},{"floor":9,"key":"Mummified Hand"},{"floor":11,"key":"Odd Mushroom"},{"floor":12,"key":"MawBank"},{"floor":17,"key":"PreservedInsect"},{"floor":17,"key":"Kunai"},{"floor":17,"key":"Shovel"},{"floor":23,"key":"Mercury Hourglass"},{"floor":25,"key":"Regal Pillow"},{"floor":27,"key":"Art of War"}],"event_choices":[{"damage_healed":0,"gold_gain":0,"player_choice":"Entered Light","damage_taken":18,"max_hp_gain":0,"max_hp_loss":0,"event_name":"Shining Light","floor":3,"gold_loss":0,"cards_upgraded":["BootSequence","Strike_B"]},{"damage_healed":0,"gold_gain":0,"player_choice":"Leave","damage_taken":0,"max_hp_gain":0,"max_hp_loss":0,"event_name":"The Cleric","floor":4,"gold_loss":0},{"damage_healed":0,"gold_gain":0,"player_choice":"Fought Mushrooms","damage_taken":0,"max_hp_gain":0,"max_hp_loss":0,"event_name":"Mushrooms","floor":11,"gold_loss":0},{"cards_removed":["Decay"],"damage_healed":0,"gold_gain":0,"player_choice":"Card Removal","damage_taken":0,"max_hp_gain":0,"max_hp_loss":0,"event_name":"Wheel of Change","floor":21,"gold_loss":0}],"is_beta":false,"boss_relics":[{"not_picked":["Runic Dome","Ectoplasm"],"picked":"Calling Bell"}],"items_purged_floors":[19],"is_endless":false,"potions_floor_spawned":[5,7,14,22],"killed_by":"Snake Plant","ascension_level":9}