{"gold_per_floor":[218,73,43,43,66,93,118,130,197,224,250,273,285,314,326,434,446,470,397,309,327,202,202,127,127,127,127,146,146,164,177,177,278,278,289,305,305,323,340,340,340,340,367,217,217,236,61,87,87,87],"floor_reached":51,"playtime":1499,"items_purged":["Strike_R","Strike_R","Strike_R","Strike_R","Defend_R"],"score":819,"play_id":"44c1562b-48b1-493b-8cfb-e1682fb2dc1f","local_time":"20190206100706","is_ascension_mode":false,"campfire_choices":[{"data":"Searing Blow","floor":13.0,"key":"SMITH"},{"data":"Searing Blow+1","floor":15.0,"key":"SMITH"},{"data":"Searing Blow+2","floor":23.0,"key":"SMITH"},{"data":"Searing Blow+3","floor":25.0,"key":"SMITH"},{"data":"Searing Blow+4","floor":27.0,"key":"SMITH"},{"data":"Searing Blow+5","floor":29.0,"key":"SMITH"},{"data":"Searing Blow+6","floor":32.0,"key":"SMITH"},{"data":"Searing Blow+7","floor":40,"key":"SMITH"},{"data":"Searing Blow+8","floor":42,"key":"SMITH"},{"data":"Searing Blow+9","floor":49,"key":"SMITH"}],"neow_cost":"NONE","seed_source_timestamp":314031878390403,"circlet_count":0,"master_deck":["Defend_R","Defend_R","Bash","Iron Wave","Searing Blow+10","Double Tap"],"special_seed":0,"relics":["Black Blood","MawBank","Meat on the Bone","Lantern","Toxic Egg 2","PreservedInsect","Sozu","Art of War","Happy Flower"],"potions_floor_usage":[39,50],"damage_taken":[{"damage":6.0,"enemies":"Jaw Worm","floor":1.0,"turns":6.0},{"damage":1.0,"enemies":"Cultist","floor":6.0,"turns":4.0},{"damage":0.0,"enemies":"2 Louse","floor":7.0,"turns":2.0},{"damage":6.0,"enemies":"Red Slaver","floor":10.0,"turns":3.0},{"damage":15.0,"enemies":"Exordium Thugs","floor":11.0,"turns":4.0},{"damage":0.0,"enemies":"Exordium Wildlife","floor":12.0,"turns":3.0},{"damage":11.0,"enemies":"3 Louse","floor":14.0,"turns":3.0},{"damage":71.0,"enemies":"Hexaghost","floor":16.0,"turns":10.0},{"damage":41.0,"enemies":"Shell Parasite","floor":18.0,"turns":9.0},{"damage":5.0,"enemies":"Chosen","floor":21.0,"turns":5.0},{"damage":37.0,"enemies":"Sentry and Sphere","floor":28.0,"turns":6.0},{"damage":4.0,"enemies":"Shelled Parasite and Fungi","floor":30.0,"turns":3.0},{"damage":0.0,"enemies":"Snake Plant","floor":31.0,"turns":1.0},{"damage":32.0,"enemies":"Collector","floor":33.0,"turns":3.0},{"damage":28.0,"enemies":"3 Shapes","floor":35.0,"turns":5.0},{"damage":0.0,"enemies":"Orb Walker","floor":36.0,"turns":2.0},{"damage":46,"enemies":"4 Shapes","floor":38,"turns":7},{"damage":27,"enemies":"Transient","floor":39,"turns":5},{"damage":5,"enemies":"3 Darklings","floor":46,"turns":8},{"damage":0,"enemies":"Reptomancer","floor":48,"turns":1},{"damage":66,"enemies":"Awakened One","floor":50,"turns":7}],"seed_played":"6947029402135215155","potions_obtained":[{"floor":3.0,"key":"Block Potion"},{"floor":3.0,"key":"LiquidBronze"},{"floor":6.0,"key":"Energy Potion"},{"floor":11.0,"key":"EssenceOfSteel"},{"floor":18.0,"key":"Ancient Potion"},{"floor":30.0,"key":"EssenceOfSteel"}],"is_trial":false,"path_per_floor":["M","$","?","$","T","M","M","?","T","M","M","M","R","M","R","B",null,"M","?","$","M","$","R","?","R","T","R","M","R","M","M","R","B",null,"M","M","?","M","M","R","?","R","T","$","?","M","$","E","R","B",null],"character_chosen":"IRONCLAD","items_purchased":["Searing Blow"],"campfire_rested":0,"item_purchase_floors":[2],"current_hp_per_floor":[80,80,80,80,80,80,80,80,80,80,71,77,77,72,72,19,80,61,61,61,66,66,66,66,66,66,66,51,51,57,67,67,57,80,62,72,72,48,43,43,43,43,43,43,43,60,60,70,70,26],"gold":87,"neow_bonus":"HUNDRED_GOLD","is_prod":false,"is_daily":false,"chose_seed":false,"campfire_upgraded":10,"win_rate":0,"timestamp":1549476426,"path_taken":["M","$","?","$","?","M","M","?","T","M","M","?","R","M","R","BOSS","M","?","$","M","$","R","?","R","T","R","M","R","M","M","R","BOSS","M","M","?","M","M","R","?","R","T","$","?","?","?","E","R","BOSS"],"build_version":"2019-01-23","purchased_purges":5,"victory":true,"max_hp_per_floor":[80,80,80,80,80,80,80,80,80,80,80,80,80,80,80,80,80,80,80,80,80,80,80,80,80,80,80,80,80,80,80,80,80,80,80,80,80,80,80,80,80,80,80,80,80,80,80,80,80,80],"card_choices":[{"not_picked":["Combust","Heavy Blade"],"picked":"Iron Wave","floor":1.0},{"not_picked":["Fire Breathing","Clash","Thunderclap"],"picked":"SKIP","floor":6.0},{"not_picked":["Shrug It Off","Evolve","Dual Wield"],"picked":"SKIP","floor":7.0},{"not_picked":["Body Slam","Armaments","Disarm"],"picked":"SKIP","floor":10.0},{"not_picked":["Fire Breathing","Spot Weakness","Pommel Strike"],"picked":"SKIP","floor":11.0},{"not_picked":["Sentinel","Uppercut","Warcry"],"picked":"SKIP","floor":12.0},{"not_picked":["Second Wind","Shrug It Off","Headbutt"],"picked":"SKIP","floor":14.0},{"not_picked":["Dark Embrace","Immolate"],"picked":"Double Tap","floor":16.0},{"not_picked":["Carnage","Thunderclap","Havoc"],"picked":"SKIP","floor":18.0},{"not_picked":["Cleave","Headbutt+1","Intimidate+1"],"picked":"SKIP","floor":21.0},{"not_picked":["Clothesline","Disarm+1","Perfected Strike"],"picked":"SKIP","floor":28.0},{"not_picked":["Burning Pact+1","Wild Strike","Shockwave+1"],"picked":"SKIP","floor":30.0},{"not_picked":["Reckless Charge+1","Iron Wave","Combust+1"],"picked":"SKIP","floor":31.0},{"not_picked":["Clash+1","Anger+1","Fire Breathing+1"],"picked":"SKIP","floor":35.0},{"not_picked":["Pummel","Body Slam+1","Evolve+1"],"picked":"SKIP","floor":36.0},{"not_picked":["Double Tap+1","Clash","Entrench+1"],"picked":"SKIP","floor":38},{"not_picked":["Armaments+1","Reckless Charge","Body Slam"],"picked":"SKIP","floor":39},{"not_picked":["Havoc+1","Intimidate+1","Body Slam"],"picked":"SKIP","floor":46},{"not_picked":["Metallicize","Clash","Rupture+1"],"picked":"SKIP","floor":48}],"player_experience":361379,"relics_obtained":[{"floor":5.0,"key":"MawBank"},{"floor":9.0,"key":"Lantern"},{"floor":26.0,"key":"PreservedInsect"},{"floor":43,"key":"Art of War"},{"floor":48,"key":"Happy Flower"}],"event_choices":[{"damage_healed":0.0,"max_hp_gain":0.0,"max_hp_loss":0.0,"gold_gain":0.0,"event_name":"The Woman in Blue","player_choice":"Bought 2 Potions","floor":3.0,"gold_loss":0.0,"damage_taken":0.0},{"damage_healed":0.0,"max_hp_gain":0.0,"max_hp_loss":0.0,"gold_gain":0.0,"event_name":"WeMeetAgain","player_choice":"Gave Potion","floor":8.0,"gold_loss":0.0,"damage_taken":0.0,"relics_obtained":["Meat on the Bone"]},{"damage_healed":0.0,"max_hp_gain":0.0,"max_hp_loss":0.0,"gold_gain":0.0,"event_name":"Addict","player_choice":"Obtained Relic","floor":19.0,"gold_loss":85.0,"damage_taken":0.0,"relics_obtained":["Toxic Egg 2"]},{"cards_removed":["Strike_R"],"damage_healed":0.0,"max_hp_gain":0.0,"max_hp_loss":0.0,"gold_gain":0.0,"event_name":"Beggar","player_choice":"Gave Gold","floor":24.0,"gold_loss":75.0,"damage_taken":0.0},{"cards_removed":["Defend_R"],"damage_healed":0.0,"max_hp_gain":0.0,"max_hp_loss":0.0,"gold_gain":0.0,"event_name":"Falling","player_choice":"Removed Skill","floor":37.0,"gold_loss":0.0,"damage_taken":0.0},{"damage_healed":0,"gold_gain":0,"player_choice":"Memory 1","damage_taken":0,"max_hp_gain":0,"max_hp_loss":0,"event_name":"SensoryStone","floor":41,"gold_loss":0},{"damage_healed":0,"gold_gain":0,"player_choice":"Ignored","damage_taken":0,"max_hp_gain":0,"max_hp_loss":0,"event_name":"SecretPortal","floor":45,"gold_loss":0}],"is_beta":false,"boss_relics":[{"not_picked":["Eternal Feather","Astrolabe"],"picked":"Black Blood"},{"not_picked":["Mark of Pain","Fusion Hammer"],"picked":"Sozu"}],"items_purged_floors":[2,20,22,44,47],"is_endless":false,"potions_floor_spawned":[6,7,11,18,30,38,46],"ascension_level":0}