{"gold_per_floor":[112,125,125,137,147,147,162,180,204,223,243,297,326,346,346,346],"floor_reached":16,"playtime":1073,"items_purged":[],"score":165,"play_id":"79f6697a-f6c0-4e77-89be-ae50cb3e5d24","local_time":"20190202162629","is_ascension_mode":true,"campfire_choices":[{"data":"Flex","floor":6,"key":"SMITH"},{"data":"Flex","floor":15,"key":"SMITH"}],"neow_cost":"NONE","seed_source_timestamp":408817121811617,"circlet_count":0,"master_deck":["Strike_R","Strike_R","Strike_R","Strike_R","Strike_R","Defend_R","Defend_R","Defend_R","Defend_R","Bash","Flex","Headbutt","Warcry","Flex+1","Double Tap","Flex+1","Flex","Heavy Blade","Inflame","Flex"],"relics":["Burning Blood","Omamori","Bag of Preparation","Boot","WingedGreaves"],"potions_floor_usage":[13,16,16],"damage_taken":[{"damage":1,"enemies":"2 Louse","floor":1,"turns":4},{"damage":0,"enemies":"Cultist","floor":2,"turns":4},{"damage":8,"enemies":"Jaw Worm","floor":4,"turns":4},{"damage":3,"enemies":"Exordium Wildlife","floor":5,"turns":3},{"damage":10,"enemies":"Large Slime","floor":7,"turns":4},{"damage":15,"enemies":"Red Slaver","floor":8,"turns":4},{"damage":8,"enemies":"2 Fungi Beasts","floor":10,"turns":3},{"damage":11,"enemies":"Gremlin Gang","floor":11,"turns":6},{"damage":0,"enemies":"Gremlin Nob","floor":13,"turns":2},{"damage":7,"enemies":"Blue Slaver","floor":14,"turns":2},{"damage":84,"enemies":"Hexaghost","floor":16,"turns":9}],"seed_played":"-241018849325574277","potions_obtained":[{"floor":1,"key":"SkillPotion"},{"floor":2,"key":"LiquidBronze"},{"floor":3,"key":"BloodPotion"},{"floor":11,"key":"BloodPotion"},{"floor":14,"key":"Dexterity Potion"}],"is_trial":false,"path_per_floor":["?","M","T","M"],"character_chosen":"IRONCLAD","items_purchased":[],"campfire_rested":0,"item_purchase_floors":[],"current_hp_per_floor":[80,80,80,78,80,80,76,67,67,65,60,60,66,65,65,0],"gold":346,"neow_bonus":"RANDOM_COMMON_RELIC","is_prod":false,"is_daily":false,"chose_seed":false,"campfire_upgraded":2,"win_rate":0,"timestamp":1549142789,"path_taken":["M","M","?","M","M","R","M","?","T","M","M","?","E","?","R","BOSS"],"build_version":"2019-01-23","purchased_purges":0,"victory":false,"max_hp_per_floor":[80,80,80,80,80,80,80,80,80,80,80,80,80,80,80,80],"card_choices":[{"not_picked":["Sever Soul","Burning Pact"],"picked":"Flex","floor":1},{"not_picked":["Wild Strike","Body Slam"],"picked":"Headbutt","floor":2},{"not_picked":["Thunderclap","Heavy Blade"],"picked":"Warcry","floor":4},{"not_picked":["Wild Strike","Infernal Blade"],"picked":"Flex","floor":5},{"not_picked":["Spot Weakness","Body Slam"],"picked":"Double Tap","floor":7},{"not_picked":["Heavy Blade","Battle Trance"],"picked":"Flex","floor":8},{"not_picked":["Body Slam","True Grit"],"picked":"Flex","floor":10},{"not_picked":["Bloodletting","Anger"],"picked":"Heavy Blade","floor":11},{"not_picked":["Pummel","Anger"],"picked":"Inflame","floor":13},{"not_picked":["Heavy Blade","Sentinel"],"picked":"Flex","floor":14}],"player_experience":170702,"relics_obtained":[{"floor":9,"key":"Bag of Preparation"},{"floor":12,"key":"Boot"},{"floor":13,"key":"WingedGreaves"}],"event_choices":[{"damage_healed":0,"gold_gain":0,"player_choice":"Got Potions","damage_taken":0,"max_hp_gain":0,"max_hp_loss":0,"event_name":"Lab","floor":3,"gold_loss":0}],"is_beta":false,"boss_relics":[],"items_purged_floors":[],"is_endless":false,"potions_floor_spawned":[1,2,7,11,14],"killed_by":"Hexaghost","ascension_level":1}