{"gold_per_floor":[111,61,61,75,75,75,144,144,144,185,199,199,235,254,254,254],"floor_reached":16,"playtime":970,"items_purged":[],"score":118,"play_id":"62e31570-9201-4a69-9e38-12e05327cf84","local_time":"20190218202303","is_ascension_mode":false,"campfire_choices":[{"data":"Zap","floor":6,"key":"SMITH"},{"floor":8,"key":"REST"},{"floor":12,"key":"REST"},{"floor":15,"key":"REST"}],"neow_cost":"NONE","seed_source_timestamp":417593065210477,"circlet_count":0,"master_deck":["Strike_B","Strike_B","Strike_B","Strike_B","Defend_B+1","Defend_B","Defend_B+1","Zap+1","Dualcast","White Noise"],"relics":["Cracked Core","War Paint","Golden Idol","Tiny Chest","Dead Branch","Dream Catcher","Kunai"],"potions_floor_usage":[16],"damage_taken":[{"damage":0,"enemies":"Cultist","floor":1,"turns":3},{"damage":0,"enemies":"Jaw Worm","floor":4,"turns":5},{"damage":33,"enemies":"3 Sentries","floor":7,"turns":8},{"damage":11,"enemies":"Lagavulin","floor":10,"turns":6},{"damage":12,"enemies":"Small Slimes","floor":11,"turns":4},{"damage":19,"enemies":"3 Sentries","floor":13,"turns":6},{"damage":0,"enemies":"Exordium Wildlife","floor":14,"turns":3},{"damage":50,"enemies":"Hexaghost","floor":16,"turns":9}],"seed_played":"5035540508043489415","potions_obtained":[{"floor":1,"key":"GamblersBrew"},{"floor":7,"key":"Block Potion"}],"is_trial":false,"path_per_floor":["?","?","?","M"],"character_chosen":"DEFECT","items_purchased":[],"campfire_rested":3,"item_purchase_floors":[],"current_hp_per_floor":[75,75,75,75,57,57,24,46,46,35,23,45,26,26,48,0],"gold":254,"neow_bonus":"RANDOM_COMMON_RELIC","is_prod":false,"is_daily":false,"chose_seed":false,"campfire_upgraded":1,"win_rate":0,"timestamp":1550539383,"path_taken":["M","?","?","M","?","R","E","R","T","E","?","R","E","M","R","BOSS"],"build_version":"2019-01-23","purchased_purges":0,"victory":false,"max_hp_per_floor":[75,75,75,75,75,75,75,75,75,75,75,75,75,75,75,75],"card_choices":[{"not_picked":["Hello World","Compile Driver"],"picked":"White Noise","floor":1},{"not_picked":["Gash","Ball Lightning","Compile Driver"],"picked":"SKIP","floor":4},{"not_picked":["Blizzard","Self Repair","Barrage"],"picked":"SKIP","floor":7},{"not_picked":["Turbo","Blizzard","Recycle"],"picked":"SKIP","floor":10},{"not_picked":["Turbo","Redo","Cold Snap"],"picked":"SKIP","floor":11},{"not_picked":["Beam Cell","Electrodynamics","Force Field"],"picked":"SKIP","floor":13},{"not_picked":["Streamline","Ball Lightning","Gash"],"picked":"SKIP","floor":14}],"player_experience":526284,"relics_obtained":[{"floor":7,"key":"Tiny Chest"},{"floor":9,"key":"Dead Branch"},{"floor":10,"key":"Dream Catcher"},{"floor":13,"key":"Kunai"}],"event_choices":[{"cards_removed":["Defend_B"],"damage_healed":0,"gold_gain":0,"player_choice":"Card Removal","damage_taken":0,"max_hp_gain":0,"max_hp_loss":0,"event_name":"The Cleric","floor":2,"gold_loss":50},{"damage_healed":0,"gold_gain":0,"player_choice":"Ignored","damage_taken":0,"max_hp_gain":0,"max_hp_loss":0,"event_name":"Liars Game","floor":3,"gold_loss":0},{"damage_healed":0,"gold_gain":0,"player_choice":"Take Damage","damage_taken":18,"relics_obtained":["Golden Idol"],"max_hp_gain":0,"max_hp_loss":0,"event_name":"Golden Idol","floor":5,"gold_loss":0}],"is_beta":false,"boss_relics":[],"items_purged_floors":[],"is_endless":false,"potions_floor_spawned":[1,7],"killed_by":"Hexaghost","ascension_level":0}