{"gold_per_floor":[363,288,301,301,321,321,354,354,354,354,369,402,402,6,6,103,103,121,171,186,536,384,384,451,551,578,612,612,66,83,101,101,196,196,209,259,309,359,8,8,73,73,98,144,173,185,209,286,298,310],"floor_reached":51,"playtime":2199,"items_purged":["Shame","Normality"],"score":806,"play_id":"2d1e5497-bf97-4009-8501-b7dfaa222859","local_time":"20180810162654","is_ascension_mode":false,"campfire_choices":[{"data":"Conserve Battery","floor":6.0,"key":"SMITH"},{"data":"Reboot","floor":8.0,"key":"SMITH"},{"floor":13.0,"key":"REST"},{"data":"Magnetism","floor":15.0,"key":"SMITH"},{"data":"Hyperbeam","floor":23,"key":"SMITH"},{"data":"Hologram","floor":28,"key":"SMITH"},{"data":"Beam Cell","floor":32,"key":"SMITH"},{"data":"Mind Blast","floor":40,"key":"SMITH"},{"data":"Machine Learning","floor":42,"key":"SMITH"},{"data":"Reboot","floor":46,"key":"SMITH"},{"data":"Beam Cell","floor":49,"key":"SMITH"}],"neow_cost":"CURSE","seed_source_timestamp":0,"circlet_count":0,"master_deck":["Strike_B","Strike_B","Strike_B","Strike_B","Defend_B","Defend_B","Defend_B","Defend_B","Zap","Dualcast","Steam","Beam Cell+1","Conserve Battery+1","Reboot+1","Self Repair","Loop","Magnetism+1","Hyperbeam+1","Turbo","Hologram+1","Finesse","Sweeping Beam","Gash+1","Skim+1","Reboot+1","Sweeping Beam","Sadistic Nature","Rip and Tear","Steam","BootSequence","Machine Learning+1","Injury","Capacitor+1","Conserve Battery","Mind Blast+1","Sweeping Beam+1","Beam Cell+1","Stack"],"special_seed":0,"relics":["Cracked Core","Ornamental Fan","Mummified Hand","SsserpentHead","Centennial Puzzle","Lee\u0027s Waffle","Busted Crown","Old Coin","Oddly Smooth Stone","Singing Bowl","Bag of Marbles","Calling Bell","Omamori","Shuriken","StoneCalendar","Sundial","Pen Nib","Tiny Chest","MawBank","Bag of Preparation"],"potions_floor_usage":[27,27,30,50,50,50],"damage_taken":[{"damage":0.0,"enemies":"Small Slimes","floor":1.0,"turns":2.0},{"damage":1.0,"enemies":"2 Louse","floor":3.0,"turns":3.0},{"damage":0.0,"enemies":"Cultist","floor":5.0,"turns":3.0},{"damage":36.0,"enemies":"Gremlin Nob","floor":7.0,"turns":5.0},{"damage":1.0,"enemies":"Large Slime","floor":11.0,"turns":5.0},{"damage":14.0,"enemies":"Lagavulin","floor":12.0,"turns":6.0},{"damage":39.0,"enemies":"Hexaghost","floor":16.0,"turns":10.0},{"damage":21,"enemies":"Chosen","floor":18,"turns":5},{"damage":15,"enemies":"2 Thieves","floor":20,"turns":3},{"damage":2,"enemies":"3 Cultists","floor":24,"turns":3},{"damage":8,"enemies":"Book of Stabbing","floor":27,"turns":4},{"damage":4,"enemies":"Sentry and Sphere","floor":30,"turns":3},{"damage":0,"enemies":"Chosen and Byrds","floor":31,"turns":3},{"damage":44,"enemies":"Automaton","floor":33,"turns":7},{"damage":0,"enemies":"Orb Walker","floor":35,"turns":2},{"damage":0,"floor":38,"turns":4},{"damage":16,"enemies":"Nemesis","floor":41,"turns":3},{"damage":15,"enemies":"Giant Head","floor":44,"turns":7},{"damage":0,"enemies":"Flame Bruiser 1 Orb","floor":45,"turns":2},{"damage":6,"enemies":"Sphere and 2 Shapes","floor":47,"turns":1},{"damage":0,"enemies":"Transient","floor":48,"turns":5},{"damage":35,"enemies":"Awakened One","floor":50,"turns":7}],"seed_played":"6599888336349852220","potions_obtained":[{"floor":3.0,"key":"LiquidBronze"},{"floor":7.0,"key":"EssenceOfSteel"},{"floor":16.0,"key":"Energy Potion"},{"floor":24,"key":"Energy Potion"},{"floor":27,"key":"LiquidBronze"},{"floor":30,"key":"Energy Potion"},{"floor":38,"key":"PowerPotion"},{"floor":45,"key":"Regen Potion"},{"floor":48,"key":"Fire Potion"}],"is_trial":false,"path_per_floor":["M","$","M","?","M","R","E","R","T","?","M","E","R","$","R","B",null,"M","?","M","T","$","R","M","?","T","E","R","$","M","M","R","B",null,"M","?","?","?","$","R","E","R","T","E","M","R","M","M","R","B"],"character_chosen":"DEFECT","items_purchased":["Lee\u0027s Waffle","Magnetism","Finesse","Sweeping Beam","Reboot","Sweeping Beam","Sadistic Nature","Bag of Marbles","Rip and Tear","Mind Blast","Pen Nib"],"campfire_rested":1,"item_purchase_floors":[14,14,22,22,29,29,29,29,29,39,39],"current_hp_per_floor":[75,75,74,74,74,74,38,38,38,38,37,30,52,82,82,50,82,68,68,60,60,60,60,65,65,65,64,64,64,67,74,74,37,82,82,82,82,82,82,82,73,73,73,67,69,69,63,70,70,42],"gold":322,"neow_bonus":"TWO_FIFTY_GOLD","is_prod":false,"is_daily":false,"chose_seed":false,"campfire_upgraded":10,"win_rate":0,"timestamp":1533932814,"path_taken":["M","$","M","?","M","R","E","R","T","?","M","E","R","$","R","BOSS","M","?","M","?","$","R","?","?","T","E","R","$","M","M","R","BOSS","M","?","?","?","$","R","E","R","T","E","M","R","M","?","R","BOSS"],"build_version":"2018-08-08","purchased_purges":2,"victory":true,"max_hp_per_floor":[75,75,75,75,75,75,75,75,75,75,75,75,75,82,82,82,82,82,82,82,82,82,82,82,82,82,82,82,82,82,82,82,82,82,82,82,82,82,82,82,82,82,82,84,86,86,86,86,86,86],"card_choices":[{"not_picked":["Chaos","Chill"],"picked":"Steam","floor":1.0},{"not_picked":["Go for the Eyes","Static Discharge"],"picked":"Beam Cell","floor":3.0},{"not_picked":["Stack","Heatsinks"],"picked":"Conserve Battery","floor":5.0},{"not_picked":["Conserve Battery","Redo"],"picked":"Reboot","floor":7.0},{"not_picked":["Conserve Battery","Streamline"],"picked":"Self Repair","floor":11.0},{"not_picked":["Static Discharge","Rebound"],"picked":"Loop","floor":12.0},{"not_picked":["Creative AI","Meteor Strike"],"picked":"Hyperbeam","floor":16.0},{"not_picked":[],"picked":"Turbo","floor":18},{"not_picked":[],"picked":"Hologram","floor":20},{"not_picked":[],"picked":"Gash+1","floor":24},{"not_picked":[],"picked":"Skim+1","floor":27},{"not_picked":[],"picked":"Steam","floor":30},{"not_picked":[],"picked":"BootSequence","floor":31},{"not_picked":[],"picked":"Machine Learning","floor":33},{"not_picked":[],"picked":"Capacitor+1","floor":35},{"not_picked":[],"picked":"Conserve Battery","floor":38},{"not_picked":[],"picked":"Sweeping Beam+1","floor":41},{"not_picked":["Tempest"],"picked":"Singing Bowl","floor":44},{"not_picked":["Reprogram"],"picked":"Singing Bowl","floor":45},{"not_picked":[],"picked":"Beam Cell","floor":47},{"not_picked":[],"picked":"Stack","floor":48}],"player_experience":161576,"relics_obtained":[{"floor":7.0,"key":"Ornamental Fan"},{"floor":9.0,"key":"Mummified Hand"},{"floor":12.0,"key":"Centennial Puzzle"},{"floor":21,"key":"Old Coin"},{"floor":26,"key":"Oddly Smooth Stone"},{"floor":27,"key":"Singing Bowl"},{"floor":34,"key":"Omamori"},{"floor":34,"key":"Shuriken"},{"floor":34,"key":"StoneCalendar"},{"floor":38,"key":"Sundial"},{"floor":41,"key":"Tiny Chest"},{"floor":43,"key":"MawBank"},{"floor":44,"key":"Bag of Preparation"}],"event_choices":[{"event_name":"The Cleric","player_choice":"Leave","floor":4.0,"damage_taken":0.0},{"event_name":"FaceTrader","player_choice":"Trade","floor":10.0,"damage_taken":0.0},{"event_name":"Beggar","player_choice":"Ignored","floor":19,"damage_taken":0},{"event_name":"The Joust","player_choice":"Bet on Murderer","floor":25,"damage_taken":0},{"event_name":"Transmorgrifier","player_choice":"Transform","floor":36,"damage_taken":0},{"event_name":"Tomb of Lord Red Mask","player_choice":"Ignored","floor":37,"damage_taken":0},{"event_name":"MindBloom","player_choice":"Fight","floor":38,"damage_taken":0}],"is_beta":true,"boss_relics":[{"not_picked":["Nuclear Battery","Orrery"],"picked":"Busted Crown"},{"not_picked":["FrozenCore","Runic Dome"],"picked":"Calling Bell"}],"items_purged_floors":[2,39],"is_endless":false,"potions_floor_spawned":[3,7,16,24,27,30,38,45,48],"ascension_level":0}