{"gold_per_floor":[109,74,74,28,42,74,74,74,104,123,298,320,126,155,155,259,259,269,269,296,314,325,325,325,285,285,83,111,130,141,156,156,254,254,265,55,55,6,6,6,25,25,51,86,34,45,45,57,57,57],"floor_reached":50,"playtime":1868,"items_purged":[],"score":777,"play_id":"d3b7710a-cc10-407b-83f8-3859393dc234","local_time":"20181029105634","is_ascension_mode":true,"campfire_choices":[{"data":"Perfected Strike","floor":8,"key":"SMITH"},{"floor":15,"key":"REST"},{"floor":23,"key":"REST"},{"floor":32,"key":"REST"},{"data":"Armaments","floor":40,"key":"SMITH"},{"data":"Perfected Strike","floor":42,"key":"SMITH"},{"floor":49,"key":"REST"}],"neow_cost":"PERCENT_DAMAGE","seed_source_timestamp":1616022299316361,"circlet_count":0,"master_deck":["Strike_R","Strike_R","Strike_R+1","Strike_R","Strike_R","Defend_R+1","Defend_R","Defend_R","Defend_R","Bash","Perfected Strike+1","Pommel Strike","Twin Strike","Armaments+1","Doubt","Shrug It Off","Inflame","Feed","Pommel Strike","Pommel Strike","Wild Strike","Finesse","Perfected Strike+1","Twin Strike+1","Perfected Strike+1","Wild Strike","Body Slam+1","Reaper","Twin Strike","Perfected Strike+1","Pommel Strike+1","Perfected Strike","Enlightenment","Perfected Strike+1"],"relics":["Burning Blood","Incense Burner","Tiny Chest","Odd Mushroom","Bronze Scales","Question Card","Velvet Choker","Red Mask","Smiling Mask","DollysMirror","Gremlin Horn","White Beast Statue","HandDrill","Red Skull","Unceasing Top"],"potions_floor_usage":[12,20,28,28,33,35,44,44,50,50,50],"damage_taken":[{"damage":1,"enemies":"Cultist","floor":1,"turns":3},{"damage":7,"enemies":"Small Slimes","floor":5,"turns":3},{"damage":35,"enemies":"3 Sentries","floor":6,"turns":9},{"damage":7,"enemies":"Jaw Worm","floor":10,"turns":2},{"damage":13,"enemies":"The Mushroom Lair","floor":12,"turns":6},{"damage":42,"enemies":"Lagavulin","floor":14,"turns":7},{"damage":30,"enemies":"The Guardian","floor":16,"turns":13},{"damage":12,"enemies":"Chosen","floor":18,"turns":3},{"damage":37,"enemies":"Masked Bandits","floor":20,"turns":4},{"damage":2,"enemies":"2 Thieves","floor":21,"turns":3},{"damage":10,"enemies":"Chosen and Byrds","floor":22,"turns":4},{"damage":19,"enemies":"Gremlin Leader","floor":28,"turns":6},{"damage":15,"enemies":"Sentry and Sphere","floor":29,"turns":3},{"damage":21,"enemies":"Centurion and Healer","floor":30,"turns":5},{"damage":0,"enemies":"Chosen and Byrds","floor":31,"turns":3},{"damage":34,"enemies":"Champ","floor":33,"turns":9},{"damage":23,"enemies":"3 Darklings","floor":35,"turns":3},{"damage":12,"enemies":"3 Shapes","floor":41,"turns":4},{"damage":40,"enemies":"Reptomancer","floor":44,"turns":6},{"damage":0,"enemies":"Sphere and 2 Shapes","floor":46,"turns":1},{"damage":13,"enemies":"Writhing Mass","floor":48,"turns":4},{"damage":98,"enemies":"Time Eater","floor":50,"turns":7}],"seed_played":"-6606729352596928166","potions_obtained":[{"floor":6,"key":"Block Potion"},{"floor":10,"key":"GamblersBrew"},{"floor":16,"key":"SkillPotion"},{"floor":22,"key":"GamblersBrew"},{"floor":31,"key":"FearPotion"},{"floor":33,"key":"Weak Potion"},{"floor":35,"key":"SpeedPotion"},{"floor":37,"key":"SmokeBomb"},{"floor":37,"key":"Weak Potion"},{"floor":37,"key":"Energy Potion"},{"floor":44,"key":"PowerPotion"},{"floor":46,"key":"EssenceOfSteel"},{"floor":48,"key":"AttackPotion"}],"is_trial":false,"path_per_floor":["M","?","?","$","M","E","?","R","T","M","?","?","$","E","R","B",null,"M","$","?","M","M","R","?","?","T","$","E","M","M","M","R","B",null,"M","$","?","$","?","R","M","R","T","E","$","M","?","M","R"],"character_chosen":"IRONCLAD","items_purchased":["Pommel Strike","Shrug It Off","Bronze Scales","DollysMirror","HandDrill","Perfected Strike","Perfected Strike"],"campfire_rested":4,"item_purchase_floors":[4,13,13,27,36,38,45],"current_hp_per_floor":[72,96,96,96,95,66,96,96,96,95,95,88,88,52,80,56,86,83,83,52,59,58,89,69,69,69,69,56,47,32,38,69,41,89,72,72,72,72,72,72,66,66,66,44,44,50,50,43,74,0],"gold":57,"neow_bonus":"TWENTY_PERCENT_HP_BONUS","is_prod":false,"is_daily":false,"chose_seed":false,"campfire_upgraded":3,"win_rate":0,"timestamp":1540832194,"path_taken":["M","?","?","?","M","E","?","R","T","?","?","?","?","E","R","BOSS","M","$","?","M","M","R","?","?","T","$","E","M","M","M","R","BOSS","M","$","?","$","?","R","?","R","T","E","?","M","?","M","R","BOSS"],"build_version":"2018-10-25v2","purchased_purges":0,"victory":false,"max_hp_per_floor":[96,96,96,96,96,96,96,96,96,96,96,96,96,96,96,96,96,99,99,99,102,105,105,105,105,105,105,105,105,105,105,105,105,105,105,105,105,105,105,105,105,105,105,105,105,105,105,105,105,105],"card_choices":[{"not_picked":["Iron Wave","Clash"],"picked":"Perfected Strike","floor":1},{"not_picked":["True Grit","Offering"],"picked":"Twin Strike","floor":5},{"not_picked":["Dropkick","Clothesline"],"picked":"Ghostly Armor","floor":6},{"not_picked":["Battle Trance","Clash"],"picked":"Armaments","floor":10},{"not_picked":["Sever Soul","Sword Boomerang"],"picked":"Inflame","floor":14},{"not_picked":["Immolate","Exhume","Brutality"],"picked":"Feed","floor":16},{"not_picked":["Body Slam","Shrug It Off+1","Heavy Blade"],"picked":"Pommel Strike","floor":18},{"not_picked":["Cleave","Warcry","Seeing Red+1"],"picked":"Pommel Strike","floor":20},{"not_picked":["Burning Pact+1","Spot Weakness+1","Carnage"],"picked":"Wild Strike","floor":21},{"not_picked":["Headbutt","Corruption","Shockwave","Blood for Blood"],"picked":"SKIP","floor":22},{"not_picked":["Headbutt","Corruption","Shockwave","Blood for Blood"],"picked":"SKIP","floor":22},{"not_picked":["Infernal Blade","True Grit","Immolate"],"picked":"Twin Strike+1","floor":28},{"not_picked":["Armaments","Burning Pact","Dropkick"],"picked":"Perfected Strike","floor":29},{"not_picked":["Entrench+1","Body Slam","Armaments+1"],"picked":"Wild Strike","floor":30},{"not_picked":["Ghostly Armor","Disarm+1","Flex"],"picked":"Body Slam+1","floor":31},{"not_picked":["Double Tap","Demon Form","Dark Embrace"],"picked":"Reaper","floor":33},{"not_picked":["True Grit","Heavy Blade+1","Pummel+1"],"picked":"Twin Strike","floor":35},{"not_picked":["Sword Boomerang+1","Rampage","Whirlwind+1","Havoc+1"],"picked":"SKIP","floor":41},{"not_picked":["Disarm","Iron Wave","Sword Boomerang+1"],"picked":"Pommel Strike+1","floor":44},{"not_picked":["Infernal Blade+1","Anger","Second Wind+1","Bloodletting+1"],"picked":"SKIP","floor":46},{"not_picked":["Discovery","Good Instincts","Purity"],"picked":"Enlightenment","floor":47},{"not_picked":["Rampage+1","Iron Wave+1","Rage+1"],"picked":"Perfected Strike+1","floor":48}],"player_experience":958010,"relics_obtained":[{"floor":6,"key":"Incense Burner"},{"floor":9,"key":"Tiny Chest"},{"floor":12,"key":"Odd Mushroom"},{"floor":14,"key":"Question Card"},{"floor":20,"key":"Red Mask"},{"floor":26,"key":"Smiling Mask"},{"floor":28,"key":"Gremlin Horn"},{"floor":43,"key":"Red Skull"},{"floor":44,"key":"Unceasing Top"}],"event_choices":[{"damage_healed":24,"gold_gain":0,"player_choice":"Healed","damage_taken":0,"max_hp_gain":0,"max_hp_loss":0,"event_name":"The Cleric","floor":2,"gold_loss":35},{"damage_healed":0,"gold_gain":0,"player_choice":"Ignored","damage_taken":0,"max_hp_gain":0,"max_hp_loss":0,"event_name":"Golden Wing","floor":3,"gold_loss":0},{"cards_removed":["Ghostly Armor"],"damage_healed":30,"gold_gain":0,"player_choice":"Offered Uncommon","damage_taken":0,"max_hp_gain":0,"max_hp_loss":0,"event_name":"Bonfire Elementals","floor":7,"gold_loss":0},{"damage_healed":0,"gold_gain":175,"player_choice":"AGREE","damage_taken":0,"max_hp_gain":0,"max_hp_loss":0,"event_name":"Liars Game","floor":11,"gold_loss":0,"cards_obtained":["Doubt"]},{"damage_healed":0,"gold_gain":0,"player_choice":"Fought Mushrooms","damage_taken":0,"max_hp_gain":0,"max_hp_loss":0,"event_name":"Mushrooms","floor":12,"gold_loss":0},{"damage_healed":0,"gold_gain":0,"player_choice":"Fought Bandits","damage_taken":0,"max_hp_gain":0,"max_hp_loss":0,"event_name":"Masked Bandits","floor":20,"gold_loss":0},{"damage_healed":0,"gold_gain":0,"player_choice":"CARD ","damage_taken":20,"max_hp_gain":0,"max_hp_loss":0,"event_name":"Knowing Skull","floor":24,"potions_obtained":[],"gold_loss":0,"cards_obtained":["Finesse"]},{"damage_healed":0,"gold_gain":0,"player_choice":"Upgraded Two","damage_taken":0,"max_hp_gain":0,"max_hp_loss":0,"event_name":"Designer","floor":25,"gold_loss":40,"cards_upgraded":["Defend_R","Strike_R"]},{"damage_healed":0,"gold_gain":0,"player_choice":"Got Potions","damage_taken":0,"max_hp_gain":0,"max_hp_loss":0,"event_name":"The Lab","floor":37,"gold_loss":0},{"damage_healed":0,"gold_gain":0,"player_choice":"Upgraded","damage_taken":0,"max_hp_gain":0,"max_hp_loss":0,"event_name":"Upgrade Shrine","floor":39,"gold_loss":0,"cards_upgraded":["Perfected Strike"]},{"damage_healed":0,"gold_gain":0,"player_choice":"Memory 1","damage_taken":0,"max_hp_gain":0,"max_hp_loss":0,"event_name":"SensoryStone","floor":47,"gold_loss":0}],"is_beta":false,"boss_relics":[{"not_picked":["Orrery","Sozu"],"picked":"Velvet Choker"},{"not_picked":["Pandora\u0027s Box","Busted Crown"],"picked":"White Beast Statue"}],"items_purged_floors":[],"is_endless":false,"potions_floor_spawned":[6,10,16,22,31,33,35,41,44,46,48],"killed_by":"Time Eater","ascension_level":6}