{"gold_per_floor":[17,17,31,45,68,68,82,47,47,47,61,100,100,125,125,125],"floor_reached":16,"playtime":547,"items_purged":[],"score":177,"play_id":"8621b769-18f5-49d0-8a6c-d08e22e1f4cf","local_time":"20181019004645","is_ascension_mode":true,"campfire_choices":[{"floor":6.0,"key":"REST"},{"floor":15,"key":"REST"}],"neow_cost":"NO_GOLD","seed_source_timestamp":58461932676854,"circlet_count":0,"master_deck":["Defend_G","Defend_G+1","Defend_G","Defend_G","Defend_G+1","Strike_G","Strike_G","Strike_G","Strike_G","Strike_G","Survivor","Neutralize","AscendersBane","Tools of the Trade","Terror","Distraction","Reflex","Dagger Throw","Cloak And Dagger","Dagger Spray","Cloak And Dagger","Caltrops+1"],"special_seed":0,"relics":["Ring of the Snake","Golden Idol","Pear","Frozen Egg 2","Blood Vial"],"potions_floor_usage":[12,12],"damage_taken":[{"damage":3.0,"enemies":"2 Louse","floor":1.0,"turns":4.0},{"damage":1.0,"enemies":"Small Slimes","floor":3.0,"turns":4.0},{"damage":1.0,"enemies":"Cultist","floor":4.0,"turns":3.0},{"damage":5.0,"enemies":"2 Fungi Beasts","floor":5.0,"turns":5.0},{"damage":10.0,"enemies":"Looter","floor":7.0,"turns":4.0},{"damage":2.0,"enemies":"3 Louse","floor":11.0,"turns":4.0},{"damage":26,"enemies":"Gremlin Nob","floor":12,"turns":4},{"damage":14,"enemies":"Red Slaver","floor":14,"turns":5},{"damage":36,"enemies":"The Guardian","floor":16,"turns":2}],"seed_played":"2163472502174637402","potions_obtained":[{"floor":4.0,"key":"SteroidPotion"},{"floor":5.0,"key":"Strength Potion"}],"is_trial":false,"path_per_floor":["M","?","M","M","M","R","M","?","T","?","M","E","?","M","R"],"character_chosen":"THE_SILENT","items_purchased":[],"campfire_rested":2,"item_purchase_floors":[],"current_hp_per_floor":[56,40,39,38,33,52,42,58,68,53,51,25,22,10,32,0],"gold":125,"neow_bonus":"THREE_RARE_CARDS","is_prod":false,"is_daily":false,"chose_seed":false,"campfire_upgraded":0,"win_rate":0,"timestamp":1539924405,"path_taken":["M","?","M","M","M","R","M","?","T","?","?","E","?","M","R","BOSS"],"build_version":"2018-10-18","purchased_purges":0,"victory":false,"max_hp_per_floor":[66,66,66,66,66,66,66,66,76,76,76,76,76,76,76,76],"card_choices":[{"not_picked":["Night Terror","Grand Finale"],"picked":"Tools of the Trade","floor":0.0},{"not_picked":["Flying Knee","Deadly Poison"],"picked":"Terror","floor":1.0},{"not_picked":["Cloak And Dagger","Heel Hook"],"picked":"Distraction","floor":3.0},{"not_picked":["Bouncing Flask","Backflip"],"picked":"Reflex","floor":4.0},{"not_picked":["Poisoned Stab","Concentrate"],"picked":"Dagger Throw","floor":5.0},{"not_picked":["Dodge and Roll","Bane"],"picked":"Cloak And Dagger","floor":7.0},{"not_picked":["Leg Sweep","PiercingWail"],"picked":"Dagger Spray","floor":11.0},{"not_picked":["Deadly Poison","Dodge and Roll"],"picked":"Cloak And Dagger","floor":12},{"not_picked":["Noxious Fumes+1","Bouncing Flask"],"picked":"Caltrops+1","floor":14}],"player_experience":374499,"relics_obtained":[{"floor":9.0,"key":"Pear"},{"floor":12,"key":"Frozen Egg 2"}],"event_choices":[{"damage_healed":0.0,"max_hp_gain":0.0,"max_hp_loss":0.0,"gold_gain":0.0,"event_name":"Golden Idol","player_choice":"Take Damage","floor":2.0,"gold_loss":0.0,"damage_taken":16.0,"relics_obtained":["Golden Idol"]},{"damage_healed":16.0,"max_hp_gain":0.0,"max_hp_loss":0.0,"gold_gain":0.0,"event_name":"The Cleric","player_choice":"Healed","floor":8.0,"gold_loss":35.0,"damage_taken":0.0},{"damage_healed":0.0,"max_hp_gain":0.0,"max_hp_loss":0.0,"gold_gain":0.0,"event_name":"Shining Light","player_choice":"Entered Light","floor":10.0,"gold_loss":0.0,"damage_taken":15.0,"cards_upgraded":["Defend_G","Defend_G"]},{"damage_healed":0,"gold_gain":0,"player_choice":"Success","damage_taken":3,"relics_obtained":["Blood Vial"],"max_hp_gain":0,"max_hp_loss":0,"event_name":"Scrap Ooze","floor":13,"gold_loss":0}],"is_beta":true,"boss_relics":[],"items_purged_floors":[],"is_endless":false,"potions_floor_spawned":[4,5,7],"killed_by":"The Guardian","ascension_level":14}