{"gold_per_floor":[17,28,41,53,70,70,87,105,105,131,131,151,178,193,193,293,293,313,326,39,57,87,87,87,116,116,134,134,147,173,183,183,288,288,305,322,322,346,373,385,416,428,464,508,458,470,91,91,91,91,91,91,16,42,42],"floor_reached":56,"playtime":11425,"items_purged":["Strike_G"],"score":1678,"play_id":"9e079180-5c3a-44d6-9407-908e26742705","local_time":"20190327132115","is_ascension_mode":true,"campfire_choices":[{"data":"Neutralize","floor":6,"key":"SMITH"},{"data":"Footwork","floor":11,"key":"SMITH"},{"data":"Cloak And Dagger","floor":15,"key":"SMITH"},{"data":"1","floor":23,"key":"LIFT"},{"floor":32,"key":"REST"},{"data":"2","floor":40,"key":"LIFT"},{"data":"3","floor":42,"key":"LIFT"},{"floor":46,"key":"REST"},{"floor":49,"key":"RECALL"},{"data":"Dodge and Roll","floor":52,"key":"SMITH"}],"neow_cost":"NO_GOLD","seed_source_timestamp":989730765814274,"circlet_count":0,"master_deck":["AscendersBane","Defend_G","Defend_G","Defend_G","Defend_G","Defend_G","Strike_G","Strike_G+1","Strike_G","Strike_G","Survivor","Neutralize+1","Leg Sweep","Cloak And Dagger+1","Backstab","Glass Knife+1","Dash","PiercingWail","Dodge and Roll+1","Footwork+1","Blur","Cloak And Dagger","Glass Knife","All Out Attack","Terror+1","Crippling Poison","Footwork+1","Backstab","Noxious Fumes+1","Adrenaline","Well Laid Plans","Backflip"],"relics":["Ring of the Snake","Whetstone","Torii","Bag of Marbles","Busted Crown","Girya","Red Mask","MutagenicStrength","Bag of Preparation","Matryoshka","Bottled Flame","Lizard Tail","MawBank","Anchor","Juzu Bracelet","Mummified Hand","Question Card","Lee\u0027s Waffle","Nunchaku"],"potions_floor_usage":[25,33,44,55,55,55],"damage_taken":[{"damage":5,"enemies":"Cultist","floor":1,"turns":5},{"damage":0,"enemies":"Jaw Worm","floor":2,"turns":6},{"damage":0,"enemies":"Small Slimes","floor":3,"turns":4},{"damage":0,"enemies":"3 Louse","floor":4,"turns":4},{"damage":0,"enemies":"Red Slaver","floor":5,"turns":5},{"damage":0,"enemies":"2 Fungi Beasts","floor":7,"turns":3},{"damage":13,"enemies":"Gremlin Gang","floor":8,"turns":6},{"damage":14,"enemies":"Gremlin Nob","floor":10,"turns":5},{"damage":1,"enemies":"3 Louse","floor":12,"turns":4},{"damage":3,"enemies":"3 Sentries","floor":13,"turns":10},{"damage":0,"enemies":"Red Slaver","floor":14,"turns":4},{"damage":20,"enemies":"Hexaghost","floor":16,"turns":18},{"damage":0,"enemies":"Spheric Guardian","floor":18,"turns":4},{"damage":7,"enemies":"3 Byrds","floor":19,"turns":6},{"damage":24,"enemies":"3 Cultists","floor":21,"turns":8},{"damage":11,"enemies":"Masked Bandits","floor":22,"turns":5},{"damage":1,"enemies":"Book of Stabbing","floor":25,"turns":5},{"damage":0,"enemies":"Snake Plant","floor":27,"turns":1},{"damage":0,"enemies":"Centurion and Healer","floor":29,"turns":4},{"damage":0,"enemies":"Slavers","floor":30,"turns":4},{"damage":0,"enemies":"Sentry and Sphere","floor":31,"turns":1},{"damage":48,"enemies":"Champ","floor":33,"turns":15},{"damage":0,"enemies":"Orb Walker","floor":35,"turns":1},{"damage":1,"enemies":"3 Shapes","floor":36,"turns":2},{"damage":0,"enemies":"Jaw Worm Horde","floor":38,"turns":3},{"damage":23,"enemies":"Transient","floor":39,"turns":5},{"damage":0,"enemies":"Maw","floor":41,"turns":7},{"damage":9,"enemies":"Reptomancer","floor":44,"turns":6},{"damage":42,"enemies":"Awakened One","floor":50,"turns":21},{"damage":33,"enemies":"Shield and Spear","floor":54,"turns":10},{"damage":74,"enemies":"The Heart","floor":55,"turns":12}],"seed_played":"-9168151197540711071","potions_obtained":[{"floor":1,"key":"PowerPotion"},{"floor":3,"key":"GhostInAJar"},{"floor":8,"key":"LiquidBronze"},{"floor":25,"key":"Explosive Potion"},{"floor":33,"key":"Dexterity Potion"},{"floor":36,"key":"GhostInAJar"},{"floor":44,"key":"Poison Potion"}],"is_trial":false,"path_per_floor":["M","?","?","?","T","?","?"],"character_chosen":"THE_SILENT","items_purchased":["Girya","Well Laid Plans","Lee\u0027s Waffle","Backflip","LiquidBronze"],"campfire_rested":2,"item_purchase_floors":[20,47,47,47,53],"current_hp_per_floor":[72,72,72,72,72,72,72,59,59,45,45,44,41,41,41,21,68,68,61,61,37,26,26,26,25,25,25,25,25,25,25,50,2,64,64,63,63,63,40,40,40,40,40,31,31,56,91,91,91,49,81,81,81,48,28],"gold":42,"neow_bonus":"TWENTY_PERCENT_HP_BONUS","is_prod":false,"is_daily":false,"chose_seed":false,"campfire_upgraded":4,"win_rate":0,"timestamp":1553707275,"path_taken":["M","M","M","M","M","R","?","M","T","E","R","M","E","M","R","BOSS","M","M","$","M","?","R","?","E","T","M","?","M","E","M","R","BOSS","M","M","?","M","M","R","M","R","T","E","?","R","$","?","R","BOSS","R","$","E","BOSS"],"build_version":"2019-01-23","purchased_purges":1,"victory":true,"max_hp_per_floor":[84,84,84,84,84,84,84,84,84,84,84,84,84,84,84,84,84,84,84,84,84,84,84,84,84,84,84,84,84,84,84,84,84,84,84,84,84,84,84,84,84,84,84,84,84,84,91,91,91,91,91,91,91,91,91],"card_choices":[{"not_picked":["PiercingWail","Blur"],"picked":"Leg Sweep","floor":1},{"not_picked":["Deflect","Blade Dance"],"picked":"Cloak And Dagger","floor":2},{"not_picked":["Flying Knee","Prepared"],"picked":"Backstab","floor":3},{"not_picked":["Outmaneuver","Backflip"],"picked":"Glass Knife","floor":4},{"not_picked":["Quick Slash","Poisoned Stab"],"picked":"Dash","floor":5},{"not_picked":["Endless Agony","Quick Slash"],"picked":"PiercingWail","floor":7},{"not_picked":["Deflect","Reflex"],"picked":"Dodge and Roll","floor":8},{"not_picked":["Corpse Explosion","Riddle With Holes"],"picked":"Footwork","floor":10},{"not_picked":["Tactician","Terror","Quick Slash"],"picked":"SKIP","floor":12},{"not_picked":["Acrobatics","Underhanded Strike"],"picked":"Blur","floor":13},{"not_picked":["Bouncing Flask","Blade Dance"],"picked":"Cloak And Dagger","floor":14},{"not_picked":["Doppelganger","Storm of Steel"],"picked":"Glass Knife","floor":16},{"not_picked":["Acrobatics"],"picked":"SKIP","floor":18},{"not_picked":["Underhanded Strike+1"],"picked":"SKIP","floor":19},{"not_picked":["Slice+1"],"picked":"SKIP","floor":21},{"not_picked":[],"picked":"All Out Attack","floor":22},{"not_picked":[],"picked":"Terror+1","floor":25},{"not_picked":[],"picked":"Crippling Poison","floor":27},{"not_picked":[],"picked":"Backstab","floor":29},{"not_picked":[],"picked":"Noxious Fumes+1","floor":30},{"not_picked":["Slice"],"picked":"SKIP","floor":31},{"not_picked":[],"picked":"Adrenaline","floor":33},{"not_picked":["Outmaneuver"],"picked":"SKIP","floor":35},{"not_picked":["Prepared"],"picked":"SKIP","floor":36},{"not_picked":["Blade Dance"],"picked":"SKIP","floor":38},{"not_picked":["Backflip"],"picked":"SKIP","floor":39},{"not_picked":["Deadly Poison"],"picked":"SKIP","floor":41},{"not_picked":["Bouncing Flask+1"],"picked":"SKIP","floor":44},{"not_picked":["Dagger Spray","Deadly Poison+1"],"picked":"SKIP","floor":54}],"player_experience":1086462,"relics_obtained":[{"floor":9,"key":"Whetstone"},{"floor":10,"key":"Torii"},{"floor":13,"key":"Bag of Marbles"},{"floor":22,"key":"Red Mask"},{"floor":25,"key":"Bag of Preparation"},{"floor":26,"key":"Matryoshka"},{"floor":30,"key":"Bottled Flame"},{"floor":37,"key":"MawBank"},{"floor":43,"key":"Anchor"},{"floor":43,"key":"Juzu Bracelet"},{"floor":44,"key":"Mummified Hand"},{"floor":54,"key":"Nunchaku"}],"event_choices":[{"damage_healed":0,"gold_gain":0,"player_choice":"Fought Bandits","damage_taken":0,"max_hp_gain":0,"max_hp_loss":0,"event_name":"Masked Bandits","floor":22,"gold_loss":0},{"damage_healed":0,"gold_gain":0,"player_choice":"Inject Mutagens","damage_taken":0,"relics_obtained":["MutagenicStrength"],"max_hp_gain":0,"max_hp_loss":0,"event_name":"Drug Dealer","floor":24,"gold_loss":0},{"damage_healed":0,"gold_gain":0,"player_choice":"Copied","damage_taken":0,"max_hp_gain":0,"max_hp_loss":0,"event_name":"Duplicator","floor":28,"gold_loss":0,"cards_obtained":["Footwork"]},{"damage_healed":0,"gold_gain":0,"player_choice":"Paid Gold","damage_taken":0,"relics_obtained":["Question Card"],"max_hp_gain":0,"max_hp_loss":0,"event_name":"WeMeetAgain","floor":45,"gold_loss":62},{"damage_healed":0,"gold_gain":0,"player_choice":"Ignored","damage_taken":0,"max_hp_gain":0,"max_hp_loss":0,"event_name":"Mysterious Sphere","floor":48,"gold_loss":0}],"is_beta":false,"boss_relics":[{"not_picked":["Eternal Feather","Runic Dome"],"picked":"Busted Crown"},{"not_picked":["Pandora\u0027s Box","Black Star"],"picked":"Lizard Tail"}],"items_purged_floors":[47],"is_endless":false,"potions_floor_spawned":[1,3,8,12,14,18,22,25,33,36,38,41,44],"ascension_level":10}