{"gold_per_floor":[115,131,131,147,162,162,196,196,219,230,288,288,319,197,197,274,274,284,284,234,244,263,263,288,301,301,301,317,342,353,368,368,444,444,454,471,471,523,535,566,584,584,607,200,232,250,250,250,250,250,250,250,29,29],"floor_reached":54,"playtime":2946,"items_purged":["Strike_B","Strike_B","Doubt","Strike_B"],"score":1468,"play_id":"19275e85-afee-4bf4-8096-cbc0b70ff323","local_time":"20190330002919","is_ascension_mode":true,"campfire_choices":[{"data":"Dualcast","floor":6.0,"key":"SMITH"},{"data":"Compile Driver","floor":8.0,"key":"SMITH"},{"data":"Darkness","floor":12.0,"key":"SMITH"},{"data":"Loop","floor":15.0,"key":"SMITH"},{"data":"Consume","floor":23.0,"key":"SMITH"},{"floor":27.0,"key":"REST"},{"data":"Turbo","floor":32.0,"key":"SMITH"},{"floor":47.0,"key":"REST"},{"floor":49.0,"key":"RECALL"},{"data":"Skim","floor":52.0,"key":"SMITH"}],"neow_cost":"NONE","seed_source_timestamp":1387859161140500,"circlet_count":0,"master_deck":["AscendersBane","Defend_B+1","Defend_B","Defend_B","Defend_B+1","Zap+1","Dualcast+1","Compile Driver+1","Turbo+1","Cold Snap","Cold Snap","Core Surge","Leap","Darkness+1","Consume+1","Loop+1","Defragment","Biased Cognition","Undo","Skim+1","Echo Form+1","Coolheaded+1","Master of Strategy+1","Coolheaded+1","Master of Strategy"],"special_seed":0,"relics":["Cracked Core","DataDisk","Art of War","Tiny Chest","Smiling Mask","Inserter","Orichalcum","Frozen Egg 2","Pen Nib","Busted Crown","Happy Flower","War Paint","Bronze Scales","ClockworkSouvenir","Sundial"],"potions_floor_usage":[],"damage_taken":[{"damage":0.0,"enemies":"Small Slimes","floor":1.0,"turns":3.0},{"damage":0.0,"enemies":"Cultist","floor":2.0,"turns":3.0},{"damage":4.0,"enemies":"Jaw Worm","floor":4.0,"turns":3.0},{"damage":4.0,"enemies":"Blue Slaver","floor":5.0,"turns":4.0},{"damage":19.0,"enemies":"3 Sentries","floor":7.0,"turns":8.0},{"damage":2.0,"enemies":"Exordium Wildlife","floor":10.0,"turns":4.0},{"damage":2.0,"enemies":"Gremlin Nob","floor":11.0,"turns":4.0},{"damage":10.0,"enemies":"Lagavulin","floor":13.0,"turns":6.0},{"damage":0.0,"enemies":"Hexaghost","floor":16.0,"turns":7.0},{"damage":4.0,"enemies":"Chosen","floor":18.0,"turns":6.0},{"damage":1.0,"enemies":"Spheric Guardian","floor":21.0,"turns":3.0},{"damage":11.0,"enemies":"Snake Plant","floor":22.0,"turns":5.0},{"damage":8.0,"enemies":"Book of Stabbing","floor":24.0,"turns":7.0},{"damage":16.0,"enemies":"3 Cultists","floor":25.0,"turns":5.0},{"damage":5.0,"enemies":"Cultist and Chosen","floor":28.0,"turns":6.0},{"damage":9.0,"enemies":"Centurion and Healer","floor":30.0,"turns":6.0},{"damage":1.0,"enemies":"Snecko","floor":31.0,"turns":5.0},{"damage":20.0,"enemies":"Champ","floor":33.0,"turns":9.0},{"damage":10.0,"enemies":"Orb Walker","floor":35.0,"turns":5.0},{"damage":11.0,"enemies":"3 Darklings","floor":36.0,"turns":9.0},{"damage":8.0,"enemies":"Maw","floor":39.0,"turns":6.0},{"damage":11.0,"enemies":"Giant Head","floor":40.0,"turns":6.0},{"damage":5.0,"enemies":"Writhing Mass","floor":41.0,"turns":5.0},{"damage":63.0,"enemies":"Reptomancer","floor":45.0,"turns":8.0},{"damage":0.0,"enemies":"3 Darklings","floor":46.0,"turns":6.0},{"damage":0.0,"enemies":"Awakened One","floor":50.0,"turns":18.0},{"damage":62,"enemies":"Shield and Spear","floor":54,"turns":5}],"seed_played":"7428769664077713139","potions_obtained":[{"floor":4.0,"key":"SteroidPotion"},{"floor":5.0,"key":"SpeedPotion"},{"floor":7.0,"key":"AttackPotion"},{"floor":13.0,"key":"EssenceOfSteel"},{"floor":16.0,"key":"Weak Potion"},{"floor":22.0,"key":"Energy Potion"},{"floor":28.0,"key":"PowerPotion"},{"floor":36.0,"key":"SpeedPotion"},{"floor":45.0,"key":"SpeedPotion"}],"is_trial":false,"path_per_floor":["M","M","?","M","M","R","E","R","T","M","E","R","E","$","R","B",null,"M","T","$","M","M","R","E","M","T","R","M","T","M","M","R","B",null,"M","M","?","T","M","E","M","?","T","$","E","M","R","?","R","B",null,"R","$","E"],"character_chosen":"DEFECT","items_purchased":["Loop","ClockworkSouvenir","Master of Strategy","Master of Strategy"],"campfire_rested":2,"item_purchase_floors":[14,44,44,53],"current_hp_per_floor":[64,64,64,60,56,56,37,37,37,35,33,33,23,23,23,23,59,55,55,55,54,43,43,35,19,19,40,35,35,26,25,25,5,55,45,34,34,34,26,15,10,71,71,71,8,8,29,29,29,29,61,61,61,0],"gold":29,"neow_bonus":"UPGRADE_CARD","is_prod":false,"is_daily":false,"chose_seed":false,"campfire_upgraded":7,"win_rate":0,"timestamp":1553930959,"path_taken":["M","M","?","M","M","R","E","R","T","M","E","R","E","$","R","BOSS","M","?","$","M","M","R","E","M","T","R","M","?","M","M","R","BOSS","M","M","?","?","M","E","M","?","T","$","E","M","R","?","R","BOSS","R","$","E"],"build_version":"2019-01-23","purchased_purges":4,"victory":false,"max_hp_per_floor":[71,71,71,71,71,71,71,71,71,71,71,71,71,71,71,71,71,71,71,71,71,71,71,71,71,71,71,71,71,71,71,71,71,71,71,71,71,71,71,71,71,71,71,71,71,71,71,71,71,71,71,71,71,71],"card_choices":[{"not_picked":["Rebound","Reinforced Body"],"picked":"Compile Driver","floor":1.0},{"not_picked":["Force Field","Steam"],"picked":"Turbo","floor":2.0},{"not_picked":["Chill","Streamline"],"picked":"Cold Snap","floor":4.0},{"not_picked":["Stack","Streamline"],"picked":"Cold Snap","floor":5.0},{"not_picked":["Compile Driver","Scrape"],"picked":"Core Surge","floor":7.0},{"not_picked":["Redo","Rebound"],"picked":"Leap","floor":10.0},{"not_picked":["Rebound","Aggregate"],"picked":"Darkness","floor":11.0},{"not_picked":["Gash","Stack","Consume"],"picked":"SKIP","floor":13.0},{"not_picked":["Gash","Stack"],"picked":"Consume","floor":13.0},{"not_picked":["Turbo","Consume","Ball Lightning"],"picked":"SKIP","floor":18.0},{"not_picked":["Gash","Hologram","Cold Snap"],"picked":"SKIP","floor":21.0},{"not_picked":["Leap","Hologram"],"picked":"Defragment","floor":22.0},{"not_picked":["White Noise","Cold Snap"],"picked":"Biased Cognition","floor":24.0},{"not_picked":["Streamline","Stack","Beam Cell"],"picked":"SKIP","floor":25.0},{"not_picked":["Conserve Battery","Leap"],"picked":"Undo","floor":28.0},{"not_picked":["Hello World+1","Gash"],"picked":"Skim","floor":30.0},{"not_picked":["Barrage","Conserve Battery+1","Skim"],"picked":"SKIP","floor":31.0},{"not_picked":["Buffer+1","Amplify"],"picked":"Echo Form+1","floor":33.0},{"not_picked":["Beam Cell"],"picked":"SKIP","floor":35.0},{"not_picked":["Turbo"],"picked":"SKIP","floor":36.0},{"not_picked":["Barrage"],"picked":"SKIP","floor":39.0},{"not_picked":[],"picked":"Coolheaded+1","floor":40.0},{"not_picked":["White Noise+1"],"picked":"SKIP","floor":41.0},{"not_picked":[],"picked":"Coolheaded+1","floor":45.0},{"not_picked":["Rebound"],"picked":"SKIP","floor":46.0}],"player_experience":442146,"relics_obtained":[{"floor":7.0,"key":"DataDisk"},{"floor":9.0,"key":"Art of War"},{"floor":11.0,"key":"Tiny Chest"},{"floor":13.0,"key":"Smiling Mask"},{"floor":24.0,"key":"Orichalcum"},{"floor":26.0,"key":"Frozen Egg 2"},{"floor":29.0,"key":"Pen Nib"},{"floor":38.0,"key":"Happy Flower"},{"floor":40.0,"key":"War Paint"},{"floor":43.0,"key":"Bronze Scales"},{"floor":45.0,"key":"Sundial"}],"event_choices":[{"cards_removed":["Strike_B"],"damage_healed":0.0,"max_hp_gain":0.0,"max_hp_loss":0.0,"gold_gain":0.0,"event_name":"Purifier","player_choice":"Purged","floor":3.0,"gold_loss":0.0,"damage_taken":0.0},{"damage_healed":0.0,"max_hp_gain":0.0,"max_hp_loss":0.0,"gold_gain":0.0,"event_name":"Tomb of Lord Red Mask","player_choice":"Ignored","floor":37.0,"gold_loss":0.0,"damage_taken":0.0},{"damage_healed":61.0,"max_hp_gain":0.0,"max_hp_loss":0.0,"gold_gain":0.0,"event_name":"MindBloom","player_choice":"Heal","floor":42.0,"gold_loss":0.0,"damage_taken":0.0,"cards_obtained":["Doubt"]},{"damage_healed":0.0,"max_hp_gain":0.0,"max_hp_loss":0.0,"gold_gain":0.0,"event_name":"Upgrade Shrine","player_choice":"Upgraded","floor":48.0,"gold_loss":0.0,"damage_taken":0.0,"cards_upgraded":["Master of Strategy"]}],"is_beta":false,"boss_relics":[{"not_picked":["Coffee Dripper","Orrery"],"picked":"Inserter"},{"not_picked":["Snecko Eye","Runic Dome"],"picked":"Busted Crown"}],"items_purged_floors":[14,20,44,53],"is_endless":false,"potions_floor_spawned":[4,5,7,13,16,21,22,28,36,45],"killed_by":"Shield and Spear","ascension_level":15}