{"gold_per_floor":[109,119,69,144,154,154,174,185,185,199,214,229,65,85,85,184,184,203,203,214,82,100,100,116,136,163,123,140,150,150,168,168,168],"floor_reached":33,"playtime":1505,"items_purged":[],"score":249,"play_id":"af913113-2518-43e7-add1-7addb6c2841c","local_time":"20190211171310","is_ascension_mode":false,"campfire_choices":[{"data":"Dark Embrace","floor":6,"key":"SMITH"},{"floor":15,"key":"REST"},{"floor":30,"key":"REST"},{"floor":32,"key":"REST"}],"neow_cost":"NONE","seed_source_timestamp":1140145406781999,"circlet_count":0,"master_deck":["Strike_R+1","Strike_R+1","Strike_R+1","Defend_R+1","Defend_R+1","Defend_R+1","Defend_R+1","Bash","Dark Embrace+1","Shrug It Off","Reckless Charge","Intimidate","Wild Strike","Infernal Blade","Wild Strike","Pommel Strike","Twin Strike","Feel No Pain","Havoc","Disarm","Pommel Strike","Immolate+1","Corruption+1","Thunderclap","True Grit","Madness","Shrug It Off+1","Metallicize","True Grit","Twin Strike","True Grit"],"relics":["Black Blood"],"potions_floor_usage":[16,16,20,25,28,29,33,33],"damage_taken":[{"damage":5,"enemies":"Small Slimes","floor":1,"turns":4},{"damage":4,"enemies":"Jaw Worm","floor":2,"turns":4},{"damage":7,"enemies":"Cultist","floor":5,"turns":4},{"damage":41,"enemies":"Exordium Thugs","floor":7,"turns":7},{"damage":7,"enemies":"Looter","floor":8,"turns":3},{"damage":18,"enemies":"Large Slime","floor":10,"turns":7},{"damage":8,"enemies":"Lots of Slimes","floor":11,"turns":4},{"damage":0,"enemies":"3 Louse","floor":12,"turns":3},{"damage":7,"enemies":"Exordium Wildlife","floor":14,"turns":4},{"damage":20,"enemies":"Slime Boss","floor":16,"turns":9},{"damage":32,"enemies":"Spheric Guardian","floor":18,"turns":5},{"damage":16,"enemies":"Chosen","floor":20,"turns":5},{"damage":18,"enemies":"Centurion and Healer","floor":22,"turns":9},{"damage":9,"enemies":"Shelled Parasite and Fungi","floor":24,"turns":7},{"damage":11,"enemies":"Sentry and Sphere","floor":25,"turns":9},{"damage":28,"enemies":"Centurion and Healer","floor":28,"turns":6},{"damage":4,"enemies":"Chosen and Byrds","floor":29,"turns":8},{"damage":19,"enemies":"Snecko","floor":31,"turns":7},{"damage":108,"enemies":"Automaton","floor":33,"turns":12}],"seed_played":"-7122348489771600733","potions_obtained":[{"floor":5,"key":"Ancient Potion"},{"floor":10,"key":"Swift Potion"},{"floor":11,"key":"Strength Potion"},{"floor":16,"key":"EssenceOfSteel"},{"floor":18,"key":"SpeedPotion"},{"floor":25,"key":"Swift Potion"},{"floor":28,"key":"SteroidPotion"},{"floor":29,"key":"Explosive Potion"},{"floor":31,"key":"Weak Potion"}],"is_trial":false,"path_per_floor":["M","M","?","?","M","R","M","M","T","M","M","M","$","M","R","B",null,"M","?","M","$","M","?","M","M","T","?","M","M","R","M","R","B"],"character_chosen":"IRONCLAD","items_purchased":["Feel No Pain","Havoc","Disarm","True Grit","Madness"],"campfire_rested":3,"item_purchase_floors":[13,13,13,21,21],"current_hp_per_floor":[80,80,80,69,68,68,33,32,32,20,18,24,24,23,47,33,80,58,58,52,52,44,44,45,44,44,44,26,32,56,47,71,0],"gold":168,"neow_bonus":"TRANSFORM_CARD","is_prod":false,"is_daily":false,"chose_seed":false,"campfire_upgraded":1,"win_rate":0,"timestamp":1549930390,"path_taken":["M","M","?","?","M","R","M","M","T","M","M","?","?","M","R","BOSS","M","?","M","$","M","?","?","M","T","?","M","M","R","?","R","BOSS"],"build_version":"2019-01-23","purchased_purges":0,"victory":false,"max_hp_per_floor":[80,80,80,80,80,80,80,80,80,80,80,80,80,80,80,80,80,80,80,80,80,80,80,80,80,80,80,80,80,80,80,80,80],"card_choices":[{"not_picked":["Entrench","Sword Boomerang"],"picked":"Shrug It Off","floor":1},{"not_picked":["Headbutt","Sword Boomerang"],"picked":"Reckless Charge","floor":2},{"not_picked":["Dual Wield","Flex"],"picked":"Intimidate","floor":5},{"not_picked":["Bludgeon","Havoc"],"picked":"Wild Strike","floor":7},{"not_picked":["Flame Barrier","Warcry"],"picked":"Infernal Blade","floor":8},{"not_picked":["Hemokinesis","Dropkick"],"picked":"Wild Strike","floor":10},{"not_picked":["Body Slam","Clash"],"picked":"Pommel Strike","floor":11},{"not_picked":["Flex","Hemokinesis"],"picked":"Twin Strike","floor":12},{"not_picked":["Whirlwind","Anger"],"picked":"Pommel Strike","floor":14},{"not_picked":["Berserk","Offering"],"picked":"Immolate","floor":16},{"not_picked":["Flex","Metallicize"],"picked":"Corruption","floor":18},{"not_picked":["Clash","Blood for Blood"],"picked":"Thunderclap","floor":20},{"not_picked":["Thunderclap","Iron Wave"],"picked":"Shrug It Off+1","floor":22},{"not_picked":["Fire Breathing","Dark Embrace"],"picked":"Metallicize","floor":24},{"not_picked":["Thunderclap","Hemokinesis"],"picked":"True Grit","floor":25},{"not_picked":["Headbutt+1","Clothesline"],"picked":"Twin Strike","floor":28},{"not_picked":["Blood for Blood+1","Brutality","Combust+1"],"picked":"SKIP","floor":29},{"not_picked":["Headbutt","Perfected Strike"],"picked":"True Grit","floor":31}],"player_experience":1440536,"relics_obtained":[],"event_choices":[{"cards_removed":["Strike_R"],"damage_healed":0,"gold_gain":0,"player_choice":"Card Removal","damage_taken":0,"max_hp_gain":0,"max_hp_loss":0,"event_name":"The Cleric","floor":3,"gold_loss":50},{"damage_healed":0,"gold_gain":75,"player_choice":"Gather Gold","damage_taken":11,"max_hp_gain":0,"max_hp_loss":0,"event_name":"World of Goop","floor":4,"gold_loss":0},{"damage_healed":0,"gold_gain":0,"player_choice":"Ignored","damage_taken":0,"max_hp_gain":0,"max_hp_loss":0,"event_name":"The Mausoleum","floor":19,"gold_loss":0},{"damage_healed":0,"gold_gain":0,"player_choice":"Simplicity","damage_taken":0,"max_hp_gain":0,"max_hp_loss":0,"event_name":"Back to Basics","floor":23,"gold_loss":0,"cards_upgraded":["Strike_R","Strike_R","Strike_R","Defend_R","Defend_R","Defend_R","Defend_R"]},{"damage_healed":0,"gold_gain":0,"player_choice":"Upgraded Two","damage_taken":0,"max_hp_gain":0,"max_hp_loss":0,"event_name":"Designer","floor":27,"gold_loss":40,"cards_upgraded":["Corruption","Immolate"]}],"is_beta":false,"boss_relics":[{"not_picked":["Cursed Key","Lizard Tail"],"picked":"Black Blood"}],"items_purged_floors":[],"is_endless":false,"potions_floor_spawned":[5,10,11,16,18,25,28,29,31],"killed_by":"Automaton","ascension_level":0}