{"gold_per_floor":[211,211,225,25,25,60,10,10,10,43,43,57,88,108,108,205,205,225,225,244,169,169,197,93,123,146,146,163,182,182,200,200,305,305,318,335,355,102,102,114,126,138,164,114,141,141,0,15,15,15],"floor_reached":51,"playtime":2512,"items_purged":["Strike_B","Regret","Defend_B","Defend_B","Pain"],"score":762,"play_id":"85962c33-b1b6-44c3-8a1a-8977a75dbe17","local_time":"20190107135541","is_ascension_mode":false,"campfire_choices":[{"floor":8.0,"key":"REST"},{"floor":15.0,"key":"REST"},{"floor":32.0,"key":"REST"},{"floor":49,"key":"REST"}],"neow_cost":"NONE","seed_source_timestamp":1620031674327341,"circlet_count":0,"master_deck":["Defend_B+1","Zap+1","Dualcast","Beam Cell","Defragment","Gash","Hologram+1","Go for the Eyes","Scrape","Coolheaded+1","Redo+1","Reboot+1","Conserve Battery+1","Bite","Bite","Bite","Bite","Bite","Steam+1","Leap+1","Gash","RitualDagger","Leap+1","Electrodynamics","Parasite","Capacitor+1","Hologram+1","Defragment"],"special_seed":0,"relics":["FrozenCore","Smiling Mask","Mango","Incense Burner","Toxic Egg 2","Bottled Flame","Torii","Fusion Hammer","MutagenicStrength","Prayer Wheel","War Paint","Bronze Scales","Lee\u0027s Waffle","WarpedTongs","Potion Belt","Juzu Bracelet","Red Mask"],"potions_floor_usage":[45,50,50],"damage_taken":[{"damage":3.0,"enemies":"2 Louse","floor":1.0,"turns":2.0},{"damage":1.0,"enemies":"Cultist","floor":3.0,"turns":3.0},{"damage":46.0,"enemies":"Gremlin Nob","floor":6.0,"turns":6.0},{"damage":13.0,"enemies":"Lagavulin","floor":10.0,"turns":5.0},{"damage":0.0,"enemies":"Jaw Worm","floor":12.0,"turns":3.0},{"damage":22.0,"enemies":"3 Sentries","floor":13.0,"turns":7.0},{"damage":0.0,"enemies":"Large Slime","floor":14.0,"turns":4.0},{"damage":9.0,"enemies":"The Guardian","floor":16.0,"turns":11.0},{"damage":13.0,"enemies":"3 Byrds","floor":18.0,"turns":4.0},{"damage":0.0,"enemies":"Spheric Guardian","floor":20.0,"turns":4.0},{"damage":25.0,"enemies":"Gremlin Leader","floor":23.0,"turns":9.0},{"damage":43.0,"enemies":"Book of Stabbing","floor":25.0,"turns":6.0},{"damage":1.0,"enemies":"Snake Plant","floor":28.0,"turns":3.0},{"damage":0.0,"enemies":"Chosen and Byrds","floor":29.0,"turns":4.0},{"damage":12.0,"enemies":"Snecko","floor":31.0,"turns":5.0},{"damage":65.0,"enemies":"Collector","floor":33.0,"turns":11.0},{"damage":0,"enemies":"Orb Walker","floor":35,"turns":3},{"damage":27,"enemies":"3 Darklings","floor":36,"turns":4},{"damage":0,"enemies":"Jaw Worm Horde","floor":37,"turns":6},{"damage":5,"enemies":"Sphere and 2 Shapes","floor":40,"turns":5},{"damage":3,"enemies":"Writhing Mass","floor":41,"turns":8},{"damage":3,"enemies":"4 Shapes","floor":42,"turns":3},{"damage":20,"enemies":"Giant Head","floor":45,"turns":10},{"damage":13,"enemies":"Spire Growth","floor":48,"turns":6},{"damage":59,"enemies":"Awakened One","floor":50,"turns":17}],"seed_played":"-1029293606490928488","potions_obtained":[{"floor":1.0,"key":"Explosive Potion"},{"floor":12.0,"key":"FairyPotion"},{"floor":13.0,"key":"Weak Potion"},{"floor":18.0,"key":"Block Potion"},{"floor":23.0,"key":"Fire Potion"},{"floor":29.0,"key":"LiquidBronze"},{"floor":37,"key":"SkillPotion"},{"floor":41,"key":"PowerPotion"},{"floor":48,"key":"SneckoOil"}],"is_trial":false,"path_per_floor":["M","?","M","$","?","E","$","R","T","E","T","M","E","M","R","B",null,"M","?","M","?","?","E","$","E","T","?","M","M","?","M","R","B",null,"M","M","M","$","?","M","M","M","T","$","E","?","?","M","R","B",null],"character_chosen":"DEFECT","items_purchased":["Gash","Hologram","Go for the Eyes","Steam+1","Lee\u0027s Waffle"],"campfire_rested":4,"item_purchase_floors":[4,4,4,24,38],"current_hp_per_floor":[72,72,71,71,71,39,39,65,65,52,52,52,30,30,56,47,89,76,62,62,62,62,52,52,23,23,23,28,40,34,36,54,17,62,62,41,53,69,69,66,68,65,65,65,56,56,56,60,66,44],"gold":15,"neow_bonus":"HUNDRED_GOLD","is_prod":false,"is_daily":false,"chose_seed":false,"campfire_upgraded":0,"win_rate":0,"timestamp":1546894541,"path_taken":["M","?","M","?","?","E","$","R","T","E","?","M","E","M","R","BOSS","M","?","M","?","?","E","$","E","T","?","M","M","?","?","R","BOSS","M","M","M","$","?","M","M","M","T","$","E","?","?","M","R","BOSS"],"build_version":"2019-01-03v4","purchased_purges":5,"victory":true,"max_hp_per_floor":[75,75,75,75,75,89,89,89,89,89,89,89,89,89,89,89,89,89,62,62,62,62,62,62,62,62,62,62,62,62,62,62,62,62,62,62,62,69,69,69,69,69,69,69,69,66,66,66,66,66],"card_choices":[{"not_picked":["BootSequence","Turbo"],"picked":"Beam Cell","floor":1.0},{"not_picked":["Stack","Beam Cell"],"picked":"Defragment","floor":3.0},{"not_picked":["Barrage","Fusion"],"picked":"Scrape","floor":6.0},{"not_picked":["Turbo","Biased Cognition"],"picked":"Coolheaded","floor":10.0},{"not_picked":["Lockon","Compile Driver","Cold Snap"],"picked":"SKIP","floor":12.0},{"not_picked":["Chaos+1","Meteor Strike","Sweeping Beam"],"picked":"SKIP","floor":13.0},{"not_picked":["Steam Power+1","Lockon"],"picked":"Redo+1","floor":14.0},{"not_picked":["Buffer","All For One"],"picked":"Reboot+1","floor":16.0},{"not_picked":["Beam Cell","Chaos+1"],"picked":"Conserve Battery+1","floor":18.0},{"not_picked":["Sunder","Force Field+1","Sweeping Beam"],"picked":"SKIP","floor":20.0},{"not_picked":["Sweeping Beam+1","Consume+1","Reinforced Body+1"],"picked":"SKIP","floor":23.0},{"not_picked":["Lockon","Machine Learning","Redo+1"],"picked":"SKIP","floor":25.0},{"not_picked":["Rebound","Chill+1"],"picked":"Leap+1","floor":28.0},{"not_picked":["Beam Cell","Heatsinks"],"picked":"Gash","floor":28.0},{"not_picked":["Rebound","Sunder","Barrage+1"],"picked":"SKIP","floor":29.0},{"not_picked":["FTL","Stack+1","Darkness+1"],"picked":"SKIP","floor":29.0},{"not_picked":["Compile Driver","Barrage"],"picked":"Leap+1","floor":31.0},{"not_picked":["Conserve Battery+1","Sunder","Capacitor"],"picked":"SKIP","floor":31.0},{"not_picked":["Echo Form","Hyperbeam"],"picked":"Electrodynamics","floor":33.0},{"not_picked":["Cold Snap+1","Tempest+1","Ball Lightning"],"picked":"SKIP","floor":35},{"not_picked":["Cold Snap","Go for the Eyes","Redo+1"],"picked":"SKIP","floor":35},{"not_picked":["Undo+1","Cold Snap+1","Skim+1"],"picked":"SKIP","floor":36},{"not_picked":["Glacier+1","Turbo+1","Ball Lightning+1"],"picked":"SKIP","floor":36},{"not_picked":["Rebound+1","Chill+1","Leap+1"],"picked":"SKIP","floor":37},{"not_picked":["Storm+1","Rebound+1","Redo+1"],"picked":"SKIP","floor":37},{"not_picked":["Barrage+1","Go for the Eyes","Electrodynamics"],"picked":"SKIP","floor":40},{"not_picked":["Turbo+1","Barrage","Sunder"],"picked":"SKIP","floor":40},{"not_picked":["Leap+1","FTL"],"picked":"Capacitor+1","floor":41},{"not_picked":["Force Field+1","Tempest+1"],"picked":"Hologram+1","floor":41},{"not_picked":["Turbo+1","Redo+1","Streamline"],"picked":"SKIP","floor":42},{"not_picked":["Fusion+1","Melter+1","Hologram+1"],"picked":"SKIP","floor":42},{"not_picked":["Ball Lightning+1","Creative AI"],"picked":"Defragment","floor":45},{"not_picked":["Rip and Tear+1","Beam Cell","Turbo+1"],"picked":"SKIP","floor":48},{"not_picked":["Tempest+1","Stack+1","Turbo+1"],"picked":"SKIP","floor":48}],"player_experience":1233727,"relics_obtained":[{"floor":6.0,"key":"Mango"},{"floor":9.0,"key":"Incense Burner"},{"floor":10.0,"key":"Toxic Egg 2"},{"floor":11.0,"key":"Bottled Flame"},{"floor":13.0,"key":"Torii"},{"floor":23.0,"key":"Prayer Wheel"},{"floor":25.0,"key":"War Paint"},{"floor":26.0,"key":"Bronze Scales"},{"floor":43,"key":"Potion Belt"},{"floor":45,"key":"Juzu Bracelet"}],"event_choices":[{"damage_healed":0.0,"max_hp_gain":0.0,"max_hp_loss":0.0,"gold_gain":0.0,"event_name":"Upgrade Shrine","player_choice":"Upgraded","floor":2.0,"gold_loss":0.0,"damage_taken":0.0,"cards_upgraded":["Zap"]},{"damage_healed":0.0,"max_hp_gain":0.0,"max_hp_loss":0.0,"gold_gain":0.0,"event_name":"Big Fish","player_choice":"Box","floor":5.0,"gold_loss":0.0,"damage_taken":0.0,"relics_obtained":["Smiling Mask"],"cards_obtained":["Regret"]},{"damage_healed":0.0,"max_hp_gain":0.0,"max_hp_loss":27.0,"gold_gain":0.0,"event_name":"Vampires","player_choice":"Became a vampire","floor":19.0,"gold_loss":0.0,"damage_taken":0.0,"cards_obtained":["Bite","Bite","Bite","Bite","Bite"]},{"cards_removed":["Defend_B"],"damage_healed":0.0,"max_hp_gain":0.0,"max_hp_loss":0.0,"gold_gain":0.0,"event_name":"Beggar","player_choice":"Gave Gold","floor":21.0,"gold_loss":75.0,"damage_taken":0.0},{"damage_healed":0.0,"max_hp_gain":0.0,"max_hp_loss":0.0,"gold_gain":0.0,"event_name":"Drug Dealer","player_choice":"Inject Mutagens","floor":22.0,"gold_loss":0.0,"damage_taken":0.0,"relics_obtained":["MutagenicStrength"]},{"damage_healed":0.0,"max_hp_gain":0.0,"max_hp_loss":0.0,"gold_gain":0.0,"event_name":"Ghosts","player_choice":"Ignored","floor":27.0,"gold_loss":0.0,"damage_taken":0.0},{"damage_healed":0.0,"max_hp_gain":0.0,"max_hp_loss":0.0,"gold_gain":0.0,"event_name":"Nest","player_choice":"Joined the Cult","floor":30.0,"gold_loss":0.0,"damage_taken":6.0,"cards_obtained":["RitualDagger"]},{"damage_healed":0,"gold_gain":0,"player_choice":"Rummage","damage_taken":0,"relics_obtained":["WarpedTongs"],"max_hp_gain":0,"max_hp_loss":0,"event_name":"Accursed Blacksmith","floor":39,"gold_loss":0,"cards_obtained":["Pain"]},{"damage_healed":0,"gold_gain":0,"player_choice":"Max HP","damage_taken":0,"max_hp_gain":0,"max_hp_loss":3,"event_name":"Winding Halls","floor":46,"gold_loss":0},{"damage_healed":0,"gold_gain":0,"player_choice":"Paid","damage_taken":0,"relics_obtained":["Red Mask"],"max_hp_gain":0,"max_hp_loss":0,"event_name":"Tomb of Lord Red Mask","floor":47,"gold_loss":141}],"is_beta":false,"boss_relics":[{"not_picked":["Orrery","Coffee Dripper"],"picked":"Fusion Hammer"},{"not_picked":["Busted Crown","Astrolabe"],"picked":"FrozenCore"}],"items_purged_floors":[4,7,24,38,44],"is_endless":false,"potions_floor_spawned":[1,12,13,18,23,29,37,41,48],"ascension_level":0}