{"gold_per_floor":[109,59,77,92,109,109],"floor_reached":6,"playtime":311,"items_purged":[],"score":65,"play_id":"4365abd3-59f3-4b42-8d86-b22f9274733e","local_time":"20190404125737","is_ascension_mode":true,"campfire_choices":[],"neow_cost":"NONE","seed_source_timestamp":1690658851951368,"circlet_count":0,"master_deck":["AscendersBane","Defend_G","Defend_G","Defend_G","Defend_G","Defend_G","Strike_G","Strike_G","Strike_G","Strike_G","Survivor","Neutralize","Noxious Fumes","Flying Knee","Malaise","Dagger Throw","Cloak And Dagger","Dagger Throw","Poisoned Stab","Corpse Explosion"],"relics":["Orrery"],"potions_floor_usage":[6],"damage_taken":[{"damage":0,"enemies":"Small Slimes","floor":1,"turns":3},{"damage":7,"enemies":"Jaw Worm","floor":3,"turns":4},{"damage":0,"enemies":"Cultist","floor":4,"turns":4},{"damage":22,"enemies":"Gremlin Gang","floor":5,"turns":4},{"damage":30,"enemies":"Gremlin Nob","floor":6,"turns":4}],"seed_played":"-3926953374272459210","potions_obtained":[{"floor":4,"key":"GamblersBrew"}],"is_trial":false,"path_per_floor":["?"],"character_chosen":"THE_SILENT","items_purchased":[],"campfire_rested":0,"item_purchase_floors":[],"current_hp_per_floor":[59,59,52,52,30,0],"gold":109,"neow_bonus":"BOSS_RELIC","is_prod":false,"is_daily":false,"chose_seed":false,"campfire_upgraded":0,"win_rate":0,"timestamp":1554397057,"path_taken":["M","?","M","M","M","E"],"build_version":"2019-01-23","purchased_purges":0,"victory":false,"max_hp_per_floor":[66,66,66,66,66,66],"card_choices":[{"not_picked":["Slice","Poisoned Stab"],"picked":"Noxious Fumes","floor":0},{"not_picked":["Cloak And Dagger","Underhanded Strike"],"picked":"Flying Knee","floor":0},{"not_picked":["Choke","Leg Sweep"],"picked":"Malaise","floor":0},{"not_picked":["Prepared","Bane"],"picked":"Dagger Throw","floor":0},{"not_picked":["Choke","Acrobatics"],"picked":"Cloak And Dagger","floor":0},{"not_picked":["Distraction","Finisher"],"picked":"Dagger Throw","floor":1},{"not_picked":["Backstab","Blade Dance"],"picked":"Poisoned Stab","floor":3},{"not_picked":["Cloak And Dagger","Heel Hook"],"picked":"Corpse Explosion","floor":4},{"not_picked":["Dagger Throw","Deadly Poison","Poisoned Stab"],"picked":"SKIP","floor":5}],"player_experience":1475629,"relics_obtained":[],"event_choices":[{"cards_removed":["Strike_G"],"damage_healed":0,"gold_gain":0,"player_choice":"Card Removal","damage_taken":0,"max_hp_gain":0,"max_hp_loss":0,"event_name":"The Cleric","floor":2,"gold_loss":50}],"is_beta":false,"boss_relics":[],"items_purged_floors":[],"is_endless":false,"potions_floor_spawned":[4],"killed_by":"Gremlin Nob","ascension_level":14}