{"gold_per_floor":[111,111,126,126,201,201,229,229,278,278,310,310,330,343,343,446,446,458,458,83,95,95,128,128,128],"floor_reached":25,"playtime":779,"items_purged":["Strike_R"],"score":328,"play_id":"3b536b34-7374-4222-a5fd-a0219c069021","local_time":"20181028145843","is_ascension_mode":true,"campfire_choices":[{"data":"Body Slam","floor":6,"key":"SMITH"},{"data":"Anger","floor":8,"key":"SMITH"},{"data":"Clothesline","floor":12,"key":"SMITH"},{"data":"Flame Barrier","floor":15,"key":"SMITH"}],"neow_cost":"NONE","seed_source_timestamp":1545240600985780,"circlet_count":0,"master_deck":["Strike_R","Defend_R+1","Defend_R+1","Defend_R","Defend_R","Bash+1","Anger+1","Body Slam+1","Anger+1","Clothesline+1","Flame Barrier+1","Rampage","Juggernaut","True Grit+1","Battle Trance","Second Wind","Heavy Blade"],"relics":["Burning Blood","NeowsBlessing","War Paint","Omamori","Pantograph","Black Star","Du-Vu Doll","Ginger","Girya","Prayer Wheel"],"potions_floor_usage":[14,24,24],"damage_taken":[{"damage":0,"enemies":"Jaw Worm","floor":1,"turns":1},{"damage":0,"enemies":"2 Louse","floor":3,"turns":1},{"damage":0,"enemies":"3 Sentries","floor":7,"turns":1},{"damage":20,"enemies":"Gremlin Nob","floor":11,"turns":4},{"damage":0,"enemies":"Cultist","floor":13,"turns":3},{"damage":0,"enemies":"Large Slime","floor":14,"turns":4},{"damage":32,"enemies":"The Guardian","floor":16,"turns":11},{"damage":3,"enemies":"Chosen","floor":18,"turns":3},{"damage":5,"enemies":"Shell Parasite","floor":21,"turns":5},{"damage":36,"enemies":"Book of Stabbing","floor":23,"turns":7},{"damage":13,"enemies":"Colosseum Slavers","floor":24,"turns":3},{"damage":45,"enemies":"Sentry and Sphere","floor":25,"turns":7}],"seed_played":"8574870508144256456","potions_obtained":[{"floor":11,"key":"Explosive Potion"},{"floor":13,"key":"BloodPotion"},{"floor":14,"key":"EssenceOfSteel"},{"floor":16,"key":"Explosive Potion"}],"is_trial":false,"path_per_floor":["M","?","M","?","?","R","E","R","T","?","E","R","M","M","R","B",null,"M","?","$","M","?","E","?"],"character_chosen":"IRONCLAD","items_purchased":["Ginger"],"campfire_rested":0,"item_purchase_floors":[20],"current_hp_per_floor":[78,62,68,61,50,50,56,56,56,76,62,62,68,80,80,54,74,77,77,77,78,78,48,41,0],"gold":128,"neow_bonus":"THREE_ENEMY_KILL","is_prod":false,"is_daily":false,"chose_seed":false,"campfire_upgraded":4,"win_rate":0,"timestamp":1540760323,"path_taken":["M","?","?","?","?","R","E","R","T","?","E","R","M","M","R","BOSS","M","?","$","M","?","E","?","M"],"build_version":"2018-10-25v2","purchased_purges":1,"victory":false,"max_hp_per_floor":[80,80,80,80,80,80,80,80,80,80,80,80,80,80,80,80,80,80,80,80,80,80,80,80,80],"card_choices":[{"not_picked":["Warcry","Power Through"],"picked":"Anger","floor":1},{"not_picked":["Warcry","Havoc"],"picked":"Body Slam","floor":3},{"not_picked":["Dropkick","Headbutt"],"picked":"Anger","floor":7},{"not_picked":["Rupture","Pommel Strike"],"picked":"Clothesline","floor":11},{"not_picked":["Bloodletting","Twin Strike"],"picked":"Flame Barrier","floor":13},{"not_picked":["Carnage","Pommel Strike"],"picked":"Rampage","floor":14},{"not_picked":["Fiend Fire","Limit Break"],"picked":"Juggernaut","floor":16},{"not_picked":["Sword Boomerang","Iron Wave"],"picked":"True Grit+1","floor":18},{"not_picked":["Havoc","Iron Wave","Rupture"],"picked":"SKIP","floor":21},{"not_picked":["Exhume","Wild Strike"],"picked":"Heavy Blade","floor":23}],"player_experience":937917,"relics_obtained":[{"floor":7,"key":"War Paint"},{"floor":9,"key":"Omamori"},{"floor":11,"key":"Pantograph"},{"floor":23,"key":"Girya"},{"floor":23,"key":"Prayer Wheel"}],"event_choices":[{"damage_healed":0,"gold_gain":0,"player_choice":"Entered Light","damage_taken":16,"max_hp_gain":0,"max_hp_loss":0,"event_name":"Shining Light","floor":2,"gold_loss":0,"cards_upgraded":["Bash","Anger"]},{"cards_removed":["Strike_R"],"damage_healed":0,"gold_gain":0,"player_choice":"Card Removal","damage_taken":7,"max_hp_gain":0,"max_hp_loss":0,"event_name":"Golden Wing","floor":4,"gold_loss":0},{"damage_healed":0,"gold_gain":75,"player_choice":"Gather Gold","damage_taken":11,"max_hp_gain":0,"max_hp_loss":0,"event_name":"World of Goop","floor":5,"gold_loss":0},{"damage_healed":20,"gold_gain":0,"player_choice":"Healed and dodged fight","damage_taken":0,"max_hp_gain":0,"max_hp_loss":0,"event_name":"Mushrooms","floor":10,"gold_loss":0,"cards_obtained":["Parasite"]},{"damage_healed":0,"gold_gain":0,"player_choice":"Stole Relic","damage_taken":0,"relics_obtained":["Du-Vu Doll"],"max_hp_gain":0,"max_hp_loss":0,"event_name":"Addict","floor":19,"gold_loss":0,"cards_obtained":["Shame"]},{"damage_healed":0,"gold_gain":0,"cards_transformed":["Strike_R","Strike_R"],"player_choice":"Became Test Subject","damage_taken":0,"max_hp_gain":0,"max_hp_loss":0,"event_name":"Drug Dealer","floor":22,"gold_loss":0,"cards_obtained":["Battle Trance","Second Wind"]},{"damage_healed":0,"gold_gain":0,"player_choice":"Fight","damage_taken":0,"max_hp_gain":0,"max_hp_loss":0,"event_name":"Colosseum","floor":24,"gold_loss":0},{"damage_healed":0,"gold_gain":0,"player_choice":"Fled From Nobs","damage_taken":0,"max_hp_gain":0,"max_hp_loss":0,"event_name":"Colosseum","floor":24,"gold_loss":0}],"is_beta":false,"boss_relics":[{"not_picked":["Orrery","Philosopher\u0027s Stone"],"picked":"Black Star"}],"items_purged_floors":[20],"is_endless":false,"potions_floor_spawned":[11,13,14,16,24],"killed_by":"Sentry and Sphere","ascension_level":6}