{"gold_per_floor":[12,12,31,31,44,44,77,77,77,89,117,135,135],"floor_reached":13,"playtime":999,"items_purged":[],"score":133,"play_id":"2dccdf43-6dcb-4174-aa27-195eac11aa6c","local_time":"20190324215322","is_ascension_mode":true,"campfire_choices":[{"data":"Cloak And Dagger","floor":6,"key":"SMITH"},{"data":"Backstab","floor":8,"key":"SMITH"}],"neow_cost":"NO_GOLD","seed_source_timestamp":771718250392735,"circlet_count":0,"master_deck":["Defend_G","Defend_G","Defend_G","Defend_G","Defend_G","Strike_G","Strike_G","Strike_G","Strike_G","Strike_G","Survivor","Neutralize+1","Cloak And Dagger+1","Well Laid Plans","PiercingWail","Backstab+1","Backflip"],"relics":["Ring of the Snake","Incense Burner","Centennial Puzzle","Pear","Dream Catcher"],"potions_floor_usage":[],"damage_taken":[{"damage":0,"enemies":"Small Slimes","floor":1,"turns":4},{"damage":0,"enemies":"Jaw Worm","floor":3,"turns":6},{"damage":0,"enemies":"2 Louse","floor":5,"turns":4},{"damage":22,"enemies":"Lagavulin","floor":7,"turns":11},{"damage":3,"enemies":"Gremlin Gang","floor":10,"turns":10},{"damage":15,"enemies":"3 Sentries","floor":11,"turns":13},{"damage":1,"enemies":"Large Slime","floor":12,"turns":7},{"damage":32,"enemies":"Gremlin Nob","floor":13,"turns":4}],"seed_played":"2545498020083045618","potions_obtained":[{"floor":10,"key":"SpeedPotion"},{"floor":11,"key":"PowerPotion"},{"floor":12,"key":"Fire Potion"}],"is_trial":false,"path_per_floor":["?","?"],"character_chosen":"THE_SILENT","items_purchased":[],"campfire_rested":0,"item_purchase_floors":[],"current_hp_per_floor":[63,63,63,63,63,63,41,41,51,48,33,32,0],"gold":135,"neow_bonus":"ONE_RARE_RELIC","is_prod":false,"is_daily":false,"chose_seed":false,"campfire_upgraded":2,"win_rate":0,"timestamp":1553478802,"path_taken":["M","?","M","?","M","R","E","R","T","M","E","M","E"],"build_version":"2019-01-23","purchased_purges":0,"victory":false,"max_hp_per_floor":[70,70,70,70,70,70,70,70,80,80,80,80,80],"card_choices":[{"not_picked":["Poisoned Stab","Underhanded Strike"],"picked":"Cloak And Dagger","floor":1},{"not_picked":["Outmaneuver","Dagger Throw"],"picked":"Well Laid Plans","floor":3},{"not_picked":["Quick Slash","Backflip"],"picked":"PiercingWail","floor":5},{"not_picked":["Dagger Spray","Deadly Poison"],"picked":"Backstab","floor":7},{"not_picked":["Backstab","Tactician","Reflex"],"picked":"SKIP","floor":10},{"not_picked":["Outmaneuver","Venomology"],"picked":"Backflip","floor":11},{"not_picked":["Dagger Throw","Catalyst","Eviscerate"],"picked":"SKIP","floor":12}],"player_experience":967962,"relics_obtained":[{"floor":7,"key":"Centennial Puzzle"},{"floor":9,"key":"Pear"},{"floor":11,"key":"Dream Catcher"}],"event_choices":[{"damage_healed":0,"gold_gain":0,"player_choice":"Leave","damage_taken":0,"max_hp_gain":0,"max_hp_loss":0,"event_name":"The Cleric","floor":2,"gold_loss":0},{"damage_healed":0,"gold_gain":0,"player_choice":"Grow","damage_taken":0,"max_hp_gain":0,"max_hp_loss":0,"event_name":"Living Wall","floor":4,"gold_loss":0,"cards_upgraded":["Neutralize"]}],"is_beta":false,"boss_relics":[],"items_purged_floors":[],"is_endless":false,"potions_floor_spawned":[10,11,12],"killed_by":"Gremlin Nob","ascension_level":8}