{"gold_per_floor":[115,134,150,150,2,2,33,33,58,158,176,204,204,228,228,329,329,347,98,117,117,185,185,212,212,212,212,262,262,274,284,284,284],"floor_reached":33,"playtime":5050,"items_purged":["Strike_G","Strike_G"],"score":313,"play_id":"738dc562-aa55-4b71-92b2-fb3f71e5d503","local_time":"20190130014959","is_ascension_mode":true,"campfire_choices":[{"data":"Well Laid Plans","floor":6.0,"key":"SMITH"},{"data":"Sucker Punch","floor":8.0,"key":"SMITH"},{"data":"Malaise","floor":13.0,"key":"SMITH"},{"floor":15.0,"key":"REST"},{"floor":23.0,"key":"REST"},{"floor":25.0,"key":"REST"},{"data":"Backstab","floor":27.0,"key":"SMITH"},{"data":"Dash","floor":29.0,"key":"SMITH"},{"data":"Die Die Die","floor":32.0,"key":"SMITH"}],"neow_cost":"NONE","seed_source_timestamp":0,"circlet_count":0,"master_deck":["Defend_G","Defend_G","Defend_G","Defend_G","Defend_G","Strike_G","Strike_G","Strike_G","Survivor","Neutralize+1","Sucker Punch+1","Deflect","Dagger Throw","Well Laid Plans+1","PiercingWail","Dash+1","Malaise+1","Die Die Die+1","Dagger Spray","Riddle With Holes+1","Backstab+1","Quick Slash+1","Predator"],"special_seed":0,"relics":["Ring of the Snake","Smiling Mask","PreservedInsect","Bag of Preparation","Anchor","Lizard Tail","Membership Card","SsserpentHead","Bottled Lightning","Kunai"],"potions_floor_usage":[],"damage_taken":[{"damage":5.0,"enemies":"Jaw Worm","floor":1.0,"turns":4.0},{"damage":0.0,"enemies":"2 Louse","floor":2.0,"turns":4.0},{"damage":0.0,"enemies":"Cultist","floor":3.0,"turns":4.0},{"damage":0.0,"enemies":"Lagavulin","floor":7.0,"turns":11.0},{"damage":4.0,"enemies":"Exordium Thugs","floor":11.0,"turns":6.0},{"damage":13.0,"enemies":"3 Sentries","floor":12.0,"turns":9.0},{"damage":36.0,"enemies":"Hexaghost","floor":16.0,"turns":22.0},{"damage":23.0,"enemies":"Spheric Guardian","floor":18.0,"turns":12.0},{"damage":4.0,"enemies":"Shell Parasite","floor":20.0,"turns":11.0},{"damage":23.0,"enemies":"Cultist and Chosen","floor":22.0,"turns":13.0},{"damage":51.0,"enemies":"Book of Stabbing","floor":24.0,"turns":12.0},{"damage":0.0,"enemies":"Centurion and Healer","floor":30.0,"turns":7.0},{"damage":2.0,"enemies":"Snake Plant","floor":31.0,"turns":8.0},{"damage":0,"enemies":"Collector","floor":33,"turns":1}],"seed_played":"8043058761759260781","potions_obtained":[{"floor":1.0,"key":"EssenceOfSteel"},{"floor":12.0,"key":"Regen Potion"},{"floor":18.0,"key":"EssenceOfSteel"},{"floor":30.0,"key":"Strength Potion"},{"floor":31.0,"key":"Fire Potion"}],"is_trial":false,"path_per_floor":["M","M","M","?","$","R","E","R","T","?","M","E","R","T","R","B",null,"M","$","M","?","M","R","E","R","T","R","?","R","M","M","R","B"],"character_chosen":"THE_SILENT","items_purchased":["Well Laid Plans","Membership Card"],"campfire_rested":3,"item_purchase_floors":[5,19],"current_hp_per_floor":[72,72,72,72,72,72,72,72,72,72,68,55,55,55,77,50,77,54,54,50,50,27,50,38,61,61,61,61,61,61,59,59,59],"gold":284,"neow_bonus":"TEN_PERCENT_HP_BONUS","is_prod":false,"is_daily":false,"chose_seed":false,"campfire_upgraded":6,"win_rate":0,"timestamp":1548834599,"path_taken":["M","M","M","?","$","R","E","R","T","?","?","E","R","?","R","BOSS","M","$","M","?","?","R","E","R","T","R","?","R","M","M","R","BOSS"],"build_version":"2019-01-23","purchased_purges":2,"victory":false,"max_hp_per_floor":[77,77,77,77,77,77,77,77,77,77,77,77,77,77,77,77,77,77,77,77,77,77,77,77,77,77,77,77,77,77,77,77,77],"card_choices":[{"not_picked":["Distraction","Caltrops"],"picked":"Sucker Punch","floor":1.0},{"not_picked":["Poisoned Stab","Acrobatics"],"picked":"Deflect","floor":2.0},{"not_picked":["Poisoned Stab","Prepared"],"picked":"Dagger Throw","floor":3.0},{"not_picked":["Quick Slash","Poisoned Stab"],"picked":"PiercingWail","floor":7.0},{"not_picked":["Calculated Gamble","Flying Knee"],"picked":"Dash","floor":11.0},{"not_picked":["Bane","Dagger Throw"],"picked":"Malaise","floor":12.0},{"not_picked":["Envenom","A Thousand Cuts"],"picked":"Die Die Die","floor":16.0},{"not_picked":["Poisoned Stab","Sucker Punch"],"picked":"Dagger Spray","floor":18.0},{"not_picked":["Expertise","Eviscerate"],"picked":"Riddle With Holes","floor":20.0},{"not_picked":["Dagger Spray","Deflect"],"picked":"Backstab","floor":22.0},{"not_picked":["Eviscerate+1","Bane","Flechettes+1"],"picked":"SKIP","floor":24.0},{"not_picked":["Tactician","Underhanded Strike"],"picked":"Quick Slash+1","floor":30.0},{"not_picked":["Storm of Steel","PiercingWail"],"picked":"Predator","floor":31.0}],"player_experience":155142,"relics_obtained":[{"floor":7.0,"key":"Smiling Mask"},{"floor":9.0,"key":"PreservedInsect"},{"floor":12.0,"key":"Bag of Preparation"},{"floor":14.0,"key":"Anchor"},{"floor":24.0,"key":"Bottled Lightning"},{"floor":26.0,"key":"Kunai"}],"event_choices":[{"damage_healed":0.0,"max_hp_gain":0.0,"max_hp_loss":0.0,"gold_gain":0.0,"event_name":"Living Wall","player_choice":"Grow","floor":4.0,"gold_loss":0.0,"damage_taken":0.0,"cards_upgraded":["Neutralize"]},{"damage_healed":0.0,"max_hp_gain":0.0,"max_hp_loss":0.0,"gold_gain":100.0,"event_name":"Golden Shrine","player_choice":"Pray","floor":10.0,"gold_loss":0.0,"damage_taken":0.0},{"damage_healed":0.0,"max_hp_gain":0.0,"max_hp_loss":0.0,"gold_gain":0.0,"event_name":"FaceTrader","player_choice":"Trade","floor":21.0,"gold_loss":0.0,"damage_taken":0.0,"relics_obtained":["SsserpentHead"]},{"damage_healed":0.0,"max_hp_gain":0.0,"max_hp_loss":0.0,"gold_gain":0.0,"event_name":"Accursed Blacksmith","player_choice":"Forge","floor":28.0,"gold_loss":0.0,"damage_taken":0.0,"cards_upgraded":["Riddle With Holes"]}],"is_beta":false,"boss_relics":[{"not_picked":["Philosopher\u0027s Stone","Runic Pyramid"],"picked":"Lizard Tail"}],"items_purged_floors":[5,19],"is_endless":false,"potions_floor_spawned":[1,12,18,30,31],"killed_by":"Collector","ascension_level":1}