{"gold_per_floor":[114,130,150,150,150,150,184,184,253,271,51,70,90,109,109,213,213,231,248,248,10,30,43,7,19,76,110,110,25,25,35,35,130,180,200,211,222,222,238,238,238],"floor_reached":41,"playtime":2241,"items_purged":[],"score":594,"play_id":"923a07d0-e07e-4f3d-9ad1-2ed52df201c0","local_time":"20180802181654","daily_mods":["Specialized","Uncertain Future","Hoarder"],"is_ascension_mode":false,"campfire_choices":[{"data":"Spot Weakness","floor":6,"key":"SMITH"},{"data":"Spot Weakness","floor":8,"key":"SMITH"},{"data":"Spot Weakness","floor":15,"key":"SMITH"},{"floor":28,"key":"REST"},{"data":"Pummel","floor":30,"key":"SMITH"},{"floor":32,"key":"REST"},{"data":"Reaper","floor":40,"key":"SMITH"}],"neow_cost":"","seed_source_timestamp":0,"circlet_count":0,"master_deck":["Strike_R","Strike_R","Strike_R","Strike_R","Strike_R","Defend_R","Defend_R","Defend_R","Defend_R","Bash","Reaper+1","Reaper+1","Reaper","Reaper+1","Reaper","Reaper","Reaper","Reaper","Reaper","Reaper","Reaper","Reaper","Reaper","Reaper","Spot Weakness+1","Spot Weakness+1","Spot Weakness+1","Cleave","Cleave","Cleave","Shrug It Off","Shrug It Off","Shrug It Off","Flex","Flex","Flex","Pummel+1","Pummel","Pummel","Flash of Steel","Flash of Steel","Flash of Steel","Havoc","Havoc","Havoc","Anger","Anger","Anger","Iron Wave","Iron Wave","Iron Wave","Demon Form+1","Demon Form","Demon Form","Iron Wave","Iron Wave","Iron Wave","Cleave","Cleave","Cleave","Shockwave","Shockwave","Shockwave","Metallicize","Metallicize","Metallicize","Seeing Red","Seeing Red","Seeing Red","Perfected Strike+1","Perfected Strike+1","Perfected Strike+1","Inflame","Inflame","Inflame","Twin Strike+1","Twin Strike+1","Twin Strike+1","Dark Embrace","Dark Embrace","Dark Embrace","Pommel Strike+1","Pommel Strike+1","Pommel Strike+1","Armaments+1","Armaments+1","Armaments+1","Havoc+1","Havoc+1","Havoc+1","Feel No Pain+1","Feel No Pain+1","Feel No Pain+1","Bandage Up+1","Bandage Up+1","Bandage Up+1","Purity+1","Purity+1","Purity+1","Secret Technique+1","Secret Technique+1","Secret Technique+1","Armaments+1","Armaments+1","Armaments+1"],"relics":["Burning Blood","Boot","Matryoshka","Black Star","Mercury Hourglass","Molten Egg 2","Shuriken","Tiny Chest","Meat on the Bone","Toxic Egg 2","Anchor","Tiny House"],"potions_floor_usage":[7,16,16,27,27,37,41,41],"damage_taken":[{"damage":51,"enemies":"Jaw Worm","floor":1,"turns":9},{"damage":40,"enemies":"Cultist","floor":2,"turns":7},{"damage":14,"enemies":"Small Slimes","floor":3,"turns":5},{"damage":17,"enemies":"3 Sentries","floor":7,"turns":4},{"damage":0,"enemies":"3 Louse","floor":10,"turns":1},{"damage":26,"enemies":"Exordium Thugs","floor":12,"turns":5},{"damage":3,"enemies":"Large Slime","floor":13,"turns":5},{"damage":16,"enemies":"2 Fungi Beasts","floor":14,"turns":3},{"damage":67,"enemies":"The Guardian","floor":16,"turns":9},{"damage":55,"enemies":"3 Byrds","floor":18,"turns":5},{"damage":48,"enemies":"2 Thieves","floor":19,"turns":4},{"damage":31,"enemies":"Centurion and Healer","floor":22,"turns":4},{"damage":34,"enemies":"Chosen and Byrds","floor":23,"turns":6},{"damage":57,"enemies":"Snecko","floor":25,"turns":7},{"damage":42,"enemies":"Book of Stabbing","floor":27,"turns":6},{"damage":78,"enemies":"Slaver and Parasite","floor":31,"turns":7},{"damage":113,"enemies":"Collector","floor":33,"turns":11},{"damage":22,"enemies":"Orb Walker","floor":35,"turns":4},{"damage":26,"enemies":"Flame Bruiser 1 Orb","floor":36,"turns":5},{"damage":10,"enemies":"3 Darklings","floor":37,"turns":4},{"damage":31,"enemies":"Sphere and 2 Shapes","floor":39,"turns":5},{"damage":143,"enemies":"Giant Head","floor":41,"turns":10}],"seed_played":"4457482269691623173","potions_obtained":[{"floor":1,"key":"Energy Potion"},{"floor":7,"key":"Strength Potion"},{"floor":14,"key":"Dexterity Potion"},{"floor":16,"key":"GamblersBrew"},{"floor":22,"key":"Regen Potion"},{"floor":25,"key":"PowerPotion"},{"floor":33,"key":"BloodPotion"},{"floor":34,"key":"SmokeBomb"},{"floor":37,"key":"EssenceOfSteel"}],"is_trial":true,"path_per_floor":["M","M","M","?","?","R","E","R","T","M","$","M","M","M","R","B",null,"M","M","?","$","M","M","$","M","T","E","R","?","R","M","R","B",null,"M","M","M","?","M","R"],"character_chosen":"IRONCLAD","items_purchased":["Pummel","Flash of Steel","Havoc","Molten Egg 2","Seeing Red"],"campfire_rested":2,"item_purchase_floors":[11,11,11,21,24],"current_hp_per_floor":[56,44,67,67,51,51,80,80,80,80,80,75,80,78,78,80,80,66,66,66,66,55,62,62,39,39,22,46,46,46,38,62,50,85,85,85,85,75,85,85,0],"gold":238,"neow_bonus":"","is_prod":false,"is_daily":false,"chose_seed":false,"campfire_upgraded":5,"win_rate":0,"timestamp":1533255414,"path_taken":["M","M","M","?","?","R","E","R","T","M","$","?","M","M","R","BOSS","M","M","?","?","M","M","$","M","T","E","R","?","R","M","R","BOSS","M","M","M","?","M","R","E"],"build_version":"2018-07-26","purchased_purges":0,"victory":false,"max_hp_per_floor":[80,80,80,80,80,80,80,80,80,80,80,80,80,80,80,80,80,80,80,80,80,80,80,80,80,80,80,80,80,80,80,80,80,85,85,85,85,85,85,85,85],"card_choices":[{"not_picked":["Sever Soul","Dropkick","Hemokinesis"],"picked":"SKIP","floor":1},{"not_picked":["Clothesline","Warcry"],"picked":"Spot Weakness","floor":2},{"not_picked":["Anger","Heavy Blade"],"picked":"Cleave","floor":3},{"not_picked":["Limit Break","Clothesline"],"picked":"Shrug It Off","floor":7},{"not_picked":["Wild Strike","Searing Blow"],"picked":"Flex","floor":10},{"not_picked":["Pommel Strike","Combust"],"picked":"Anger","floor":12},{"not_picked":["Clothesline","Flame Barrier","True Grit"],"picked":"SKIP","floor":13},{"not_picked":["Sentinel","Whirlwind"],"picked":"Iron Wave","floor":14},{"not_picked":["Juggernaut","Offering"],"picked":"Demon Form","floor":16},{"not_picked":["Rupture","Thunderclap"],"picked":"Iron Wave","floor":18},{"not_picked":["Combust","Iron Wave+1"],"picked":"Cleave","floor":19},{"not_picked":["Whirlwind+1","Corruption"],"picked":"Shockwave","floor":22},{"not_picked":["Blood for Blood+1","Armaments"],"picked":"Metallicize","floor":23},{"not_picked":["Clothesline+1","Impervious"],"picked":"Perfected Strike+1","floor":25},{"not_picked":["Pommel Strike+1","Offering"],"picked":"Inflame","floor":27},{"not_picked":["Fire Breathing","Body Slam+1"],"picked":"Twin Strike+1","floor":31},{"not_picked":["Double Tap+1","Berserk"],"picked":"Dark Embrace","floor":33},{"not_picked":["Feel No Pain","Evolve+1"],"picked":"Pommel Strike+1","floor":34},{"not_picked":["Wild Strike+1","Headbutt+1"],"picked":"Armaments+1","floor":35},{"not_picked":["Sever Soul+1","Clash+1"],"picked":"Havoc+1","floor":36},{"not_picked":["Clothesline+1","Cleave+1"],"picked":"Feel No Pain+1","floor":37},{"not_picked":["Jack Of All Trades+1","Finesse+1"],"picked":"Bandage Up+1","floor":38},{"not_picked":["Transmutation+1","Jack Of All Trades+1"],"picked":"Purity+1","floor":38},{"not_picked":["Deep Breath+1","Transmutation+1"],"picked":"Secret Technique+1","floor":38},{"not_picked":["Wild Strike+1","Bloodletting+1"],"picked":"Armaments+1","floor":39}],"player_experience":160476,"relics_obtained":[{"floor":7,"key":"Boot"},{"floor":9,"key":"Matryoshka"},{"floor":26,"key":"Shuriken"},{"floor":26,"key":"Tiny Chest"},{"floor":27,"key":"Meat on the Bone"},{"floor":27,"key":"Toxic Egg 2"}],"event_choices":[{"event_name":"Purifier","player_choice":"Skipped","floor":4,"damage_taken":0},{"event_name":"Shining Light","player_choice":"Entered Light","floor":5,"damage_taken":0},{"event_name":"WeMeetAgain","player_choice":"Card","floor":20,"damage_taken":0},{"event_name":"Addict","player_choice":"Obtained Relic","floor":29,"damage_taken":0},{"event_name":"SensoryStone","player_choice":"Memory 3","floor":38,"damage_taken":0}],"is_beta":false,"boss_relics":[{"not_picked":["Ectoplasm","Sozu"],"picked":"Black Star"},{"not_picked":["Runic Dome","Astrolabe"],"picked":"Tiny House"}],"items_purged_floors":[],"is_endless":false,"potions_floor_spawned":[1,7,14,16,22,25,33,37],"killed_by":"Giant Head","ascension_level":0}