{"gold_per_floor":[115,128,29,41,51,51,69,84,110,10,38,100,100,100,100,100],"floor_reached":16,"playtime":1046,"items_purged":["Strike_G","Strike_G"],"score":128,"play_id":"8d844b24-b4a4-4df3-8c49-b90cf03c1ad8","local_time":"20181028195502","is_ascension_mode":true,"campfire_choices":[{"data":"Neutralize","floor":6,"key":"SMITH"},{"floor":13,"key":"REST"},{"floor":15,"key":"REST"}],"neow_cost":"NONE","seed_source_timestamp":1562753360142522,"circlet_count":0,"master_deck":["Defend_G","Defend_G","Defend_G","Defend_G","Defend_G","Strike_G","Strike_G","Strike_G","Survivor","Neutralize+1","Blade Dance","Blade Dance","Finisher","Cloak And Dagger"],"relics":["Ring of the Snake","Ancient Tea Set","Dream Catcher","Centennial Puzzle","Orichalcum"],"potions_floor_usage":[5,8,11,16],"damage_taken":[{"damage":0,"enemies":"2 Louse","floor":1,"turns":3},{"damage":1,"enemies":"Jaw Worm","floor":2,"turns":7},{"damage":3,"enemies":"Small Slimes","floor":4,"turns":4},{"damage":0,"enemies":"Blue Slaver","floor":5,"turns":5},{"damage":5,"enemies":"Lots of Slimes","floor":7,"turns":6},{"damage":6,"enemies":"Exordium Wildlife","floor":8,"turns":6},{"damage":15,"enemies":"3 Sentries","floor":11,"turns":7},{"damage":30,"enemies":"Gremlin Nob","floor":12,"turns":5},{"damage":62,"enemies":"Slime Boss","floor":16,"turns":11}],"seed_played":"4906455551399075121","potions_obtained":[{"floor":1,"key":"LiquidBronze"},{"floor":2,"key":"SteroidPotion"},{"floor":8,"key":"Explosive Potion"},{"floor":12,"key":"Block Potion"}],"is_trial":false,"path_per_floor":["M","M","$","M","M","R","M","M","T","$","E","?","R","?","R"],"character_chosen":"THE_SILENT","items_purchased":["Blade Dance"],"campfire_rested":2,"item_purchase_floors":[3],"current_hp_per_floor":[70,69,69,66,66,66,61,55,55,55,40,10,31,31,52,0],"gold":100,"neow_bonus":"RANDOM_COMMON_RELIC","is_prod":false,"is_daily":false,"chose_seed":false,"campfire_upgraded":1,"win_rate":0,"timestamp":1540778102,"path_taken":["M","M","$","M","M","R","M","M","T","$","E","?","R","?","R","BOSS"],"build_version":"2018-10-25v2","purchased_purges":2,"victory":false,"max_hp_per_floor":[70,70,70,70,70,70,70,70,70,70,70,70,70,70,70,70],"card_choices":[{"not_picked":["Tactician","Flying Knee","Sucker Punch"],"picked":"SKIP","floor":1},{"not_picked":["Bane","Setup","Outmaneuver"],"picked":"SKIP","floor":2},{"not_picked":["Riddle With Holes","Eviscerate","Poisoned Stab"],"picked":"SKIP","floor":4},{"not_picked":["Dagger Spray","Eviscerate","Bane"],"picked":"SKIP","floor":5},{"not_picked":["Dagger Throw","Riddle With Holes"],"picked":"Blade Dance","floor":7},{"not_picked":["Catalyst","Caltrops"],"picked":"Finisher","floor":8},{"not_picked":["Blur","Blade Dance"],"picked":"Cloak And Dagger","floor":11}],"player_experience":945271,"relics_obtained":[{"floor":9,"key":"Dream Catcher"},{"floor":11,"key":"Centennial Puzzle"},{"floor":12,"key":"Orichalcum"}],"event_choices":[{"damage_healed":0,"gold_gain":0,"player_choice":"Searched \u00272\u0027 times","damage_taken":0,"max_hp_gain":0,"max_hp_loss":0,"event_name":"Dead Adventurer","floor":12,"gold_loss":0},{"damage_healed":0,"gold_gain":0,"player_choice":"Fled","damage_taken":0,"max_hp_gain":0,"max_hp_loss":0,"event_name":"Scrap Ooze","floor":14,"gold_loss":0}],"is_beta":false,"boss_relics":[],"items_purged_floors":[3,10],"is_endless":false,"potions_floor_spawned":[1,2,8,12],"killed_by":"Slime Boss","ascension_level":5}