{"path_per_floor":["M","?","M","M","?","R","?","M","T","M","R","E","R","$","R","B",null,"M","M","M","M","M","M","R","?","T","M","?","M","$","M","R","B",null,"M","$","M","M","?","E","R","T","T","M","?","M","R","$","R","B"],"character_chosen":"IRONCLAD","items_purchased":["Barricade","War Paint","Oddly Smooth Stone","Exhume","Corruption"],"gold_per_floor":[115,115,135,151,151,151,151,166,166,180,180,205,205,42,42,139,139,153,168,181,196,215,234,234,234,259,275,375,385,17,30,30,134,134,145,2,15,27,0,26,26,52,101,116,116,131,131,60,60,60],"floor_reached":51,"campfire_rested":4,"playtime":2995,"current_hp_per_floor":[87,80,86,87,87,87,70,61,61,58,58,35,35,35,61,15,87,86,63,59,16,17,10,36,36,36,34,34,25,25,27,53,54,87,87,87,86,87,87,85,85,85,85,59,59,59,59,59,87,60],"items_purged":["Regret"],"gold":60,"score":584,"play_id":"f6e662ef-bb2b-481e-abdf-336110fcd4d4","local_time":"20180301232230","is_prod":false,"is_daily":false,"is_ascension_mode":false,"campfire_upgraded":5,"timestamp":1519964550,"path_taken":["M","?","M","M","?","R","?","?","T","M","R","E","R","?","R","BOSS","M","M","M","M","M","M","R","?","T","?","?","M","$","?","R","BOSS","M","$","M","M","?","E","R","?","T","M","?","M","R","?","R","BOSS"],"build_version":"2018-03-01-BETA1","purchased_purges":2,"victory":true,"master_deck":["Strike_R","Strike_R+1","Strike_R","Strike_R","Defend_R","Defend_R","Defend_R","Defend_R+1","Bash","Evolve+1","Offering+1","Corruption+1","Wild Strike","Flame Barrier","Body Slam+1","Flame Barrier","Barricade+1","Berserk","Shockwave+1","True Grit+1","Battle Trance","Impervious+1","Rampage","Shrug It Off","Carnage+1","Power Through","Battle Trance","Power Through+1","Double Tap","Sentinel+1","Warcry+1","Flame Barrier+1","True Grit+1","Headbutt","True Grit+1","Exhume","Offering","Power Through","Power Through+1","Power Through","Ghostly Armor","Injury","Seeing Red","Corruption"],"max_hp_per_floor":[87,87,87,87,87,87,87,87,87,87,87,87,87,87,87,87,87,87,87,87,87,87,87,87,87,87,87,87,87,87,87,87,87,87,87,87,87,87,87,87,87,87,87,87,87,87,87,87,87,87],"relics":["Burning Blood","Strawberry","Prayer Wheel","Ancient Tea Set","Paper Frog","Sozu","Vajra","War Paint","Oddly Smooth Stone","Orrery","Red Mask","Bronze Scales","Blood Vial","Regal Pillow"],"card_choices":[{"not_picked":["Hemokinesis","Second Wind"],"picked":"Evolve"},{"not_picked":["Flex","Perfected Strike"],"picked":"Offering"},{"not_picked":["Headbutt","Perfected Strike"],"picked":"Corruption"},{"not_picked":["Battle Trance","Sword Boomerang"],"picked":"Wild Strike"},{"not_picked":["Flex","Carnage"],"picked":"Flame Barrier"},{"not_picked":["Burning Pact","Armaments"],"picked":"Body Slam"},{"not_picked":["Pummel","Headbutt"],"picked":"Flame Barrier"},{"not_picked":["Brutality","Barricade"],"picked":"Berserk"},{"not_picked":["Sword Boomerang","Carnage"],"picked":"Shockwave"},{"not_picked":["Dropkick","Heavy Blade"],"picked":"True Grit"},{"not_picked":["Intimidate","Pommel Strike"],"picked":"Battle Trance"},{"not_picked":["Clothesline","Headbutt"],"picked":"Impervious"},{"not_picked":["Wild Strike","Heavy Blade"],"picked":"Rampage"},{"not_picked":["Headbutt","Clothesline"],"picked":"Shrug It Off"},{"not_picked":["Havoc","Thunderclap"],"picked":"Carnage"},{"not_picked":["Perfected Strike","Spot Weakness"],"picked":"Power Through"},{"not_picked":["Sword Boomerang","Havoc"],"picked":"Battle Trance"},{"not_picked":["Iron Wave","Havoc"],"picked":"Power Through"},{"not_picked":["Juggernaut","Barricade"],"picked":"Double Tap"},{"not_picked":["Thunderclap","Clothesline"],"picked":"Sentinel"},{"not_picked":["Seeing Red","Rage"],"picked":"Warcry"},{"not_picked":["Sword Boomerang","True Grit"],"picked":"Flame Barrier"},{"not_picked":["Hemokinesis","Intimidate"],"picked":"True Grit"},{"not_picked":["Perfected Strike","Reckless Charge"],"picked":"Headbutt"},{"not_picked":["Cleave","Reckless Charge"],"picked":"True Grit"},{"not_picked":["Havoc","Cleave"],"picked":"Offering"},{"not_picked":["Thunderclap","Twin Strike"],"picked":"Power Through"},{"not_picked":["Warcry","Ghostly Armor"],"picked":"Power Through"},{"not_picked":["Dual Wield","Heavy Blade"],"picked":"Power Through"},{"not_picked":["Corruption","Searing Blow"],"picked":"Ghostly Armor"},{"not_picked":["Cleave","Corruption"],"picked":"Seeing Red"}],"player_experience":41964,"potions_floor_usage":[3,16,16],"damage_taken":[{"damage":6,"enemies":"Cultist","floor":1,"turns":3},{"damage":0,"enemies":"2 Louse","floor":3,"turns":1},{"damage":4,"enemies":"Small Slimes","floor":4,"turns":3},{"damage":15,"enemies":"2 Fungi Beasts","floor":8,"turns":5},{"damage":9,"enemies":"Blue Slaver","floor":10,"turns":4},{"damage":29,"enemies":"Gremlin Nob","floor":12,"turns":5},{"damage":52,"enemies":"Slime Boss","floor":16,"turns":9},{"damage":7,"enemies":"Spheric Guardian","floor":18,"turns":4},{"damage":29,"enemies":"Chosen","floor":19,"turns":5},{"damage":10,"enemies":"Snake Plant","floor":20,"turns":2},{"damage":49,"enemies":"Chosen and Byrds","floor":21,"turns":7},{"damage":5,"enemies":"Snecko","floor":22,"turns":5},{"damage":13,"enemies":"Centurion and Healer","floor":23,"turns":7},{"damage":8,"enemies":"Sentry and Sphere","floor":27,"turns":4},{"damage":15,"enemies":"Snake Plant","floor":29,"turns":5},{"damage":4,"enemies":"Cultist and Chosen","floor":31,"turns":6},{"damage":5,"enemies":"Collector","floor":33,"turns":9},{"damage":0,"enemies":"Orb Walker","floor":35,"turns":3},{"damage":7,"enemies":"Flame Bruiser 1 Orb","floor":37,"turns":2},{"damage":4,"enemies":"4 Shapes","floor":38,"turns":5},{"damage":8,"enemies":"2 Orb Walkers","floor":40,"turns":5},{"damage":34,"enemies":"3 Darklings","floor":44,"turns":6},{"damage":8,"enemies":"Sphere and 2 Shapes","floor":46,"turns":10},{"damage":33,"enemies":"Time Eater","floor":50,"turns":12}],"event_choices":[{"event_name":"Golden Wing","player_choice":"Card Removal","floor":2,"damage_taken":0},{"event_name":"Big Fish","player_choice":"Box","floor":5,"damage_taken":0},{"event_name":"Shining Light","player_choice":"Entered Light","floor":7,"damage_taken":0},{"event_name":"Drug Dealer","player_choice":"Ignored","floor":25,"damage_taken":0},{"event_name":"Golden Shrine","player_choice":"Pray","floor":28,"damage_taken":0},{"event_name":"Tomb of Lord Red Mask","player_choice":"Paid","floor":39,"damage_taken":0},{"event_name":"Accursed Blacksmith","player_choice":"Forge","floor":45,"damage_taken":0}],"boss_relics":[{"not_picked":["Ectoplasm","Calling Bell"],"picked":"Sozu"},{"not_picked":["Snecko Eye","Question Card"],"picked":"Orrery"}],"potions_floor_spawned":[1,4,12,18,21,23,29,33,35,37,38],"seed_played":"995887725567043111","ascension_level":0,"is_trial":false}