{"gold_per_floor":[109,34,34,34,52,87,87,119,119,194,219,239,127,140,140,236,236,253,253,253,268,294,329,345,345,370,403,403,403,403,434,434,434],"floor_reached":33,"playtime":1427,"items_purged":[],"score":413,"play_id":"3b50d796-c3ae-4f37-9bb9-cf591db00d2f","local_time":"20180916232148","is_ascension_mode":true,"campfire_choices":[{"data":"Armaments","floor":7,"key":"SMITH"},{"floor":15,"key":"DIG"},{"floor":25,"key":"REST"},{"floor":29,"key":"REST"},{"floor":32,"key":"REST"}],"neow_cost":"NONE","seed_source_timestamp":278757333609857,"circlet_count":0,"master_deck":["Strike_R","Strike_R","Strike_R","Strike_R","Strike_R","Defend_R","Defend_R","Defend_R","Defend_R","Bash+1","Perfected Strike+1","Armaments+1","Twin Strike+1","Thunderclap","Shockwave","Iron Wave","Reaper","Reckless Charge","Rage","Seeing Red","Flex","Impervious","Perfected Strike","Decay","Inflame","Sword Boomerang","Power Through+1","Spot Weakness+1","Flex","Reckless Charge+1"],"relics":["Burning Blood","NeowsBlessing","Pear","Oddly Smooth Stone","Shovel","Pen Nib","Dead Branch","Potion Belt","Mark of Pain","Red Mask","Pantograph","Bag of Marbles","Dodecahedron","Whetstone","WingedGreaves"],"potions_floor_usage":[16,20,20,24],"damage_taken":[{"damage":0,"enemies":"Small Slimes","floor":1,"turns":1},{"damage":0,"enemies":"Cultist","floor":5,"turns":1},{"damage":0,"enemies":"Gremlin Nob","floor":6,"turns":1},{"damage":27,"enemies":"3 Sentries","floor":8,"turns":9},{"damage":18,"enemies":"Lagavulin","floor":11,"turns":4},{"damage":0,"enemies":"Jaw Worm","floor":12,"turns":3},{"damage":3,"enemies":"Blue Slaver","floor":14,"turns":4},{"damage":45,"enemies":"Slime Boss","floor":16,"turns":10},{"damage":19,"enemies":"Shell Parasite","floor":18,"turns":6},{"damage":4,"enemies":"Colosseum Slavers","floor":20,"turns":4},{"damage":3,"enemies":"Chosen","floor":21,"turns":4},{"damage":43,"enemies":"Masked Bandits","floor":22,"turns":8},{"damage":41,"enemies":"Book of Stabbing","floor":23,"turns":7},{"damage":18,"enemies":"3 Cultists","floor":24,"turns":7},{"damage":27,"enemies":"Slavers","floor":27,"turns":7},{"damage":35,"enemies":"Gremlin Leader","floor":31,"turns":6},{"damage":120,"enemies":"Automaton","floor":33,"turns":10}],"seed_played":"-1274804639463868877","potions_obtained":[{"floor":1,"key":"GamblersBrew"},{"floor":8,"key":"Weak Potion"},{"floor":12,"key":"Swift Potion"},{"floor":14,"key":"FairyPotion"},{"floor":16,"key":"Block Potion"},{"floor":23,"key":"SpeedPotion"}],"is_trial":false,"path_per_floor":["M","$","?","?","M","E","R","E","T","?","E","M","$","M","R","B",null,"M","?","?","M","?","E","M","R","T","E","T","R","?","E","R"],"character_chosen":"IRONCLAD","items_purchased":["Armaments","Twin Strike","Rage","Seeing Red"],"campfire_rested":3,"item_purchase_floors":[2,2,13,13],"current_hp_per_floor":[80,80,90,90,90,90,90,69,69,58,46,52,52,59,59,34,90,81,81,87,90,58,35,30,57,57,45,45,72,72,49,76,0],"gold":434,"neow_bonus":"THREE_ENEMY_KILL","is_prod":false,"is_daily":false,"chose_seed":false,"campfire_upgraded":1,"win_rate":0,"timestamp":1537161708,"path_taken":["M","$","?","?","M","E","R","E","T","?","E","?","$","M","R","BOSS","M","?","?","?","?","E","M","R","T","E","?","R","?","E","R","BOSS"],"build_version":"2018-09-06","purchased_purges":0,"victory":false,"max_hp_per_floor":[80,80,90,90,90,90,90,90,90,90,90,90,90,90,90,90,90,90,90,90,90,90,90,90,90,90,90,90,90,90,90,90,90],"card_choices":[{"not_picked":["Flex","Hemokinesis"],"picked":"Perfected Strike","floor":1},{"not_picked":["Dropkick","Headbutt"],"picked":"Thunderclap","floor":5},{"not_picked":["Anger","Heavy Blade"],"picked":"Shockwave","floor":6},{"not_picked":["Combust","Sword Boomerang"],"picked":"Iron Wave","floor":8},{"not_picked":["Iron Wave","Heavy Blade"],"picked":"Reaper","floor":11},{"not_picked":["Hemokinesis","Havoc"],"picked":"Reckless Charge","floor":12},{"not_picked":["Pommel Strike","Sword Boomerang"],"picked":"Flex","floor":14},{"not_picked":["Demon Form","Dark Embrace"],"picked":"Impervious","floor":16},{"not_picked":["Reckless Charge","Inflame"],"picked":"Perfected Strike","floor":18},{"not_picked":["Pommel Strike","Rampage","Hemokinesis"],"picked":"SKIP","floor":21},{"not_picked":["Twin Strike+1","Anger"],"picked":"Inflame","floor":22},{"not_picked":["Offering","Thunderclap"],"picked":"Sword Boomerang","floor":23},{"not_picked":["Armaments","Anger"],"picked":"Power Through+1","floor":24},{"not_picked":["Havoc","Hemokinesis"],"picked":"Spot Weakness+1","floor":27},{"not_picked":["Rage","Havoc"],"picked":"Reckless Charge+1","floor":31}],"player_experience":534652,"relics_obtained":[{"floor":6,"key":"Oddly Smooth Stone"},{"floor":8,"key":"Shovel"},{"floor":9,"key":"Pen Nib"},{"floor":11,"key":"Dead Branch"},{"floor":15,"key":"Potion Belt"},{"floor":22,"key":"Red Mask"},{"floor":23,"key":"Pantograph"},{"floor":26,"key":"Bag of Marbles"},{"floor":27,"key":"Dodecahedron"},{"floor":28,"key":"Whetstone"},{"floor":31,"key":"WingedGreaves"}],"event_choices":[{"event_name":"WeMeetAgain","player_choice":"Potion","floor":3,"damage_taken":0},{"event_name":"Living Wall","player_choice":"Grow","floor":4,"damage_taken":0},{"event_name":"World of Goop","player_choice":"Gather Gold","floor":10,"damage_taken":0},{"event_name":"Forgotten Altar","player_choice":"Smashed Altar","floor":19,"damage_taken":0},{"event_name":"Colosseum","player_choice":"Fight","floor":20,"damage_taken":0},{"event_name":"Colosseum","player_choice":"Fled From Nobs","floor":20,"damage_taken":0},{"event_name":"Masked Bandits","player_choice":"Fought Bandits","floor":22,"damage_taken":0},{"event_name":"The Library","player_choice":"Read","floor":30,"damage_taken":0}],"is_beta":false,"boss_relics":[{"not_picked":["Runic Cube","Empty Cage"],"picked":"Mark of Pain"}],"items_purged_floors":[],"is_endless":false,"potions_floor_spawned":[1,8,12,14,16,20,23],"killed_by":"Automaton","ascension_level":4}