{"gold_per_floor":[117,137,312,324,343,343,360,388,439,439,439,439,123,139,139,234,234,247,247,247,25,25,58,58,91,91,118,0,19,19,32,32,134,134,149,164,215,215,226,226,226,226,253,253,253,22,32,49,49,49],"floor_reached":51,"playtime":2921,"items_purged":["Parasite","Pain"],"score":948,"play_id":"60a4373e-1c1f-4473-9275-9e219f448c77","local_time":"20181023144438","is_ascension_mode":true,"campfire_choices":[{"data":"Redo","floor":6,"key":"SMITH"},{"floor":15,"key":"REST"},{"floor":24,"key":"REST"},{"floor":30,"key":"REST"},{"floor":32,"key":"REST"},{"data":"Mind Blast","floor":40,"key":"SMITH"},{"data":"Mind Blast","floor":44,"key":"SMITH"},{"floor":49,"key":"REST"}],"neow_cost":"NONE","seed_source_timestamp":1110230178568216,"circlet_count":0,"master_deck":["Zap","Dualcast","Biased Cognition","Darkness","Conserve Battery","Redo+1","BootSequence","Turbo","Ball Lightning","Rainbow","Leap","Defragment+1","Conserve Battery","Mind Blast+1","Ball Lightning","Doubt","Defragment+1","Defragment+1","Conserve Battery","Cold Snap","Electrodynamics+1","White Noise","Sweeping Beam","Barrage","Sweeping Beam","Stack","Compile Driver","Barrage","Chaos","Storm+1","Thunder Strike","Impatience","Hologram+1","Mind Blast+1","Madness","Madness","Injury","Apotheosis","Ball Lightning+1","Leap","White Noise+1"],"relics":["Cracked Core","Bottled Lightning","Strawberry","Frozen Egg 2","Cables","Cursed Key","MutagenicStrength","Symbiotic Virus","Dream Catcher","Singing Bowl","DataDisk","Pandora\u0027s Box","Bird Faced Urn","Smiling Mask","Mango"],"potions_floor_usage":[16,16,25,33,37,37,47,48,50,50],"damage_taken":[{"damage":4,"enemies":"2 Louse","floor":1,"turns":3},{"damage":14,"enemies":"Small Slimes","floor":2,"turns":4},{"damage":0,"enemies":"Cultist","floor":4,"turns":3},{"damage":13,"enemies":"Exordium Thugs","floor":5,"turns":5},{"damage":9,"enemies":"Red Slaver","floor":7,"turns":4},{"damage":13,"enemies":"Lagavulin","floor":8,"turns":6},{"damage":1,"enemies":"Looter","floor":14,"turns":3},{"damage":14,"enemies":"Slime Boss","floor":16,"turns":8},{"damage":0,"enemies":"Spheric Guardian","floor":18,"turns":3},{"damage":40,"enemies":"Slavers","floor":23,"turns":7},{"damage":8,"enemies":"Book of Stabbing","floor":25,"turns":4},{"damage":22,"enemies":"Slavers","floor":27,"turns":5},{"damage":4,"enemies":"3 Byrds","floor":29,"turns":3},{"damage":12,"enemies":"Centurion and Healer","floor":31,"turns":4},{"damage":13,"enemies":"Champ","floor":33,"turns":8},{"damage":0,"enemies":"Orb Walker","floor":35,"turns":2},{"damage":10,"enemies":"3 Darklings","floor":36,"turns":3},{"damage":5,"enemies":"2 Orb Walkers","floor":37,"turns":3},{"damage":6,"enemies":"Sphere and 2 Shapes","floor":39,"turns":3},{"damage":25,"enemies":"Writhing Mass","floor":47,"turns":3},{"damage":0,"enemies":"Spire Growth","floor":48,"turns":2},{"damage":36,"enemies":"Time Eater","floor":50,"turns":5}],"seed_played":"7741249128711066839","potions_obtained":[{"floor":1,"key":"AttackPotion"},{"floor":4,"key":"Weak Potion"},{"floor":7,"key":"Ancient Potion"},{"floor":18,"key":"SpeedPotion"},{"floor":29,"key":"Energy Potion"},{"floor":33,"key":"Ancient Potion"},{"floor":36,"key":"Swift Potion"},{"floor":39,"key":"Weak Potion"},{"floor":47,"key":"Swift Potion"},{"floor":48,"key":"SneckoOil"}],"is_trial":false,"path_per_floor":["M","M","?","M","M","R","M","E","T","?","?","T","$","M","R","B",null,"M","?","?","$","?","E","R","E","T","E","?","M","R","M","R","B",null,"M","M","?","?","M","R","?","?","T","R","T","$","M","M","R","B"],"character_chosen":"DEFECT","items_purchased":["Cables","Defragment+1","Conserve Battery","Mind Blast","Apotheosis"],"campfire_rested":5,"item_purchase_floors":[13,21,21,21,46],"current_hp_per_floor":[71,57,57,57,44,44,35,22,29,29,49,49,49,48,71,57,74,74,74,74,74,74,34,57,49,49,27,27,25,49,37,61,48,73,73,65,60,60,60,60,60,50,50,50,64,64,45,49,78,60],"gold":49,"neow_bonus":"ONE_RANDOM_RARE_CARD","is_prod":false,"is_daily":false,"chose_seed":false,"campfire_upgraded":3,"win_rate":0,"timestamp":1540327478,"path_taken":["M","M","?","M","?","R","M","E","T","?","?","?","$","?","R","BOSS","M","?","?","$","?","E","R","E","T","E","?","M","R","M","R","BOSS","M","M","?","?","?","R","?","?","T","R","?","$","M","M","R","BOSS"],"build_version":"2018-10-18","purchased_purges":2,"victory":true,"max_hp_per_floor":[75,75,75,75,75,75,75,75,82,82,82,82,79,79,79,79,79,79,79,79,79,79,79,79,79,79,79,79,81,81,81,81,81,81,81,83,83,83,83,83,83,83,83,83,97,97,97,97,97,97],"card_choices":[{"not_picked":["Sweeping Beam","Skim"],"picked":"Darkness","floor":1},{"not_picked":["Ball Lightning","Cold Snap"],"picked":"Conserve Battery","floor":2},{"not_picked":["Ball Lightning","Hyperbeam"],"picked":"Redo","floor":4},{"not_picked":["Redo","Aggregate"],"picked":"BootSequence","floor":5},{"not_picked":["Gash","Undo"],"picked":"Turbo","floor":7},{"not_picked":["Go for the Eyes","Barrage"],"picked":"Ball Lightning","floor":8},{"not_picked":["Gash","Sweeping Beam","Blizzard"],"picked":"SKIP","floor":14},{"not_picked":["Seek","Meteor Strike"],"picked":"Rainbow","floor":16},{"not_picked":["Glacier","Streamline+1"],"picked":"Leap","floor":18},{"not_picked":["Beam Cell","White Noise"],"picked":"Ball Lightning","floor":23},{"not_picked":["Biased Cognition+1","Turbo","Undo"],"picked":"SKIP","floor":25},{"not_picked":["Streamline","FTL"],"picked":"Defragment+1","floor":27},{"not_picked":["Sunder","Skim+1","Barrage+1"],"picked":"Singing Bowl","floor":29},{"not_picked":["Gash","Sunder"],"picked":"Defragment+1","floor":30},{"not_picked":["Hologram","Sweeping Beam"],"picked":"Conserve Battery","floor":31},{"not_picked":["Go for the Eyes","Glacier"],"picked":"Cold Snap","floor":32},{"not_picked":["Creative AI+1","Core Surge"],"picked":"Electrodynamics+1","floor":33},{"not_picked":["Hologram","Conserve Battery+1"],"picked":"Storm+1","floor":35},{"not_picked":["Sweeping Beam","Rebound+1","Streamline+1"],"picked":"Singing Bowl","floor":36},{"not_picked":["Beam Cell+1","Redo"],"picked":"Thunder Strike","floor":37},{"not_picked":["Beam Cell+1","Blizzard"],"picked":"Hologram+1","floor":39},{"not_picked":["Trip","Chrysalis"],"picked":"Mind Blast","floor":41},{"not_picked":["Reinforced Body+1","Sweeping Beam+1"],"picked":"Ball Lightning+1","floor":47},{"not_picked":["Consume+1","Beam Cell+1"],"picked":"Leap","floor":48},{"not_picked":["Hologram+1","Rebound+1"],"picked":"White Noise+1","floor":49}],"player_experience":773325,"relics_obtained":[{"floor":8,"key":"Bottled Lightning"},{"floor":9,"key":"Strawberry"},{"floor":12,"key":"Frozen Egg 2"},{"floor":23,"key":"Symbiotic Virus"},{"floor":25,"key":"Dream Catcher"},{"floor":26,"key":"Singing Bowl"},{"floor":27,"key":"DataDisk"},{"floor":37,"key":"Bird Faced Urn"},{"floor":43,"key":"Smiling Mask"},{"floor":45,"key":"Mango"}],"event_choices":[{"damage_healed":0,"gold_gain":175,"player_choice":"AGREE","damage_taken":0,"max_hp_gain":0,"max_hp_loss":0,"event_name":"Liars Game","floor":3,"gold_loss":0,"cards_obtained":["Doubt"]},{"cards_removed":["Doubt"],"damage_healed":0,"gold_gain":0,"player_choice":"Removed Curses","damage_taken":0,"max_hp_gain":0,"max_hp_loss":0,"event_name":"Fountain of Cleansing","floor":10,"gold_loss":0},{"damage_healed":20,"gold_gain":0,"player_choice":"Healed and dodged fight","damage_taken":0,"max_hp_gain":0,"max_hp_loss":0,"event_name":"Mushrooms","floor":11,"gold_loss":0,"cards_obtained":["Parasite"]},{"damage_healed":0,"gold_gain":0,"player_choice":"Simplicity","damage_taken":0,"max_hp_gain":0,"max_hp_loss":0,"event_name":"Back to Basics","floor":19,"gold_loss":0,"cards_upgraded":["Strike_B","Strike_B","Strike_B","Strike_B","Defend_B","Defend_B","Defend_B","Defend_B"]},{"damage_healed":0,"gold_gain":0,"player_choice":"Inject Mutagens","damage_taken":0,"relics_obtained":["MutagenicStrength"],"max_hp_gain":0,"max_hp_loss":0,"event_name":"Drug Dealer","floor":20,"gold_loss":0},{"damage_healed":0,"gold_gain":0,"player_choice":"Ignored","damage_taken":0,"max_hp_gain":0,"max_hp_loss":0,"event_name":"Ghosts","floor":22,"gold_loss":0},{"damage_healed":0,"gold_gain":0,"player_choice":"Paid Fearfully","damage_taken":0,"max_hp_gain":0,"max_hp_loss":0,"event_name":"Masked Bandits","floor":28,"gold_loss":118},{"damage_healed":0,"gold_gain":0,"player_choice":"Fight","damage_taken":0,"max_hp_gain":0,"max_hp_loss":0,"event_name":"Mysterious Sphere","floor":37,"gold_loss":0},{"damage_healed":0,"gold_gain":0,"player_choice":"1 cards matched","damage_taken":0,"max_hp_gain":0,"max_hp_loss":0,"event_name":"Match and Keep!","floor":38,"gold_loss":0,"cards_obtained":["Impatience"]},{"damage_healed":0,"gold_gain":0,"player_choice":"Memory 1","damage_taken":0,"max_hp_gain":0,"max_hp_loss":0,"event_name":"SensoryStone","floor":41,"gold_loss":0},{"damage_healed":0,"gold_gain":0,"player_choice":"Embrace Madness","damage_taken":10,"max_hp_gain":0,"max_hp_loss":0,"event_name":"Winding Halls","floor":42,"gold_loss":0,"cards_obtained":["Madness","Madness"]}],"is_beta":false,"boss_relics":[{"not_picked":["Runic Dome","Philosopher\u0027s Stone"],"picked":"Cursed Key"},{"not_picked":["Fusion Hammer","Coffee Dripper"],"picked":"Pandora\u0027s Box"}],"items_purged_floors":[13,46],"is_endless":false,"potions_floor_spawned":[1,4,7,18,29,33,36,39,47,48],"ascension_level":5}