{"gold_per_floor":[118,128,145,65,65,65,79,79,153,194,194,215,233,183,183,314,314,329,329,354,354,372,372,390,390,414,414,433,532,547,566,566,690,753,771,784,805,830,830],"floor_reached":39,"playtime":6396,"items_purged":[],"score":428,"play_id":"a810d775-3775-498c-b2a3-a9bc329be114","local_time":"20190410032036","is_ascension_mode":true,"campfire_choices":[{"data":"Footwork","floor":6.0,"key":"SMITH"},{"data":"Bouncing Flask","floor":8.0,"key":"SMITH"},{"floor":11.0,"key":"REST"},{"data":"Caltrops","floor":15.0,"key":"SMITH"},{"floor":23.0,"key":"REST"},{"floor":25,"key":"REST"},{"floor":32,"key":"REST"}],"neow_cost":"NONE","seed_source_timestamp":422058395404949,"circlet_count":0,"master_deck":["Survivor","Neutralize","Footwork+1","Backstab","Backflip","Bouncing Flask+1","Caltrops+1","Escape Plan","Blur","Blur","Burst","Outmaneuver","Glass Knife","Well Laid Plans","Tactician","Footwork","Bane","Slice","Night Terror","Prepared","Poisoned Stab","Crippling Poison+1","Leg Sweep+1","Heel Hook+1","Noxious Fumes","Escape Plan","Dodge and Roll+1","Deflect+1"],"special_seed":0,"relics":["Ring of the Snake","NeowsBlessing","Golden Idol","Letter Opener","Lantern","Pandora\u0027s Box","Regal Pillow","Tiny House"],"potions_floor_usage":[24,33,33,33],"damage_taken":[{"damage":0.0,"enemies":"Small Slimes","floor":1.0,"turns":1.0},{"damage":0.0,"enemies":"2 Louse","floor":2.0,"turns":1.0},{"damage":0.0,"enemies":"Jaw Worm","floor":3.0,"turns":1.0},{"damage":0.0,"enemies":"2 Fungi Beasts","floor":7.0,"turns":4.0},{"damage":26.0,"enemies":"Gremlin Nob","floor":10.0,"turns":4.0},{"damage":0.0,"enemies":"Exordium Thugs","floor":12.0,"turns":5.0},{"damage":0.0,"enemies":"Blue Slaver","floor":13.0,"turns":4.0},{"damage":20.0,"enemies":"Hexaghost","floor":16.0,"turns":7.0},{"damage":0.0,"enemies":"2 Thieves","floor":18.0,"turns":4.0},{"damage":23.0,"enemies":"Colosseum Slavers","floor":19.0,"turns":4.0},{"damage":0.0,"enemies":"Spheric Guardian","floor":20.0,"turns":4.0},{"damage":0.0,"enemies":"Snake Plant","floor":22.0,"turns":2.0},{"damage":32,"enemies":"Sentry and Sphere","floor":24,"turns":5},{"damage":2,"enemies":"Centurion and Healer","floor":28,"turns":7},{"damage":3,"enemies":"Snake Plant","floor":30,"turns":5},{"damage":0,"enemies":"Snecko","floor":31,"turns":5},{"damage":43,"enemies":"Collector","floor":33,"turns":14},{"damage":14,"enemies":"3 Shapes","floor":35,"turns":4},{"damage":19,"enemies":"Orb Walker","floor":36,"turns":4},{"damage":0,"enemies":"Spire Growth","floor":37,"turns":5},{"damage":20,"enemies":"Sphere and 2 Shapes","floor":38,"turns":5},{"damage":17,"enemies":"Jaw Worm Horde","floor":39,"turns":1}],"seed_played":"-6094084431876404936","potions_obtained":[{"floor":2.0,"key":"Energy Potion"},{"floor":7.0,"key":"Strength Potion"},{"floor":13.0,"key":"Energy Potion"},{"floor":16.0,"key":"GhostInAJar"},{"floor":18.0,"key":"Ancient Potion"},{"floor":22.0,"key":"SpeedPotion"},{"floor":28,"key":"Fire Potion"},{"floor":30,"key":"AttackPotion"},{"floor":34,"key":"FearPotion"},{"floor":36,"key":"Fire Potion"}],"is_trial":false,"path_per_floor":["M","M","M","$","?","R","M","R","T","E","R","M","M","?","R","B",null,"M","?","M","?","M","R","M","R","T","?","M","?","M","M","R","B",null,"M","M","M","M","M"],"character_chosen":"THE_SILENT","items_purchased":["Bouncing Flask"],"campfire_rested":4,"item_purchase_floors":[4],"current_hp_per_floor":[70,70,70,70,65,65,65,65,65,39,58,58,58,58,58,38,65,65,42,42,42,42,61,29,48,48,48,46,46,43,43,65,22,70,56,37,37,17,0],"gold":830,"neow_bonus":"THREE_ENEMY_KILL","is_prod":false,"is_daily":false,"chose_seed":false,"campfire_upgraded":3,"win_rate":0,"timestamp":1554884436,"path_taken":["M","M","M","$","?","R","M","R","T","E","R","M","M","?","R","BOSS","M","?","M","?","M","R","M","R","T","?","?","?","M","M","R","BOSS","M","M","M","M","M"],"build_version":"2019-01-23","purchased_purges":0,"victory":false,"max_hp_per_floor":[70,70,70,70,65,65,65,65,65,65,65,65,65,65,65,65,65,65,65,65,65,65,65,65,65,65,65,65,65,65,65,65,65,70,70,70,70,70,70],"card_choices":[{"not_picked":["Poisoned Stab","Underhanded Strike"],"picked":"Footwork","floor":1.0},{"not_picked":["Skewer","Flechettes"],"picked":"Backstab","floor":2.0},{"not_picked":["Prepared","Accuracy"],"picked":"Backflip","floor":3.0},{"not_picked":["Escape Plan","Predator"],"picked":"Caltrops","floor":7.0},{"not_picked":["Prepared","Skewer"],"picked":"Escape Plan","floor":10.0},{"not_picked":["Bullet Time","Footwork"],"picked":"Blur","floor":12.0},{"not_picked":["Outmaneuver","Caltrops"],"picked":"Blur","floor":13.0},{"not_picked":["Phantasmal Killer","Tools of the Trade"],"picked":"Burst","floor":16.0},{"not_picked":["Expertise","Leg Sweep"],"picked":"Prepared","floor":18.0},{"not_picked":["Riddle With Holes","Outmaneuver"],"picked":"Poisoned Stab","floor":20.0},{"not_picked":["Sucker Punch","Bane+1"],"picked":"Crippling Poison","floor":22.0},{"not_picked":["All Out Attack+1","Infinite Blades"],"picked":"Leg Sweep+1","floor":24},{"not_picked":["Sucker Punch+1","Quick Slash+1","Infinite Blades"],"picked":"SKIP","floor":28},{"not_picked":["Blade Dance","Bane","Dagger Throw+1"],"picked":"SKIP","floor":30},{"not_picked":["Dagger Throw+1","Dagger Spray+1"],"picked":"Heel Hook+1","floor":31},{"not_picked":["Acrobatics","Prepared"],"picked":"Noxious Fumes","floor":34},{"not_picked":["Endless Agony+1","Quick Slash"],"picked":"Escape Plan","floor":35},{"not_picked":["Deflect","Acrobatics","Endless Agony"],"picked":"SKIP","floor":36},{"not_picked":["Masterful Stab","Dagger Spray"],"picked":"Dodge and Roll+1","floor":37},{"not_picked":["Cloak And Dagger+1","Distraction+1"],"picked":"Deflect+1","floor":38}],"player_experience":243970,"relics_obtained":[{"floor":9.0,"key":"Letter Opener"},{"floor":10.0,"key":"Lantern"},{"floor":26,"key":"Regal Pillow"}],"event_choices":[{"damage_healed":0.0,"max_hp_gain":0.0,"max_hp_loss":5.0,"gold_gain":0.0,"event_name":"Golden Idol","player_choice":"Lose Max HP","floor":5.0,"gold_loss":0.0,"damage_taken":0.0,"relics_obtained":["Golden Idol"]},{"cards_removed":["Strike_G"],"damage_healed":0.0,"max_hp_gain":0.0,"max_hp_loss":0.0,"gold_gain":0.0,"event_name":"The Cleric","player_choice":"Card Removal","floor":14.0,"gold_loss":50.0,"damage_taken":0.0},{"damage_healed":0.0,"max_hp_gain":0.0,"max_hp_loss":0.0,"gold_gain":0.0,"event_name":"Colosseum","player_choice":"Fight","floor":19.0,"gold_loss":0.0,"damage_taken":0.0},{"damage_healed":0.0,"max_hp_gain":0.0,"max_hp_loss":0.0,"gold_gain":0.0,"event_name":"Colosseum","player_choice":"Fled From Nobs","floor":19.0,"gold_loss":0.0,"damage_taken":0.0},{"damage_healed":0.0,"max_hp_gain":0.0,"max_hp_loss":0.0,"gold_gain":0.0,"event_name":"Cursed Tome","player_choice":"Ignored","floor":21.0,"gold_loss":0.0,"damage_taken":0.0},{"cards_removed":["Unload"],"damage_healed":0,"gold_gain":0,"player_choice":"Purged","damage_taken":0,"max_hp_gain":0,"max_hp_loss":0,"event_name":"Purifier","floor":27,"gold_loss":0},{"damage_healed":0,"gold_gain":99,"player_choice":"Stole From Cult","damage_taken":0,"max_hp_gain":0,"max_hp_loss":0,"event_name":"Nest","floor":29,"gold_loss":0}],"is_beta":false,"boss_relics":[{"not_picked":["Calling Bell","Lizard Tail"],"picked":"Pandora\u0027s Box"},{"not_picked":["Coffee Dripper","White Beast Statue"],"picked":"Tiny House"}],"items_purged_floors":[],"is_endless":false,"potions_floor_spawned":[2,7,13,16,18,22,28,30,31,36],"killed_by":"Jaw Worm Horde","ascension_level":2}