{"gold_per_floor":[365,70,80,52,52,78,78,109,156,181,193,193,208,226,226,300,300,317,333,349,368,467,467,467,486,786,786,818,818,818],"floor_reached":30,"playtime":1727,"items_purged":[],"score":509,"play_id":"da73e873-b212-4fc2-a611-7b0476d397e1","local_time":"20190404171213","is_ascension_mode":true,"campfire_choices":[{"floor":7,"key":"REST"},{"floor":12,"key":"REST"},{"floor":15,"key":"REST"},{"floor":23,"key":"REST"},{"floor":27,"key":"REST"}],"neow_cost":"PERCENT_DAMAGE","seed_source_timestamp":1704517149824118,"circlet_count":0,"master_deck":["AscendersBane","Defend_B","Defend_B","Defend_B","Defend_B","Zap","Dualcast","Sweeping Beam","Ball Lightning","Rip and Tear","Glacier","Steam","Genetic Algorithm","Electrodynamics","Ball Lightning","Coolheaded","Steam+1","Cold Snap+1","Bite","Bite","Bite","Bite","Bite","Coolheaded"],"relics":["Cracked Core","Shovel","DataDisk","Ancient Tea Set","Ornamental Fan","Dream Catcher","Juzu Bracelet","Sozu","Old Coin","Thread and Needle"],"potions_floor_usage":[8,10],"damage_taken":[{"damage":7,"enemies":"Small Slimes","floor":1,"turns":3},{"damage":7,"enemies":"Jaw Worm","floor":3,"turns":4},{"damage":25,"enemies":"Lagavulin","floor":6,"turns":5},{"damage":6,"enemies":"Gremlin Nob","floor":8,"turns":3},{"damage":30,"enemies":"3 Sentries","floor":10,"turns":5},{"damage":3,"enemies":"2 Louse","floor":11,"turns":2},{"damage":9,"enemies":"Large Slime","floor":13,"turns":5},{"damage":0,"enemies":"Looter","floor":14,"turns":3},{"damage":22,"enemies":"The Guardian","floor":16,"turns":11},{"damage":23,"enemies":"2 Thieves","floor":18,"turns":3},{"damage":0,"enemies":"Chosen","floor":19,"turns":4},{"damage":25,"enemies":"Snecko","floor":20,"turns":6},{"damage":3,"enemies":"Centurion and Healer","floor":21,"turns":5},{"damage":11,"enemies":"Snake Plant","floor":25,"turns":6},{"damage":22,"enemies":"Slavers","floor":28,"turns":5},{"damage":42,"enemies":"Book of Stabbing","floor":30,"turns":6}],"seed_played":"7774326616424839167","potions_obtained":[{"floor":6,"key":"Block Potion"},{"floor":8,"key":"Regen Potion"},{"floor":10,"key":"Explosive Potion"},{"floor":13,"key":"Poison Potion"},{"floor":14,"key":"EntropicBrew"}],"is_trial":false,"path_per_floor":["?","T","?","?","?"],"character_chosen":"DEFECT","items_purchased":["Shovel"],"campfire_rested":5,"item_purchase_floors":[2],"current_hp_per_floor":[39,39,32,32,32,7,28,22,22,6,3,24,15,15,36,14,57,34,34,9,6,6,27,27,28,28,42,30,23,0],"gold":818,"neow_bonus":"TWO_FIFTY_GOLD","is_prod":false,"is_daily":false,"chose_seed":false,"campfire_upgraded":0,"win_rate":0,"timestamp":1554412333,"path_taken":["M","$","M","?","?","E","R","E","T","E","M","R","M","M","R","BOSS","M","M","M","M","?","R","?","M","T","R","E","?","E"],"build_version":"2019-01-23","purchased_purges":0,"victory":false,"max_hp_per_floor":[71,71,71,71,71,71,71,71,71,71,71,71,71,71,71,71,71,71,71,71,71,71,71,49,49,49,49,49,54,54],"card_choices":[{"not_picked":["Beam Cell","BootSequence"],"picked":"Sweeping Beam","floor":1},{"not_picked":["Conserve Battery","Coolheaded"],"picked":"Ball Lightning","floor":3},{"not_picked":["Streamline","Consume"],"picked":"Rip and Tear","floor":6},{"not_picked":["Tempest","Gash","Stack"],"picked":"SKIP","floor":8},{"not_picked":["Fission","Stack"],"picked":"Glacier","floor":10},{"not_picked":["Go for the Eyes","Melter"],"picked":"Steam","floor":11},{"not_picked":["Hologram","Blizzard"],"picked":"Genetic Algorithm","floor":12},{"not_picked":["Hologram","Reinforced Body","Force Field"],"picked":"SKIP","floor":13},{"not_picked":["Reboot","Streamline","Redo"],"picked":"SKIP","floor":14},{"not_picked":["All For One","Biased Cognition"],"picked":"Electrodynamics","floor":16},{"not_picked":["Skim","Go for the Eyes"],"picked":"Ball Lightning","floor":18},{"not_picked":["Sweeping Beam+1","Reprogram","Steam Power"],"picked":"SKIP","floor":19},{"not_picked":["Lockon","Compile Driver"],"picked":"Coolheaded","floor":20},{"not_picked":["Force Field","Hologram"],"picked":"Steam+1","floor":21},{"not_picked":["Compile Driver","Tempest+1"],"picked":"Cold Snap+1","floor":23},{"not_picked":["Cold Snap","Go for the Eyes","Steam"],"picked":"SKIP","floor":25},{"not_picked":["Chaos","Go for the Eyes"],"picked":"Coolheaded","floor":27},{"not_picked":["Recycle","Rebound","Reprogram"],"picked":"SKIP","floor":28}],"player_experience":1481468,"relics_obtained":[{"floor":5,"key":"DataDisk"},{"floor":6,"key":"Ancient Tea Set"},{"floor":8,"key":"Ornamental Fan"},{"floor":9,"key":"Dream Catcher"},{"floor":10,"key":"Juzu Bracelet"},{"floor":26,"key":"Old Coin"},{"floor":28,"key":"Thread and Needle"}],"event_choices":[{"damage_healed":0,"gold_gain":0,"player_choice":"Left Gold","damage_taken":0,"max_hp_gain":0,"max_hp_loss":0,"event_name":"World of Goop","floor":4,"gold_loss":28},{"damage_healed":0,"gold_gain":99,"player_choice":"Stole From Cult","damage_taken":0,"max_hp_gain":0,"max_hp_loss":0,"event_name":"Nest","floor":22,"gold_loss":0},{"damage_healed":0,"gold_gain":0,"player_choice":"Became a vampire","damage_taken":0,"max_hp_gain":0,"max_hp_loss":22,"event_name":"Vampires","floor":24,"gold_loss":0,"cards_obtained":["Bite","Bite","Bite","Bite","Bite"]},{"damage_healed":0,"gold_gain":0,"player_choice":"Shed Blood","damage_taken":12,"max_hp_gain":5,"max_hp_loss":0,"event_name":"Forgotten Altar","floor":29,"gold_loss":0}],"is_beta":false,"boss_relics":[{"not_picked":["Coffee Dripper","Black Star"],"picked":"Sozu"}],"items_purged_floors":[],"is_endless":false,"potions_floor_spawned":[6,8,10,13,14,16,19,20,28],"killed_by":"Book of Stabbing","ascension_level":14}