{"gold_per_floor":[110,121,121,121,139,139,158,42,42,61,61,8,20,20,20,20],"floor_reached":16,"playtime":876,"items_purged":[],"score":92,"play_id":"085416be-751e-4228-a5e3-e53714434a90","local_time":"20190218120338","is_ascension_mode":false,"campfire_choices":[{"data":"Forethought","floor":6.0,"key":"SMITH"},{"data":"Well Laid Plans","floor":15.0,"key":"SMITH"}],"neow_cost":"NONE","seed_source_timestamp":237678806007870,"circlet_count":0,"master_deck":["Defend_G","Defend_G","Defend_G","Defend_G","Strike_G","Strike_G","Strike_G","Strike_G","Survivor","Neutralize","Forethought+1","Acrobatics","Expertise","Riddle With Holes","Prepared","Leg Sweep","Bandage Up","Dodge and Roll","Parasite","Deflect","Well Laid Plans+1","Tools of the Trade"],"special_seed":0,"relics":["Ring of the Snake"],"potions_floor_usage":[16,16],"damage_taken":[{"damage":0.0,"enemies":"Small Slimes","floor":1.0,"turns":4.0},{"damage":0.0,"enemies":"2 Louse","floor":2.0,"turns":3.0},{"damage":0.0,"enemies":"Cultist","floor":5.0,"turns":5.0},{"damage":5.0,"enemies":"3 Louse","floor":7.0,"turns":3.0},{"damage":8.0,"enemies":"2 Fungi Beasts","floor":10.0,"turns":5.0},{"damage":16.0,"enemies":"Lots of Slimes","floor":13.0,"turns":6.0},{"damage":58,"enemies":"Hexaghost","floor":16,"turns":21}],"seed_played":"-9070763380698341706","potions_obtained":[{"floor":5.0,"key":"Fire Potion"},{"floor":10.0,"key":"SpeedPotion"}],"is_trial":false,"path_per_floor":["M","M","?","?","M","R","M","$","T","M","?","$","M","?","R","B"],"character_chosen":"THE_SILENT","items_purchased":["Leg Sweep","Bandage Up","Deflect"],"campfire_rested":0,"item_purchase_floors":[8,8,12],"current_hp_per_floor":[70,70,63,63,63,63,58,58,58,54,70,70,54,54,54,0],"gold":20,"neow_bonus":"RANDOM_COLORLESS","is_prod":false,"is_daily":false,"chose_seed":false,"campfire_upgraded":2,"win_rate":0,"timestamp":1550516618,"path_taken":["M","M","?","?","M","R","M","$","T","?","?","$","M","?","R","BOSS"],"build_version":"2019-01-23","purchased_purges":0,"victory":false,"max_hp_per_floor":[70,70,70,70,70,70,70,70,70,70,70,70,70,70,70,70],"card_choices":[{"not_picked":["Outmaneuver","Bane"],"picked":"Acrobatics","floor":1.0},{"not_picked":["Outmaneuver","Endless Agony"],"picked":"Expertise","floor":2.0},{"not_picked":["Flying Knee","Cloak And Dagger"],"picked":"Riddle With Holes","floor":5.0},{"not_picked":["Flying Knee","Dagger Throw"],"picked":"Prepared","floor":7.0},{"not_picked":["Cloak And Dagger","Acrobatics"],"picked":"Dodge and Roll","floor":10.0},{"not_picked":["Sucker Punch","Blade Dance"],"picked":"Well Laid Plans","floor":13.0}],"player_experience":1521078,"relics_obtained":[],"event_choices":[{"cards_removed":["Strike_G"],"damage_healed":0.0,"max_hp_gain":0.0,"max_hp_loss":0.0,"gold_gain":0.0,"event_name":"Golden Wing","player_choice":"Card Removal","floor":3.0,"gold_loss":0.0,"damage_taken":7.0},{"cards_removed":["Defend_G"],"damage_healed":0.0,"max_hp_gain":0.0,"max_hp_loss":0.0,"gold_gain":0.0,"event_name":"Purifier","player_choice":"Purged","floor":4.0,"gold_loss":0.0,"damage_taken":0.0},{"damage_healed":17.0,"max_hp_gain":0.0,"max_hp_loss":0.0,"gold_gain":0.0,"event_name":"Mushrooms","player_choice":"Healed and dodged fight","floor":11.0,"gold_loss":0.0,"damage_taken":0.0,"cards_obtained":["Parasite"]},{"damage_healed":0.0,"max_hp_gain":0.0,"max_hp_loss":0.0,"gold_gain":0.0,"event_name":"Match and Keep!","player_choice":"1 cards matched","floor":14.0,"gold_loss":0.0,"damage_taken":0.0,"cards_obtained":["Tools of the Trade"]}],"is_beta":false,"boss_relics":[],"items_purged_floors":[],"is_endless":false,"potions_floor_spawned":[5,10],"killed_by":"Hexaghost","ascension_level":0}