{"path_per_floor":["M","T","?","M","M","R","?","R","T","M","R","M","R","?","R","B",null,"M","?"],"character_chosen":"THE_SILENT","items_purchased":[],"gold_per_floor":[113,113,63,79,95,95,122,122,122,132,132,151,151,226,226,328,328,317,567],"floor_reached":20,"campfire_rested":2,"playtime":919,"current_hp_per_floor":[68,68,68,68,68,68,47,47,47,41,41,41,62,51,70,18,70,47,47],"items_purged":[],"gold":567,"score":162,"play_id":"b6118bef-d3cf-4530-bd4f-1ce27f6d5d0d","is_prod":false,"is_daily":false,"is_ascension_mode":false,"campfire_upgraded":3,"path_taken":["M","?","?","M","M","R","?","R","T","M","R","?","R","?","R","BOSS","M","?","M"],"build_version":"2018-02-15-PROD1","purchased_purges":0,"victory":false,"master_deck":["Defend_G","Defend_G","Defend_G","Defend_G","Defend_G","Strike_G","Strike_G","Strike_G","Strike_G","Survivor+1","Neutralize+1","Deadly Poison","Cloak And Dagger","Heel Hook","Malaise+1","Dagger Throw","Quick Slash","Venomology","Calculated Gamble","Regret"],"max_hp_per_floor":[70,70,70,70,70,70,70,70,70,70,70,70,70,70,70,70,70,70,70],"relics":["Ring of the Snake","Pen Nib","Odd Mushroom","Calipers","Question Card"],"card_choices":[{"not_picked":["Underhanded Strike","Caltrops"],"picked":"Deadly Poison"},{"not_picked":["PiercingWail","Deflect"],"picked":"Cloak And Dagger"},{"not_picked":["Dash","Bullet Time"],"picked":"Heel Hook"},{"not_picked":["Distraction","Dodge and Roll"],"picked":"Malaise"},{"not_picked":["Poisoned Stab","Riddle With Holes"],"picked":"Dagger Throw"},{"not_picked":["Bane","Underhanded Strike"],"picked":"Quick Slash"},{"not_picked":["Tactician","Wraith Form"],"picked":"Venomology"},{"not_picked":["Poisoned Stab","Leg Sweep","Dagger Throw"],"picked":"Calculated Gamble"}],"player_experience":153580,"potions_floor_usage":[16,16,18],"damage_taken":[{"damage":2,"enemies":"Cultist","floor":1,"turns":4},{"damage":0,"enemies":"2 Louse","floor":4,"turns":3},{"damage":0,"enemies":"Small Slimes","floor":5,"turns":4},{"damage":21,"enemies":"The Mushroom Lair","floor":7,"turns":4},{"damage":6,"enemies":"Looter","floor":10,"turns":4},{"damage":0,"enemies":"Large Slime","floor":12,"turns":6},{"damage":52,"enemies":"Slime Boss","floor":16,"turns":12},{"damage":23,"enemies":"2 Thieves","floor":18,"turns":4},{"damage":0,"enemies":"Spheric Guardian","floor":20,"turns":1}],"event_choices":[{"event_name":"The Cleric","player_choice":"Card Removal","floor":3,"damage_taken":0},{"event_name":"Mushrooms","player_choice":"Fought Mushrooms","floor":7,"damage_taken":0},{"event_name":"World of Goop","player_choice":"Gather Gold","floor":14,"damage_taken":0},{"event_name":"Golden Shrine","player_choice":"Desecrate","floor":19,"damage_taken":0}],"boss_relics":[{"not_picked":["Sozu","Lizard Tail"],"picked":"Question Card"}],"potions_floor_spawned":[5,7,18],"seed_played":"-1149099659991898063","killed_by":"Spheric Guardian","ascension_level":0,"is_trial":false}