{"gold_per_floor":[210,18,18,18,18,18,30,60,87,87,162,182,199,199,199,301,301,311,0,18,18,18,18,28,28,28,58,58,76,87,112,112,207,207,217,11,29,48,48,48,82,82,82,82,94,108,120,133,133,133],"floor_reached":51,"playtime":5836,"items_purged":["Strike_G","Strike_G"],"score":836,"play_id":"2b7fbf9b-0ea1-4d5a-b3df-58c65fe9550f","local_time":"20190202180408","is_ascension_mode":true,"campfire_choices":[{"data":"Deadly Poison","floor":6,"key":"SMITH"},{"floor":15,"key":"REST"},{"data":"Poisoned Stab","floor":23,"key":"SMITH"},{"floor":28,"key":"REST"},{"floor":32,"key":"REST"},{"data":"A Thousand Cuts","floor":40,"key":"SMITH"},{"floor":42,"key":"REST"},{"floor":49,"key":"REST"}],"neow_cost":"NONE","seed_source_timestamp":409902609611764,"circlet_count":0,"master_deck":["Defend_G","Defend_G","Defend_G","Defend_G","Defend_G","Survivor","Neutralize","Deadly Poison+1","Prepared+1","Blade Dance+1","Distraction+1","Poisoned Stab+1","A Thousand Cuts+1","Deadly Poison+1","Well Laid Plans","Backflip+1","Deflect+1","Catalyst+1","RitualDagger","Prepared+1","Crippling Poison+1","Prepared+1","Prepared+1","Noxious Fumes","Infinite Blades+1","Bullet Time+1","Deadly Poison+1","A Thousand Cuts+1","Escape Plan+1","Dodge and Roll+1","Adrenaline+1","Deadly Poison+1","Underhanded Strike","After Image","Noxious Fumes+1"],"relics":["Ring of the Snake","TwistedFunnel","Oddly Smooth Stone","Toxic Egg 2","PreservedInsect","Juzu Bracelet","Lizard Tail","Membership Card","Torii","Dream Catcher","Happy Flower","Black Star","Bird Faced Urn","Orichalcum","Bag of Preparation","Snake Skull"],"potions_floor_usage":[24,30,33,41,45,46,50],"damage_taken":[{"damage":0,"enemies":"2 Louse","floor":1,"turns":5},{"damage":1,"enemies":"Jaw Worm","floor":7,"turns":4},{"damage":18,"enemies":"Lagavulin","floor":8,"turns":7},{"damage":0,"enemies":"Small Slimes","floor":12,"turns":2},{"damage":0,"enemies":"Blue Slaver","floor":13,"turns":4},{"damage":9,"enemies":"The Guardian","floor":16,"turns":9},{"damage":20,"enemies":"Shell Parasite","floor":18,"turns":7},{"damage":0,"enemies":"Chosen","floor":20,"turns":4},{"damage":25,"enemies":"3 Cultists","floor":24,"turns":6},{"damage":1,"enemies":"Gremlin Leader","floor":27,"turns":5},{"damage":11,"enemies":"Centurion and Healer","floor":29,"turns":6},{"damage":7,"enemies":"Snake Plant","floor":30,"turns":5},{"damage":13,"enemies":"Book of Stabbing","floor":31,"turns":6},{"damage":13,"enemies":"Champ","floor":33,"turns":7},{"damage":10,"enemies":"3 Darklings","floor":35,"turns":2},{"damage":0,"enemies":"Orb Walker","floor":37,"turns":3},{"damage":20,"enemies":"Spire Growth","floor":38,"turns":5},{"damage":47,"enemies":"Nemesis","floor":41,"turns":6},{"damage":25,"enemies":"Writhing Mass","floor":45,"turns":5},{"damage":12,"enemies":"Sphere and 2 Shapes","floor":46,"turns":3},{"damage":0,"enemies":"Jaw Worm Horde","floor":47,"turns":4},{"damage":0,"enemies":"Transient","floor":48,"turns":5},{"damage":72,"enemies":"Awakened One","floor":50,"turns":11}],"seed_played":"-7054684208624346941","potions_obtained":[{"floor":8,"key":"AttackPotion"},{"floor":12,"key":"Strength Potion"},{"floor":16,"key":"SpeedPotion"},{"floor":27,"key":"Explosive Potion"},{"floor":31,"key":"Weak Potion"},{"floor":37,"key":"SneckoOil"},{"floor":41,"key":"Dexterity Potion"}],"is_trial":false,"path_per_floor":["?","T","$","?","?","?","?","?","?","?","?"],"character_chosen":"THE_SILENT","items_purchased":["TwistedFunnel","Membership Card","Well Laid Plans","Backflip+1","Deflect+1","Bird Faced Urn"],"campfire_rested":5,"item_purchase_floors":[2,19,19,19,19,36],"current_hp_per_floor":[70,70,52,52,52,52,51,33,33,56,45,45,45,38,59,50,70,50,50,50,44,44,44,19,19,19,18,39,28,21,8,29,16,70,60,60,60,50,50,50,13,32,32,32,15,13,19,31,50,33],"gold":133,"neow_bonus":"HUNDRED_GOLD","is_prod":false,"is_daily":false,"chose_seed":false,"campfire_upgraded":3,"win_rate":0,"timestamp":1549148648,"path_taken":["M","$","?","?","?","R","M","E","T","?","?","M","M","?","R","BOSS","M","$","M","?","?","R","M","?","T","E","R","M","M","E","R","BOSS","M","$","M","M","?","R","E","R","T","?","M","M","M","M","R","BOSS"],"build_version":"2019-01-23","purchased_purges":2,"victory":true,"max_hp_per_floor":[70,70,70,70,70,70,70,70,70,70,70,70,70,70,70,70,70,70,70,70,70,70,70,70,70,70,70,70,70,70,70,70,70,70,70,70,70,70,66,66,66,66,66,66,66,66,66,66,66,66],"card_choices":[{"not_picked":["Cloak And Dagger","Backflip"],"picked":"Deadly Poison","floor":1},{"not_picked":["Poisoned Stab","Dagger Spray"],"picked":"Prepared+1","floor":7},{"not_picked":["Dagger Spray","PiercingWail+1"],"picked":"Blade Dance+1","floor":8},{"not_picked":["Masterful Stab","Slice"],"picked":"Distraction+1","floor":12},{"not_picked":["Dash","PiercingWail+1"],"picked":"Poisoned Stab","floor":13},{"not_picked":["Malaise+1","Glass Knife"],"picked":"A Thousand Cuts","floor":16},{"not_picked":["Slice","Underhanded Strike"],"picked":"Deadly Poison+1","floor":18},{"not_picked":["Sucker Punch+1","Backflip+1"],"picked":"Catalyst+1","floor":20},{"not_picked":["Sucker Punch","Dodge and Roll+1"],"picked":"Prepared+1","floor":24},{"not_picked":["Quick Slash","Cloak And Dagger+1"],"picked":"Prepared+1","floor":27},{"not_picked":["Blade Dance+1","Quick Slash"],"picked":"Prepared+1","floor":28},{"not_picked":["Well Laid Plans","Quick Slash"],"picked":"Noxious Fumes","floor":29},{"not_picked":["Finisher+1","Calculated Gamble+1"],"picked":"Infinite Blades+1","floor":30},{"not_picked":["Venomology+1","Deflect+1"],"picked":"Bullet Time+1","floor":31},{"not_picked":["Outmaneuver+1","Acrobatics+1"],"picked":"Deadly Poison+1","floor":32},{"not_picked":["Bullet Time+1","Grand Finale"],"picked":"A Thousand Cuts","floor":33},{"not_picked":["Concentrate+1","Tactician+1"],"picked":"Escape Plan+1","floor":35},{"not_picked":["Predator","Slice"],"picked":"Dodge and Roll+1","floor":37},{"not_picked":["Blade Dance+1","Calculated Gamble+1","Underhanded Strike+1"],"picked":"SKIP","floor":38},{"not_picked":["Acrobatics+1","PiercingWail+1"],"picked":"Adrenaline+1","floor":41},{"not_picked":["Tactician+1","Quick Slash"],"picked":"Deadly Poison+1","floor":42},{"not_picked":["Sucker Punch+1","Skewer+1","PiercingWail+1"],"picked":"SKIP","floor":45},{"not_picked":["Quick Slash","Bane","Poisoned Stab+1"],"picked":"SKIP","floor":46},{"not_picked":["Well Laid Plans","Accuracy"],"picked":"After Image","floor":47},{"not_picked":["Endless Agony","Dagger Throw+1","PiercingWail+1"],"picked":"SKIP","floor":48},{"not_picked":["Choke","Flying Knee+1"],"picked":"Noxious Fumes+1","floor":49}],"player_experience":171775,"relics_obtained":[{"floor":4,"key":"Toxic Egg 2"},{"floor":8,"key":"PreservedInsect"},{"floor":9,"key":"Juzu Bracelet"},{"floor":26,"key":"Torii"},{"floor":27,"key":"Dream Catcher"},{"floor":31,"key":"Happy Flower"},{"floor":41,"key":"Orichalcum"},{"floor":41,"key":"Bag of Preparation"},{"floor":43,"key":"Snake Skull"}],"event_choices":[{"damage_healed":0,"gold_gain":0,"player_choice":"Success","damage_taken":18,"relics_obtained":["Oddly Smooth Stone"],"max_hp_gain":0,"max_hp_loss":0,"event_name":"Scrap Ooze","floor":3,"gold_loss":0},{"damage_healed":23,"gold_gain":0,"player_choice":"Banana","damage_taken":0,"max_hp_gain":0,"max_hp_loss":0,"event_name":"Big Fish","floor":10,"gold_loss":0},{"damage_healed":0,"gold_gain":75,"player_choice":"Gather Gold","damage_taken":11,"max_hp_gain":0,"max_hp_loss":0,"event_name":"World of Goop","floor":11,"gold_loss":0},{"cards_removed":["Strike_G"],"damage_healed":0,"gold_gain":0,"player_choice":"Card Removal","damage_taken":7,"max_hp_gain":0,"max_hp_loss":0,"event_name":"Golden Wing","floor":14,"gold_loss":0},{"damage_healed":0,"gold_gain":0,"player_choice":"Joined the Cult","damage_taken":6,"max_hp_gain":0,"max_hp_loss":0,"event_name":"Nest","floor":21,"gold_loss":0,"cards_obtained":["RitualDagger"]},{"damage_healed":0,"gold_gain":0,"player_choice":"Upgraded","damage_taken":0,"max_hp_gain":0,"max_hp_loss":0,"event_name":"Upgrade Shrine","floor":22,"gold_loss":0,"cards_upgraded":["A Thousand Cuts"]},{"damage_healed":0,"gold_gain":0,"cards_transformed":["Strike_G"],"player_choice":"Transformed","damage_taken":0,"max_hp_gain":0,"max_hp_loss":0,"event_name":"Transmorgrifier","floor":25,"gold_loss":0,"cards_obtained":["Crippling Poison"]},{"damage_healed":0,"gold_gain":0,"player_choice":"Max HP","damage_taken":0,"max_hp_gain":0,"max_hp_loss":4,"event_name":"Winding Halls","floor":39,"gold_loss":0},{"damage_healed":0,"gold_gain":0,"cards_transformed":["Strike_G"],"player_choice":"Transformed","damage_taken":0,"max_hp_gain":0,"max_hp_loss":0,"event_name":"Transmorgrifier","floor":44,"gold_loss":0,"cards_obtained":["Underhanded Strike"]}],"is_beta":false,"boss_relics":[{"not_picked":["Runic Pyramid","Ectoplasm"],"picked":"Lizard Tail"},{"not_picked":["Snecko Eye","Cursed Key"],"picked":"Black Star"}],"items_purged_floors":[19,36],"is_endless":false,"potions_floor_spawned":[8,12,16,20,27,29,31,37,41],"ascension_level":2}