{"gold_per_floor":[116,116,133,12,12,12,12,12,12,46,61,77,43,53,53,153,153,173,82,82,82,97,97,110,129,129,142,142,154,60,74,74,174,174,185,197,216,216],"floor_reached":38,"playtime":2579,"items_purged":[],"score":405,"play_id":"3b12b0eb-1fbe-4219-b82a-70087316c26b","local_time":"20180729204309","is_ascension_mode":false,"campfire_choices":[{"floor":6,"key":"REST"},{"data":"Defragment","floor":8,"key":"SMITH"},{"floor":15,"key":"REST"},{"floor":23,"key":"REST"},{"floor":28,"key":"REST"},{"data":"White Noise","floor":32,"key":"SMITH"}],"neow_cost":"CURSE","seed_source_timestamp":267400120221263,"circlet_count":0,"master_deck":["Strike_B","Strike_B","Strike_B","Defend_B+1","Defend_B","Defend_B","Zap","Dualcast+1","Writhe","Ball Lightning","Coolheaded","Defragment+1","Gash","Steam Power","Genetic Algorithm","Machine Learning","White Noise+1","Chill","Reboot","Madness","Glacier","Redo+1","FTL+1","Darkness","Blizzard","Redo","Ball Lightning+1","Thunder Strike","Ball Lightning+1","Glacier"],"special_seed":0,"relics":["Cracked Core","Letter Opener","Darkstone Periapt","Inserter","Omamori","Centennial Puzzle","Nuclear Battery"],"potions_floor_usage":[],"damage_taken":[{"damage":10,"enemies":"Jaw Worm","floor":1,"turns":4},{"damage":4,"enemies":"Small Slimes","floor":3,"turns":3},{"damage":10,"enemies":"3 Sentries","floor":10,"turns":5},{"damage":0,"enemies":"Cultist","floor":11,"turns":2},{"damage":8,"enemies":"Blue Slaver","floor":12,"turns":2},{"damage":1,"enemies":"Large Slime","floor":14,"turns":5},{"damage":36,"enemies":"Slime Boss","floor":16,"turns":10},{"damage":16,"enemies":"3 Byrds","floor":18,"turns":4},{"damage":8,"enemies":"Chosen","floor":22,"turns":4},{"damage":14,"enemies":"3 Cultists","floor":24,"turns":7},{"damage":0,"enemies":"Snake Plant","floor":25,"turns":7},{"damage":9,"enemies":"Centurion and Healer","floor":27,"turns":7},{"damage":2,"enemies":"3 Cultists","floor":29,"turns":5},{"damage":8,"enemies":"Sentry and Sphere","floor":31,"turns":5},{"damage":38,"enemies":"Automaton","floor":33,"turns":10},{"damage":0,"enemies":"3 Darklings","floor":35,"turns":6},{"damage":52,"enemies":"3 Shapes","floor":36,"turns":4},{"damage":9,"enemies":"Flame Bruiser 2 Orb","floor":37,"turns":5},{"damage":40,"enemies":"Transient","floor":38,"turns":5}],"seed_played":"-5326034361254209514","potions_obtained":[{"floor":1,"key":"Dexterity Potion"},{"floor":11,"key":"FocusPotion"},{"floor":14,"key":"LiquidBronze"},{"floor":35,"key":"Energy Potion"},{"floor":37,"key":"PowerPotion"}],"is_trial":false,"path_per_floor":["M","?","M","$","?","R","?","R","T","E","M","M","$","M","R","B",null,"M","$","?","T","M","R","M","M","T","M","R","M","$","M","R","B",null,"M","M","M"],"character_chosen":"DEFECT","items_purchased":["Defragment","Gash","Chill","Madness","Blizzard","Redo"],"campfire_rested":4,"item_purchase_floors":[4,4,13,19,30,30],"current_hp_per_floor":[79,72,68,68,50,76,76,76,76,66,66,58,58,57,83,54,89,73,73,56,56,48,76,62,62,62,53,81,79,79,71,71,33,94,94,42,33,0],"gold":216,"neow_bonus":"TWENTY_PERCENT_HP_BONUS","is_prod":false,"is_daily":false,"chose_seed":false,"campfire_upgraded":2,"win_rate":0,"timestamp":1532918589,"path_taken":["M","?","M","$","?","R","?","R","T","E","M","M","$","M","R","BOSS","M","$","?","?","M","R","M","?","T","M","R","M","$","M","R","BOSS","M","M","M","M"],"build_version":"2018-07-26","purchased_purges":0,"victory":false,"max_hp_per_floor":[89,89,89,89,89,89,89,89,89,89,89,89,89,89,89,89,89,89,89,94,94,94,94,94,94,94,94,94,94,94,94,94,94,94,94,94,94,94],"card_choices":[{"not_picked":["Barrage","Streamline"],"picked":"Ball Lightning","floor":1},{"not_picked":["Sweeping Beam","Steam"],"picked":"Coolheaded","floor":3},{"not_picked":["Storm","Leap"],"picked":"Genetic Algorithm","floor":10},{"not_picked":["Rebound","Heatsinks"],"picked":"Machine Learning","floor":11},{"not_picked":["Turbo","Sweeping Beam"],"picked":"White Noise","floor":12},{"not_picked":["Go for the Eyes","Stack","Compile Driver"],"picked":"SKIP","floor":14},{"not_picked":["Fission","Echo Form"],"picked":"Reboot","floor":16},{"not_picked":["Stack+1","Go for the Eyes","Streamline"],"picked":"SKIP","floor":18},{"not_picked":["Beam Cell","Compile Driver+1"],"picked":"Glacier","floor":22},{"not_picked":["Reprogram","Go for the Eyes"],"picked":"Redo+1","floor":24},{"not_picked":["Steam","Leap"],"picked":"FTL+1","floor":25},{"not_picked":["Buffer","Undo+1","Heatsinks+1"],"picked":"SKIP","floor":27},{"not_picked":["Double Energy+1","Barrage"],"picked":"Darkness","floor":29},{"not_picked":["Storm","Turbo"],"picked":"Ball Lightning+1","floor":31},{"not_picked":["Fission","Amplify"],"picked":"Thunder Strike","floor":33},{"not_picked":["Leap","Heatsinks"],"picked":"Ball Lightning+1","floor":35},{"not_picked":["FTL+1","Tempest+1"],"picked":"Glacier","floor":36},{"not_picked":["Sweeping Beam","Capacitor","Conserve Battery"],"picked":"SKIP","floor":37}],"player_experience":82374,"relics_obtained":[{"floor":9,"key":"Letter Opener"},{"floor":10,"key":"Darkstone Periapt"},{"floor":21,"key":"Omamori"},{"floor":26,"key":"Centennial Puzzle"}],"event_choices":[{"event_name":"Golden Wing","player_choice":"Card Removal","floor":2,"damage_taken":0},{"event_name":"Shining Light","player_choice":"Entered Light","floor":5,"damage_taken":0},{"event_name":"Living Wall","player_choice":"Change","floor":7,"damage_taken":0},{"event_name":"Forgotten Altar","player_choice":"Shed Blood","floor":20,"damage_taken":0}],"is_beta":false,"boss_relics":[{"not_picked":["Tiny House","Fusion Hammer"],"picked":"Inserter"},{"not_picked":["Sozu","Calling Bell"],"picked":"Nuclear Battery"}],"items_purged_floors":[],"is_endless":false,"potions_floor_spawned":[1,11,14,16,27,31,33,35,37],"killed_by":"Transient","ascension_level":0}