{"gold_per_floor":[109,129,51,63,63,63,63,63,115,47,47,59,86,99,99,194,244,254,264,284,209,221,221],"floor_reached":23,"playtime":1425,"items_purged":["Strike_B"],"score":193,"play_id":"45d52076-4745-461a-9d8e-2964805069d5","local_time":"20190318115802","is_ascension_mode":false,"campfire_choices":[{"data":"Zap","floor":6,"key":"SMITH"},{"data":"Coolheaded","floor":8,"key":"SMITH"},{"data":"Dualcast","floor":11,"key":"SMITH"},{"data":"Redo","floor":15,"key":"SMITH"}],"neow_cost":"NONE","seed_source_timestamp":217171539073861,"circlet_count":0,"master_deck":["Strike_B","Strike_B","Strike_B","Defend_B+1","Defend_B","Defend_B","Defend_B","Zap+1","Dualcast+1","Steam","Coolheaded+1","BootSequence","Compile Driver","Meteor Strike","Redo+1","Coolheaded","White Noise","Genetic Algorithm","Conserve Battery","Seek"],"relics":["Cracked Core","NeowsBlessing","Ancient Tea Set","Bag of Preparation","Tiny House"],"potions_floor_usage":[19,20,20,20,20,20,23,23],"damage_taken":[{"damage":0,"enemies":"2 Louse","floor":1,"turns":1},{"damage":0,"enemies":"Cultist","floor":2,"turns":1},{"damage":0,"enemies":"Small Slimes","floor":4,"turns":1},{"damage":0,"enemies":"Looter","floor":12,"turns":2},{"damage":15,"enemies":"3 Sentries","floor":13,"turns":7},{"damage":0,"enemies":"3 Louse","floor":14,"turns":3},{"damage":39,"enemies":"Slime Boss","floor":16,"turns":10},{"damage":9,"enemies":"Shell Parasite","floor":18,"turns":9},{"damage":12,"enemies":"2 Thieves","floor":19,"turns":4},{"damage":24,"enemies":"Centurion and Healer","floor":20,"turns":17},{"damage":8,"enemies":"Snecko","floor":22,"turns":5},{"damage":42,"enemies":"Book of Stabbing","floor":23,"turns":7}],"seed_played":"-2470267037602655077","potions_obtained":[{"floor":12,"key":"FocusPotion"},{"floor":16,"key":"EntropicBrew"},{"floor":17,"key":"Fire Potion"},{"floor":19,"key":"Ancient Potion"},{"floor":20,"key":"Dexterity Potion"}],"is_trial":false,"path_per_floor":["?","M"],"character_chosen":"DEFECT","items_purchased":["BootSequence","Meteor Strike"],"campfire_rested":0,"item_purchase_floors":[3,10],"current_hp_per_floor":[75,75,75,75,75,75,75,75,75,75,75,75,60,60,60,21,80,71,59,50,50,42,0],"gold":221,"neow_bonus":"THREE_ENEMY_KILL","is_prod":false,"is_daily":false,"chose_seed":false,"campfire_upgraded":4,"win_rate":0,"timestamp":1552924682,"path_taken":["M","M","$","M","?","R","$","R","T","$","R","M","E","M","R","BOSS","M","M","?","$","M","E"],"build_version":"2019-01-23","purchased_purges":1,"victory":false,"max_hp_per_floor":[75,75,75,75,75,75,75,75,75,75,75,75,75,75,75,75,80,80,80,80,80,80,80],"card_choices":[{"not_picked":["Coolheaded","Double Energy"],"picked":"Steam","floor":1},{"not_picked":["Compile Driver","Barrage"],"picked":"Coolheaded","floor":2},{"not_picked":["Hologram","Auto Shields"],"picked":"Compile Driver","floor":4},{"not_picked":["Cold Snap","Rebound"],"picked":"Redo","floor":12},{"not_picked":["Electrodynamics","Ball Lightning"],"picked":"Coolheaded","floor":13},{"not_picked":["Consume","Recycle","Turbo"],"picked":"SKIP","floor":14},{"not_picked":["Gash","Steam Power"],"picked":"White Noise","floor":18},{"not_picked":["Stack","Gash"],"picked":"Genetic Algorithm","floor":19},{"not_picked":["Hologram","Turbo"],"picked":"Conserve Battery","floor":20},{"not_picked":["Heatsinks+1","Chaos"],"picked":"Seek","floor":22}],"player_experience":747731,"relics_obtained":[{"floor":9,"key":"Ancient Tea Set"},{"floor":13,"key":"Bag of Preparation"}],"event_choices":[{"damage_healed":0,"gold_gain":0,"player_choice":"Bought 0 Potions","damage_taken":0,"max_hp_gain":0,"max_hp_loss":0,"event_name":"The Woman in Blue","floor":5,"gold_loss":0}],"is_beta":false,"boss_relics":[{"not_picked":["Astrolabe","Fusion Hammer"],"picked":"Tiny House"}],"items_purged_floors":[21],"is_endless":false,"potions_floor_spawned":[12,16,18,19,20],"killed_by":"Book of Stabbing","ascension_level":0}