{"path_per_floor":["M","$","M","M","T","E","?","?","T","M","T","$","E","M","R","B",null,"M","M","?","M","M","E","M","E","T","?","M","R","E","M","R","B",null,"M","?","?","M","M","R","M","E","T","M","E","T","M","?","R","B"],"character_chosen":"IRONCLAD","items_purchased":["Dramatic Entrance"],"gold_per_floor":[15,15,28,40,66,97,176,141,141,161,188,96,131,144,144,239,239,239,194,194,194,194,194,194,194,194,194,194,194,194,194,194,194,194,194,0,0,0,0,0,0,0,0,0,0,0,0,0,0,0],"floor_reached":51,"campfire_rested":0,"playtime":3067,"current_hp_per_floor":[80,80,76,80,80,34,34,54,54,60,60,60,61,65,65,36,80,80,80,80,80,71,74,68,62,62,62,61,61,58,58,58,25,83,83,83,73,83,75,75,82,68,68,69,73,73,83,83,83,78],"items_purged":[],"gold":0,"score":631,"play_id":"60916271-cd02-45e5-a824-b5994a9e7b79","is_prod":false,"is_daily":false,"is_ascension_mode":false,"campfire_upgraded":5,"path_taken":["M","$","M","M","?","E","?","?","T","M","?","$","E","M","R","BOSS","M","?","?","M","?","E","M","E","T","?","M","R","E","M","R","BOSS","M","?","?","M","?","R","M","E","T","M","E","?","M","?","R","BOSS"],"build_version":"2018-02-15-PROD1","purchased_purges":0,"victory":true,"master_deck":["Strike_R+1","Strike_R+1","Strike_R+1","Strike_R+1","Strike_R+1","Defend_R+1","Defend_R+1","Defend_R+1","Defend_R+1","Bash","Metallicize","Immolate","Whirlwind","Heavy Blade","Havoc+1","Dramatic Entrance","Evolve+1","Infernal Blade+1","Demon Form+1","Armaments+1","Sentinel+1","Decay","Havoc+1","Metallicize+1","Burning Pact","Feel No Pain+1","Iron Wave+1","Shrug It Off+1","Clothesline+1","Bludgeon","Pommel Strike","Madness","Madness","Perfected Strike","Bludgeon","Heavy Blade","Wild Strike+1","Warcry+1","Ghostly Armor"],"max_hp_per_floor":[80,80,80,80,80,80,80,80,80,80,80,80,80,80,80,80,80,80,83,83,83,83,83,83,83,83,83,83,83,83,83,83,83,83,83,83,83,83,83,83,83,83,83,83,83,83,83,83,83,83],"relics":["Black Blood","Du-Vu Doll","Bag of Marbles","Orichalcum","Champion Belt","Happy Flower","Ancient Tea Set","Ectoplasm","Mummified Hand","Lantern","Blood Vial","War Paint","Red Mask","Unceasing Top","Pen Nib","Old Coin","Bird Faced Urn"],"card_choices":[{"not_picked":["Pommel Strike","Dropkick"],"picked":"Metallicize"},{"not_picked":["True Grit","Disarm"],"picked":"Immolate"},{"not_picked":["Sword Boomerang","Cleave"],"picked":"Whirlwind"},{"not_picked":["Cleave","Reckless Charge"],"picked":"Heavy Blade"},{"not_picked":["Pummel","Seeing Red"],"picked":"Havoc"},{"not_picked":["Body Slam","Twin Strike"],"picked":"Evolve"},{"not_picked":["Pummel","Twin Strike"],"picked":"Infernal Blade"},{"not_picked":["Reaper","Bludgeon"],"picked":"Demon Form"},{"not_picked":["Cleave","Second Wind"],"picked":"Armaments"},{"not_picked":["Body Slam","Flex"],"picked":"Sentinel"},{"not_picked":["Bloodletting","Armaments"],"picked":"Havoc"},{"not_picked":["Armaments","Battle Trance"],"picked":"Metallicize"},{"not_picked":["Disarm","Warcry"],"picked":"Burning Pact"},{"not_picked":["Heavy Blade","Disarm"],"picked":"Feel No Pain"},{"not_picked":["True Grit","Carnage"],"picked":"Iron Wave"},{"not_picked":["Feed","Sword Boomerang"],"picked":"Shrug It Off"},{"not_picked":["Sword Boomerang","Heavy Blade"],"picked":"Clothesline"},{"not_picked":["Perfected Strike","Ghostly Armor"],"picked":"Armaments"},{"not_picked":["Juggernaut","Limit Break"],"picked":"Bludgeon"},{"not_picked":["Cleave","Shrug It Off"],"picked":"Pommel Strike"},{"not_picked":["Burning Pact","Dropkick"],"picked":"Perfected Strike"},{"not_picked":["Sword Boomerang","Iron Wave"],"picked":"Bludgeon"},{"not_picked":["Warcry","Flex"],"picked":"Heavy Blade"},{"not_picked":["Clash","Sword Boomerang"],"picked":"Wild Strike"},{"not_picked":["Rage","Intimidate"],"picked":"Warcry"},{"not_picked":["True Grit","Dual Wield"],"picked":"Ghostly Armor"}],"player_experience":143075,"potions_floor_usage":[6,6,13,16,23,25,25,33,33,42,44,45,50],"damage_taken":[{"damage":6,"enemies":"Cultist","floor":1,"turns":3},{"damage":10,"enemies":"Jaw Worm","floor":3,"turns":4},{"damage":0,"enemies":"Small Slimes","floor":4,"turns":4},{"damage":52,"enemies":"Lagavulin","floor":6,"turns":10},{"damage":0,"enemies":"Red Slaver","floor":10,"turns":4},{"damage":5,"enemies":"3 Sentries","floor":13,"turns":6},{"damage":2,"enemies":"Looter","floor":14,"turns":3},{"damage":35,"enemies":"Slime Boss","floor":16,"turns":8},{"damage":4,"enemies":"3 Byrds","floor":18,"turns":4},{"damage":9,"enemies":"2 Thieves","floor":19,"turns":3},{"damage":6,"enemies":"Chosen and Byrds","floor":21,"turns":4},{"damage":15,"enemies":"Snake Plant","floor":22,"turns":3},{"damage":18,"enemies":"Book of Stabbing","floor":23,"turns":6},{"damage":12,"enemies":"Cultist and Chosen","floor":24,"turns":6},{"damage":18,"enemies":"Slavers","floor":25,"turns":4},{"damage":9,"enemies":"Chosen and Byrds","floor":28,"turns":4},{"damage":11,"enemies":"Gremlin Leader","floor":30,"turns":4},{"damage":8,"enemies":"Snecko","floor":31,"turns":6},{"damage":41,"enemies":"Automaton","floor":33,"turns":9},{"damage":10,"enemies":"3 Darklings","floor":35,"turns":5},{"damage":0,"enemies":"Orb Walker","floor":38,"turns":3},{"damage":18,"enemies":"Maw","floor":39,"turns":9},{"damage":5,"enemies":"Sphere and 2 Shapes","floor":41,"turns":3},{"damage":25,"enemies":"2 Orb Walkers","floor":42,"turns":5},{"damage":17,"enemies":"4 Shapes","floor":44,"turns":3},{"damage":8,"enemies":"Giant Head","floor":45,"turns":7},{"damage":8,"enemies":"3 Darklings","floor":47,"turns":5},{"damage":25,"enemies":"Time Eater","floor":50,"turns":7}],"event_choices":[{"event_name":"Golden Wing","player_choice":"Gained Gold","floor":7,"damage_taken":0},{"event_name":"The Cleric","player_choice":"Healed","floor":8,"damage_taken":0},{"event_name":"Forgotten Altar","player_choice":"Smashed Altar","floor":20,"damage_taken":0},{"event_name":"Back to Basics","player_choice":"Simplicity","floor":27,"damage_taken":0},{"event_name":"Tomb of Lord Red Mask","player_choice":"Paid","floor":36,"damage_taken":0},{"event_name":"Winding Halls","player_choice":"Embrace Madness","floor":37,"damage_taken":0}],"boss_relics":[{"not_picked":["Eternal Feather","Black Star"],"picked":"Ectoplasm"},{"not_picked":["White Beast Statue","Mark of Pain"],"picked":"Black Blood"}],"potions_floor_spawned":[1,3,10,14,18,22,23,24,30,33,38,42,44,47],"seed_played":"-2950877591228311087","ascension_level":0,"is_trial":false}