{"gold_per_floor":[110,110,56,70,86,86,112,139,151,175,217,246,269,292,304,413,425,457,480,507,539,564,576,601,648,660,672,694,0,12,24],"floor_reached":31,"playtime":1700,"items_purged":[],"score":314,"play_id":"46e1ce2d-5f56-43a5-9edc-2987e82ae0fb","local_time":"20180820113117","is_ascension_mode":true,"campfire_choices":[{"data":"Armaments","floor":6,"key":"SMITH"},{"data":"Seeing Red","floor":15,"key":"SMITH"},{"floor":23,"key":"REST"},{"floor":27,"key":"REST"}],"neow_cost":"NONE","seed_source_timestamp":294762607436879,"circlet_count":0,"master_deck":["Strike_R+1","Strike_R+1","Strike_R+1","Strike_R+1","Strike_R+1","Defend_R+1","Defend_R+1","Defend_R+1","Defend_R+1","Bash","Armaments+1","Headbutt+1","Cleave","Seeing Red+1","Iron Wave","Metallicize","Headbutt","Impervious","Infernal Blade+1","Inflame+1","Twin Strike","Shrug It Off+1","Exhume+1","Perfected Strike","Cleave","Heavy Blade","Sword Boomerang","Ghostly Armor+1","Perfected Strike","Sword Boomerang","Flex+1","Metallicize+1","Cleave+1","Rampage","Fire Breathing+1","Perfected Strike+1"],"relics":["Burning Blood","MawBank","Frozen Egg 2","Toxic Egg 2","Orrery","Whetstone","Lantern"],"potions_floor_usage":[11,14,16,16,22,24,25],"damage_taken":[{"damage":6,"enemies":"Small Slimes","floor":1,"turns":3},{"damage":10,"enemies":"Jaw Worm","floor":4,"turns":4},{"damage":1,"enemies":"Cultist","floor":5,"turns":4},{"damage":32,"enemies":"Lagavulin","floor":7,"turns":8},{"damage":9,"enemies":"Exordium Thugs","floor":8,"turns":8},{"damage":4,"enemies":"Red Slaver","floor":10,"turns":5},{"damage":2,"enemies":"3 Sentries","floor":11,"turns":6},{"damage":7,"enemies":"Blue Slaver","floor":12,"turns":2},{"damage":0,"enemies":"2 Fungi Beasts","floor":13,"turns":4},{"damage":15,"enemies":"Exordium Thugs","floor":14,"turns":4},{"damage":9,"enemies":"Slime Boss","floor":16,"turns":13},{"damage":5,"enemies":"Chosen","floor":18,"turns":4},{"damage":3,"enemies":"Spheric Guardian","floor":19,"turns":4},{"damage":37,"enemies":"Centurion and Healer","floor":20,"turns":8},{"damage":41,"enemies":"Sentry and Sphere","floor":21,"turns":6},{"damage":1,"enemies":"Snecko","floor":22,"turns":4},{"damage":14,"enemies":"Snake Plant","floor":24,"turns":7},{"damage":51,"enemies":"Slavers","floor":25,"turns":8},{"damage":7,"enemies":"Cultist and Chosen","floor":28,"turns":5},{"damage":32,"enemies":"Shelled Parasite and Fungi","floor":31,"turns":4}],"seed_played":"-6508985688062476051","potions_obtained":[{"floor":7,"key":"AttackPotion"},{"floor":8,"key":"GamblersBrew"},{"floor":10,"key":"Ancient Potion"},{"floor":11,"key":"Block Potion"},{"floor":13,"key":"Energy Potion"},{"floor":20,"key":"AttackPotion"},{"floor":21,"key":"SkillPotion"},{"floor":22,"key":"Regen Potion"}],"is_trial":false,"path_per_floor":["M","?","$","M","M","R","E","M","T","M","E","M","M","M","R","B",null,"M","M","M","M","M","R","M","E","T","R","M","?","?"],"character_chosen":"IRONCLAD","items_purchased":["Cleave"],"campfire_rested":2,"item_purchase_floors":[3],"current_hp_per_floor":[80,80,80,76,80,80,54,51,51,53,57,56,62,61,61,58,80,80,80,49,14,23,47,54,9,9,33,32,32,32,0],"gold":24,"neow_bonus":"THREE_CARDS","is_prod":false,"is_daily":false,"chose_seed":false,"campfire_upgraded":2,"win_rate":0,"timestamp":1534786277,"path_taken":["M","?","$","M","M","R","E","?","T","?","E","M","M","M","R","BOSS","M","M","M","M","M","R","M","E","T","R","M","?","?","M"],"build_version":"2018-08-16","purchased_purges":0,"victory":false,"max_hp_per_floor":[80,80,80,80,80,80,80,80,80,80,80,80,80,80,80,80,80,80,80,80,80,80,80,80,80,80,80,80,80,80,80],"card_choices":[{"not_picked":["Heavy Blade","Fire Breathing"],"picked":"Armaments","floor":0},{"not_picked":["Clash","Sever Soul"],"picked":"Headbutt","floor":1},{"not_picked":["Clothesline","Battle Trance"],"picked":"Seeing Red","floor":4},{"not_picked":["Disarm","Pommel Strike"],"picked":"Iron Wave","floor":5},{"not_picked":["Havoc","Warcry"],"picked":"Metallicize","floor":7},{"not_picked":["Clothesline","Whirlwind"],"picked":"Headbutt","floor":8},{"not_picked":["Iron Wave","Headbutt"],"picked":"Impervious","floor":10},{"not_picked":["Uppercut","Reckless Charge"],"picked":"Infernal Blade","floor":11},{"not_picked":["Perfected Strike","Dropkick"],"picked":"Inflame+1","floor":12},{"not_picked":["Thunderclap","Body Slam"],"picked":"Twin Strike","floor":13},{"not_picked":["Pommel Strike","True Grit+1"],"picked":"Shrug It Off+1","floor":14},{"not_picked":["Juggernaut+1","Feed"],"picked":"Exhume+1","floor":16},{"not_picked":["Clothesline","Pommel Strike"],"picked":"Perfected Strike","floor":17},{"not_picked":["Warcry+1","Feel No Pain+1"],"picked":"Cleave","floor":17},{"not_picked":["Corruption+1","Hemokinesis"],"picked":"Heavy Blade","floor":17},{"not_picked":["Rupture+1","Disarm+1"],"picked":"Sword Boomerang","floor":17},{"not_picked":["Bloodletting+1","Clothesline"],"picked":"Ghostly Armor+1","floor":17},{"not_picked":["Pommel Strike","Havoc+1"],"picked":"Perfected Strike","floor":18},{"not_picked":["Body Slam","Rage+1"],"picked":"Sword Boomerang","floor":19},{"not_picked":["Exhume+1","Havoc+1"],"picked":"Flex+1","floor":20},{"not_picked":["True Grit+1","Havoc+1"],"picked":"Metallicize+1","floor":21},{"not_picked":["Reckless Charge","Rage+1"],"picked":"Cleave+1","floor":22},{"not_picked":["Feel No Pain+1","Flame Barrier+1"],"picked":"Rampage","floor":24},{"not_picked":["Body Slam","Thunderclap"],"picked":"Fire Breathing+1","floor":25},{"not_picked":["Clothesline","Headbutt"],"picked":"Perfected Strike+1","floor":28}],"player_experience":275657,"relics_obtained":[{"floor":7,"key":"MawBank"},{"floor":9,"key":"Frozen Egg 2"},{"floor":11,"key":"Toxic Egg 2"},{"floor":25,"key":"Whetstone"},{"floor":26,"key":"Lantern"}],"event_choices":[{"event_name":"The Cleric","player_choice":"Leave","floor":2,"damage_taken":0},{"event_name":"Masked Bandits","player_choice":"Paid Fearfully","floor":29,"damage_taken":0},{"event_name":"Back to Basics","player_choice":"Simplicity","floor":30,"damage_taken":0}],"is_beta":false,"boss_relics":[{"not_picked":["Coffee Dripper","Philosopher\u0027s Stone"],"picked":"Orrery"}],"items_purged_floors":[],"is_endless":false,"potions_floor_spawned":[7,8,10,11,13,20,21,22],"killed_by":"Shelled Parasite and Fungi","ascension_level":1}