{"gold_per_floor":[110,110,120,120,138,163,163,198,251,271,304,318,318,331,331,406,406,422,422],"floor_reached":19,"playtime":936,"items_purged":[],"score":312,"play_id":"113dce50-06c2-47bc-8e40-fc2aa729ccf7","local_time":"20190331135949","is_ascension_mode":true,"campfire_choices":[{"floor":7,"key":"REST"},{"floor":13,"key":"REST"},{"data":"Carnage","floor":15,"key":"SMITH"}],"neow_cost":"NONE","seed_source_timestamp":1348165942579117,"circlet_count":0,"master_deck":["AscendersBane","Strike_R+1","Strike_R+1","Strike_R","Strike_R","Strike_R","Defend_R","Defend_R","Defend_R","Defend_R","Bash+1","Feel No Pain","Pain","True Grit","Uppercut","Dark Embrace","Carnage+1","Clothesline","Exhume","Reckless Charge","Headbutt","Reaper","Seeing Red","Burning Pact","Shrug It Off","Reckless Charge"],"relics":["Burning Blood","WarpedTongs","Matryoshka","Whetstone","The Courier","Pen Nib","Pantograph","Orrery"],"potions_floor_usage":[6,10],"damage_taken":[{"damage":6,"enemies":"Cultist","floor":1,"turns":4},{"damage":7,"enemies":"Jaw Worm","floor":3,"turns":4},{"damage":15,"enemies":"Small Slimes","floor":5,"turns":4},{"damage":42,"enemies":"Gremlin Nob","floor":6,"turns":5},{"damage":51,"enemies":"Lagavulin","floor":8,"turns":7},{"damage":1,"enemies":"Exordium Thugs","floor":10,"turns":4},{"damage":14,"enemies":"Gremlin Nob","floor":11,"turns":3},{"damage":0,"enemies":"Exordium Wildlife","floor":12,"turns":2},{"damage":2,"enemies":"3 Louse","floor":14,"turns":2},{"damage":53,"enemies":"Slime Boss","floor":16,"turns":11},{"damage":45,"enemies":"2 Thieves","floor":18,"turns":4},{"damage":49,"enemies":"3 Byrds","floor":19,"turns":7}],"seed_played":"4176051623863609829","potions_obtained":[{"floor":3,"key":"BloodPotion"},{"floor":6,"key":"Dexterity Potion"},{"floor":8,"key":"Energy Potion"},{"floor":12,"key":"Strength Potion"}],"is_trial":false,"path_per_floor":["?","M","?"],"character_chosen":"IRONCLAD","items_purchased":[],"campfire_rested":2,"item_purchase_floors":[],"current_hp_per_floor":[80,80,79,79,70,42,68,23,23,28,20,26,52,56,56,34,75,44,0],"gold":422,"neow_bonus":"TEN_PERCENT_HP_BONUS","is_prod":false,"is_daily":false,"chose_seed":false,"campfire_upgraded":1,"win_rate":0,"timestamp":1554055189,"path_taken":["M","?","?","?","M","E","R","E","T","M","E","M","R","M","R","BOSS","M","M"],"build_version":"2019-01-23","purchased_purges":0,"victory":false,"max_hp_per_floor":[88,88,88,88,88,88,88,88,88,88,88,88,88,88,88,88,88,88,88],"card_choices":[{"not_picked":["Shrug It Off","Body Slam"],"picked":"Feel No Pain","floor":1},{"not_picked":["Rupture","Whirlwind"],"picked":"True Grit","floor":3},{"not_picked":["Sentinel","Perfected Strike"],"picked":"Uppercut","floor":5},{"not_picked":["Headbutt","Heavy Blade"],"picked":"Dark Embrace","floor":6},{"not_picked":["Burning Pact","Clash"],"picked":"Carnage","floor":8},{"not_picked":["Wild Strike","Body Slam"],"picked":"Clothesline","floor":10},{"not_picked":["Shrug It Off","Havoc"],"picked":"Exhume","floor":11},{"not_picked":["Heavy Blade","Infernal Blade"],"picked":"Reckless Charge","floor":12},{"not_picked":["Clash","Perfected Strike"],"picked":"Headbutt","floor":14},{"not_picked":["Double Tap","Limit Break"],"picked":"Reaper","floor":16},{"not_picked":["Anger","Flex"],"picked":"Seeing Red","floor":17},{"not_picked":["Dropkick","Warcry"],"picked":"Burning Pact","floor":17},{"not_picked":["Iron Wave","Combust"],"picked":"Shrug It Off","floor":17},{"not_picked":["Body Slam","Iron Wave"],"picked":"Reckless Charge","floor":17},{"not_picked":["Dark Embrace","Armaments","Perfected Strike"],"picked":"SKIP","floor":18}],"player_experience":1328533,"relics_obtained":[{"floor":6,"key":"Matryoshka"},{"floor":8,"key":"Whetstone"},{"floor":9,"key":"The Courier"},{"floor":9,"key":"Pen Nib"},{"floor":11,"key":"Pantograph"}],"event_choices":[{"damage_healed":0,"gold_gain":0,"player_choice":"Rummage","damage_taken":0,"relics_obtained":["WarpedTongs"],"max_hp_gain":0,"max_hp_loss":0,"event_name":"Accursed Blacksmith","floor":2,"gold_loss":0,"cards_obtained":["Pain"]},{"damage_healed":0,"gold_gain":0,"player_choice":"Upgraded","damage_taken":0,"max_hp_gain":0,"max_hp_loss":0,"event_name":"Upgrade Shrine","floor":4,"gold_loss":0,"cards_upgraded":["Bash"]}],"is_beta":false,"boss_relics":[{"not_picked":["Philosopher\u0027s Stone","Mark of Pain"],"picked":"Orrery"}],"items_purged_floors":[],"is_endless":false,"potions_floor_spawned":[3,6,8,12,14,16],"killed_by":"3 Byrds","ascension_level":13}