{"gold_per_floor":[111,122,132,132,132,132,159,159,159,159,5,5,33,51,51,152,152,171,96,96,116,135,135,135,162,162,188,206,240,240,254,254,355,355,366,366,114,163,27,52,52,67,67,67,67,0,0,0,0,0],"floor_reached":50,"playtime":3082,"items_purged":["Backstab","Strike_G"],"score":644,"play_id":"b2ce75e7-1bd9-4477-bb52-aea15b2b5d2e","local_time":"20190119001624","is_ascension_mode":true,"campfire_choices":[{"data":"Neutralize","floor":6,"key":"SMITH"},{"data":"Dodge and Roll","floor":8,"key":"SMITH"},{"data":"Venomology","floor":12,"key":"SMITH"},{"data":"Glass Knife","floor":15,"key":"SMITH"},{"floor":23,"key":"REST"},{"floor":32,"key":"REST"},{"floor":41,"key":"REST"},{"floor":44,"key":"REST"},{"floor":47,"key":"RECALL"},{"data":"1","floor":49,"key":"LIFT"}],"neow_cost":"NONE","seed_source_timestamp":525703030853692,"circlet_count":0,"master_deck":["Defend_G","Defend_G","Defend_G","Defend_G","Defend_G+1","Strike_G+1","Strike_G","Strike_G","Neutralize+1","Deadly Poison","Well Laid Plans","Dodge and Roll+1","Venomology+1","Acrobatics","Glass Knife+1","Malaise","Catalyst","Catalyst","Bouncing Flask","PiercingWail","Deadly Poison","Catalyst","Bullet Time","Bullet Time","Setup+1","PiercingWail+1"],"relics":["Ring of the Snake","NeowsBlessing","Paper Crane","Bronze Scales","Pantograph","Ninja Scroll","Snecko Eye","Pen Nib","Girya","Juzu Bracelet","Bag of Preparation","Nilry\u0027s Codex","Fusion Hammer","Regal Pillow","Prayer Wheel","Sundial","Red Mask"],"potions_floor_usage":[7,13,16,18,22,22,25,29,31,31,33,40,40,50,50,50],"damage_taken":[{"damage":0,"enemies":"Cultist","floor":1,"turns":1},{"damage":0,"enemies":"2 Louse","floor":2,"turns":1},{"damage":0,"enemies":"Jaw Worm","floor":3,"turns":1},{"damage":12,"enemies":"Lagavulin","floor":7,"turns":5},{"damage":12,"enemies":"3 Sentries","floor":13,"turns":10},{"damage":1,"enemies":"Lots of Slimes","floor":14,"turns":3},{"damage":8,"enemies":"The Guardian","floor":16,"turns":9},{"damage":1,"enemies":"Shell Parasite","floor":18,"turns":6},{"damage":15,"enemies":"3 Byrds","floor":21,"turns":4},{"damage":23,"enemies":"3 Cultists","floor":22,"turns":6},{"damage":19,"enemies":"Gremlin Leader","floor":25,"turns":9},{"damage":2,"enemies":"Chosen and Byrds","floor":28,"turns":6},{"damage":0,"enemies":"Book of Stabbing","floor":29,"turns":6},{"damage":4,"enemies":"Centurion and Healer","floor":31,"turns":5},{"damage":29,"enemies":"Collector","floor":33,"turns":7},{"damage":0,"enemies":"3 Shapes","floor":35,"turns":4},{"damage":67,"enemies":"2 Orb Walkers","floor":38,"turns":5},{"damage":2,"enemies":"Reptomancer","floor":40,"turns":8},{"damage":1,"enemies":"Orb Walker","floor":42,"turns":5},{"damage":72,"enemies":"Time Eater","floor":50,"turns":5}],"seed_played":"7400910972169507590","potions_obtained":[{"floor":1,"key":"AttackPotion"},{"floor":7,"key":"PowerPotion"},{"floor":16,"key":"Poison Potion"},{"floor":18,"key":"Explosive Potion"},{"floor":25,"key":"Energy Potion"},{"floor":35,"key":"Energy Potion"},{"floor":38,"key":"Poison Potion"}],"is_trial":false,"path_per_floor":["M","M","M","T","?","R","E","R","T","?","$","R","E","M","R","B",null,"M","$","?","M","M","R","$","E","T","T","M","E","?","M","R","B",null,"M","?","$","?","$","E","R","M","T","R","$","?","R","?","R","B"],"character_chosen":"THE_SILENT","items_purchased":["Venomology","Regal Pillow","Bullet Time"],"campfire_rested":4,"item_purchase_floors":[11,37,39],"current_hp_per_floor":[70,70,70,70,56,56,44,44,44,44,44,44,32,31,31,48,70,69,69,69,54,31,52,52,33,33,33,31,31,15,25,46,41,70,70,70,70,3,3,1,37,36,36,70,70,70,70,70,70,0],"gold":0,"neow_bonus":"THREE_ENEMY_KILL","is_prod":false,"is_daily":false,"chose_seed":false,"campfire_upgraded":4,"win_rate":0,"timestamp":1547885784,"path_taken":["M","M","?","?","?","R","E","R","T","?","?","R","E","?","R","BOSS","M","$","?","?","M","R","$","E","T","?","M","E","?","M","R","BOSS","M","?","$","?","$","E","R","M","T","R","$","?","R","?","R","BOSS"],"build_version":"2019-01-17v2","purchased_purges":2,"victory":false,"max_hp_per_floor":[70,70,70,70,70,70,70,70,70,70,70,70,70,70,70,70,70,70,70,70,70,70,70,70,70,70,70,70,70,70,70,70,70,70,70,70,70,70,70,70,70,70,70,70,70,70,70,70,70,70],"card_choices":[{"not_picked":["Masterful Stab","Dodge and Roll"],"picked":"Backstab","floor":1},{"not_picked":["Flying Knee","Underhanded Strike"],"picked":"Deadly Poison","floor":2},{"not_picked":["Deadly Poison","Dash"],"picked":"Well Laid Plans","floor":3},{"not_picked":["Endless Agony","Quick Slash"],"picked":"Dodge and Roll","floor":7},{"not_picked":["Tactician","Slice"],"picked":"Acrobatics","floor":13},{"not_picked":["Tactician","Finisher"],"picked":"Glass Knife","floor":14},{"not_picked":["Die Die Die","Glass Knife"],"picked":"Malaise","floor":16},{"not_picked":["Blade Dance+1","Calculated Gamble"],"picked":"Catalyst","floor":18},{"not_picked":["Dagger Spray","Finisher"],"picked":"Bouncing Flask","floor":21},{"not_picked":["Backflip","Quick Slash","Distraction"],"picked":"SKIP","floor":22},{"not_picked":["Caltrops","Escape Plan+1"],"picked":"PiercingWail","floor":25},{"not_picked":["Dagger Throw","A Thousand Cuts"],"picked":"Deadly Poison","floor":28},{"not_picked":["Well Laid Plans+1","Tactician","Bane"],"picked":"SKIP","floor":29},{"not_picked":["Outmaneuver","Eviscerate"],"picked":"Catalyst","floor":31},{"not_picked":["Tools of the Trade","Glass Knife"],"picked":"Bullet Time","floor":33},{"not_picked":["Deadly Poison+1","Expertise","Dagger Spray"],"picked":"SKIP","floor":35},{"not_picked":["Quick Slash","Poisoned Stab"],"picked":"Setup+1","floor":40},{"not_picked":["Deflect+1","Blade Dance+1"],"picked":"PiercingWail+1","floor":42},{"not_picked":["Underhanded Strike+1","Concentrate+1","Blur"],"picked":"SKIP","floor":42},{"not_picked":["Underhanded Strike+1","Concentrate+1","Blur"],"picked":"SKIP","floor":42}],"player_experience":253833,"relics_obtained":[{"floor":4,"key":"Paper Crane"},{"floor":7,"key":"Bronze Scales"},{"floor":9,"key":"Pantograph"},{"floor":13,"key":"Ninja Scroll"},{"floor":25,"key":"Pen Nib"},{"floor":26,"key":"Girya"},{"floor":27,"key":"Juzu Bracelet"},{"floor":29,"key":"Bag of Preparation"},{"floor":30,"key":"Nilry\u0027s Codex"},{"floor":38,"key":"Prayer Wheel"},{"floor":40,"key":"Sundial"}],"event_choices":[{"damage_healed":0,"gold_gain":0,"player_choice":"Entered Light","damage_taken":14,"max_hp_gain":0,"max_hp_loss":0,"event_name":"Shining Light","floor":5,"gold_loss":0,"cards_upgraded":["Strike_G","Defend_G"]},{"damage_healed":0,"gold_gain":0,"player_choice":"Ignored","damage_taken":0,"max_hp_gain":0,"max_hp_loss":0,"event_name":"Liars Game","floor":10,"gold_loss":0},{"damage_healed":0,"gold_gain":0,"player_choice":"Copied","damage_taken":0,"max_hp_gain":0,"max_hp_loss":0,"event_name":"Duplicator","floor":20,"gold_loss":0,"cards_obtained":["Catalyst"]},{"damage_healed":0,"gold_gain":0,"player_choice":"Obtained Book","damage_taken":16,"max_hp_gain":0,"max_hp_loss":0,"event_name":"Cursed Tome","floor":30,"gold_loss":0},{"cards_removed":["Survivor"],"damage_healed":0,"gold_gain":0,"player_choice":"Removed Skill","damage_taken":0,"max_hp_gain":0,"max_hp_loss":0,"event_name":"Falling","floor":36,"gold_loss":0},{"damage_healed":0,"gold_gain":0,"player_choice":"Fight","damage_taken":0,"max_hp_gain":0,"max_hp_loss":0,"event_name":"Mysterious Sphere","floor":38,"gold_loss":0},{"damage_healed":0,"gold_gain":0,"player_choice":"Paid","damage_taken":0,"relics_obtained":["Red Mask"],"max_hp_gain":0,"max_hp_loss":0,"event_name":"Tomb of Lord Red Mask","floor":46,"gold_loss":67},{"cards_removed":["Strike_G"],"damage_healed":0,"gold_gain":0,"player_choice":"Purged","damage_taken":0,"max_hp_gain":0,"max_hp_loss":0,"event_name":"Purifier","floor":48,"gold_loss":0}],"is_beta":false,"boss_relics":[{"not_picked":["Sozu","Coffee Dripper"],"picked":"Snecko Eye"},{"not_picked":["White Beast Statue","Runic Pyramid"],"picked":"Fusion Hammer"}],"items_purged_floors":[19,37],"is_endless":false,"potions_floor_spawned":[1,7,16,18,25,28,35,38],"killed_by":"Time Eater","ascension_level":4}