{"gold_per_floor":[414,430,444,177,177,177,194,11,11,31,31,43,58,88,88,193,193,204,49,59,59,59,59],"floor_reached":23,"playtime":679,"items_purged":["Shame"],"score":254,"play_id":"0e169f87-ab4c-4b63-8a2a-c42180cac428","local_time":"20190119114305","is_ascension_mode":true,"campfire_choices":[{"data":"Sword Boomerang","floor":6.0,"key":"SMITH"},{"data":"Apotheosis","floor":11.0,"key":"SMITH"},{"data":"Inflame","floor":15.0,"key":"SMITH"}],"neow_cost":"CURSE","seed_source_timestamp":569218394691454,"circlet_count":0,"master_deck":["Defend_R","Defend_R","Defend_R","Defend_R","Bash","Shrug It Off","Sword Boomerang+1","Spot Weakness","Inflame+1","Whirlwind+1","Apotheosis+1","Clothesline","Thunderclap","Flame Barrier","Double Tap","Metallicize+1","Headbutt","Bite","Bite","Bite","Bite","Bite"],"special_seed":0,"relics":["Burning Blood","Old Coin","Mercury Hourglass","Odd Mushroom","Fusion Hammer","Bag of Marbles"],"potions_floor_usage":[23],"damage_taken":[{"damage":14.0,"enemies":"Cultist","floor":1.0,"turns":5.0},{"damage":9.0,"enemies":"2 Louse","floor":2.0,"turns":4.0},{"damage":10.0,"enemies":"Small Slimes","floor":3.0,"turns":4.0},{"damage":12.0,"enemies":"Looter","floor":7.0,"turns":3.0},{"damage":7.0,"enemies":"Large Slime","floor":10.0,"turns":5.0},{"damage":0.0,"enemies":"Lots of Slimes","floor":12.0,"turns":1.0},{"damage":11.0,"enemies":"Looter","floor":13.0,"turns":2.0},{"damage":5.0,"enemies":"The Mushroom Lair","floor":14.0,"turns":3.0},{"damage":4.0,"enemies":"The Guardian","floor":16.0,"turns":9.0},{"damage":6.0,"enemies":"Shell Parasite","floor":18.0,"turns":4.0},{"damage":7.0,"enemies":"3 Byrds","floor":20.0,"turns":3.0},{"damage":60,"enemies":"Slavers","floor":23,"turns":3}],"seed_played":"-4711375616018879280","potions_obtained":[{"floor":1.0,"key":"AttackPotion"},{"floor":12.0,"key":"PowerPotion"},{"floor":13.0,"key":"BloodPotion"},{"floor":14.0,"key":"LiquidBronze"},{"floor":20.0,"key":"SpeedPotion"}],"is_trial":false,"path_per_floor":["M","M","M","$","?","R","M","$","T","M","R","M","M","?","R","B",null,"M","$","M","?","?","E"],"character_chosen":"IRONCLAD","items_purchased":["Spot Weakness","Inflame","Whirlwind","Apotheosis","Bag of Marbles"],"campfire_rested":0,"item_purchase_floors":[4,4,4,8,19],"current_hp_per_floor":[72,69,65,65,65,65,59,59,59,58,58,64,59,60,60,62,76,76,76,75,75,56,0],"gold":59,"neow_bonus":"ONE_RARE_RELIC","is_prod":false,"is_daily":false,"chose_seed":false,"campfire_upgraded":3,"win_rate":0,"timestamp":1547926985,"path_taken":["M","M","?","$","?","R","M","$","T","M","R","M","M","?","R","BOSS","M","$","M","?","?","E"],"build_version":"2019-01-17v2","purchased_purges":1,"victory":false,"max_hp_per_floor":[80,80,80,80,80,80,80,80,80,80,80,80,80,80,80,80,80,80,80,80,80,56,56],"card_choices":[{"not_picked":["Seeing Red","Sword Boomerang"],"picked":"Shrug It Off","floor":1.0},{"not_picked":["Whirlwind","Metallicize","Perfected Strike"],"picked":"SKIP","floor":2.0},{"not_picked":["Fire Breathing","Sentinel"],"picked":"Sword Boomerang","floor":3.0},{"not_picked":["Rage","Dual Wield","Havoc"],"picked":"SKIP","floor":7.0},{"not_picked":["Pummel","Immolate"],"picked":"Clothesline","floor":10.0},{"not_picked":["Clothesline","Perfected Strike","Rampage"],"picked":"SKIP","floor":12.0},{"not_picked":["Spot Weakness","Rupture"],"picked":"Thunderclap","floor":13.0},{"not_picked":["Power Through","Inflame"],"picked":"Flame Barrier","floor":14.0},{"not_picked":["Barricade","Bludgeon"],"picked":"Double Tap","floor":16.0},{"not_picked":["Warcry","Entrench"],"picked":"Metallicize+1","floor":18.0},{"not_picked":["Sentinel","Feel No Pain","Wild Strike"],"picked":"SKIP","floor":20.0}],"player_experience":260387,"relics_obtained":[{"floor":9.0,"key":"Mercury Hourglass"},{"floor":14.0,"key":"Odd Mushroom"}],"event_choices":[{"damage_healed":0.0,"max_hp_gain":0.0,"max_hp_loss":0.0,"gold_gain":0.0,"event_name":"Living Wall","player_choice":"Grow","floor":5.0,"gold_loss":0.0,"damage_taken":0.0,"cards_upgraded":["Whirlwind"]},{"damage_healed":0.0,"max_hp_gain":0.0,"max_hp_loss":0.0,"gold_gain":0.0,"event_name":"Mushrooms","player_choice":"Fought Mushrooms","floor":14.0,"gold_loss":0.0,"damage_taken":0.0},{"damage_healed":0.0,"max_hp_gain":0.0,"max_hp_loss":0.0,"gold_gain":0.0,"event_name":"The Library","player_choice":"Read","floor":21.0,"gold_loss":0.0,"damage_taken":0.0,"cards_obtained":["Headbutt"]},{"damage_healed":0.0,"max_hp_gain":0.0,"max_hp_loss":24.0,"gold_gain":0.0,"event_name":"Vampires","player_choice":"Became a vampire","floor":22.0,"gold_loss":0.0,"damage_taken":0.0,"cards_obtained":["Bite","Bite","Bite","Bite","Bite"]}],"is_beta":false,"boss_relics":[{"not_picked":["Velvet Choker","Runic Dome"],"picked":"Fusion Hammer"}],"items_purged_floors":[4],"is_endless":false,"potions_floor_spawned":[1,12,13,14,20],"killed_by":"Slavers","ascension_level":5}