{"gold_per_floor":[110,120,138,152,168,203,214,214,214,242,254,254,20,53,53,151,151,171,181,192,211,222,249,263,263,263,263,276,305,74,99,99,198,198,213,53,72,91,106,132,132,151,151,151,169,184,184,197,197,197,197,197,8,8],"floor_reached":54,"playtime":3865,"items_purged":["Strike_G","Crippling Poison"],"score":1201,"play_id":"08b83730-a693-4889-9217-afde04837e5e","local_time":"20190327230003","is_ascension_mode":true,"campfire_choices":[{"data":"Noxious Fumes","floor":8,"key":"SMITH"},{"data":"Neutralize","floor":12,"key":"SMITH"},{"data":"Footwork","floor":15,"key":"SMITH"},{"floor":25,"key":"REST"},{"data":"Crippling Poison","floor":27,"key":"SMITH"},{"floor":32,"key":"REST"},{"floor":41,"key":"REST"},{"data":"Noxious Fumes","floor":44,"key":"SMITH"},{"floor":47,"key":"REST"},{"floor":49,"key":"RECALL"},{"data":"Noxious Fumes","floor":52,"key":"SMITH"}],"neow_cost":"NONE","seed_source_timestamp":1032049919443283,"circlet_count":0,"master_deck":["AscendersBane","Defend_G","Defend_G","Defend_G","Defend_G","Defend_G","Strike_G","Strike_G","Strike_G","Strike_G","Survivor","Neutralize+1","Dodge and Roll","Predator","Crippling Poison+1","Backstab","Noxious Fumes+1","PiercingWail","Leg Sweep","Well Laid Plans","Footwork+1","Corpse Explosion","Escape Plan","Cloak And Dagger+1","Footwork+1","Escape Plan+1","Noxious Fumes+1","Endless Agony+1","Noxious Fumes+1","PiercingWail","Blur+1","Backstab+1","Dark Shackles"],"relics":["Ring of the Snake","Anchor","Bottled Tornado","Shuriken","Mango","Vajra","Darkstone Periapt","Busted Crown","Kunai","Molten Egg 2","Snake Skull","Lantern","Turnip","WristBlade","PreservedInsect"],"potions_floor_usage":[10,10,10,10,10,38,50],"damage_taken":[{"damage":0,"enemies":"Cultist","floor":1,"turns":5},{"damage":0,"enemies":"2 Louse","floor":2,"turns":5},{"damage":0,"enemies":"Jaw Worm","floor":3,"turns":4},{"damage":9,"enemies":"Large Slime","floor":4,"turns":12},{"damage":0,"enemies":"3 Louse","floor":5,"turns":3},{"damage":21,"enemies":"3 Sentries","floor":6,"turns":8},{"damage":0,"enemies":"Exordium Wildlife","floor":7,"turns":5},{"damage":16,"enemies":"Gremlin Nob","floor":10,"turns":5},{"damage":0,"enemies":"2 Fungi Beasts","floor":11,"turns":4},{"damage":1,"enemies":"3 Sentries","floor":14,"turns":7},{"damage":24,"enemies":"The Guardian","floor":16,"turns":11},{"damage":2,"enemies":"2 Thieves","floor":18,"turns":4},{"damage":3,"enemies":"Spheric Guardian","floor":19,"turns":5},{"damage":8,"enemies":"Shelled Parasite and Fungi","floor":20,"turns":6},{"damage":7,"enemies":"Cultist and Chosen","floor":21,"turns":4},{"damage":0,"enemies":"Centurion and Healer","floor":22,"turns":4},{"damage":0,"enemies":"Gremlin Leader","floor":23,"turns":6},{"damage":13,"enemies":"Snecko","floor":24,"turns":6},{"damage":0,"enemies":"Sentry and Sphere","floor":28,"turns":5},{"damage":10,"enemies":"Slavers","floor":29,"turns":3},{"damage":26,"enemies":"Book of Stabbing","floor":31,"turns":6},{"damage":33,"enemies":"Collector","floor":33,"turns":8},{"damage":4,"enemies":"Orb Walker","floor":35,"turns":4},{"damage":0,"enemies":"3 Shapes","floor":37,"turns":4},{"damage":8,"enemies":"Writhing Mass","floor":38,"turns":6},{"damage":25,"enemies":"Transient","floor":39,"turns":5},{"damage":17,"enemies":"Reptomancer","floor":40,"turns":7},{"damage":0,"enemies":"Maw","floor":42,"turns":7},{"damage":0,"enemies":"Jaw Worm Horde","floor":45,"turns":4},{"damage":0,"enemies":"Sphere and 2 Shapes","floor":46,"turns":5},{"damage":17,"enemies":"Transient","floor":48,"turns":5},{"damage":33,"enemies":"Awakened One","floor":50,"turns":17},{"damage":82,"enemies":"Shield and Spear","floor":54,"turns":3}],"seed_played":"-2877791637960830292","potions_obtained":[{"floor":2,"key":"Dexterity Potion"},{"floor":6,"key":"EntropicBrew"},{"floor":10,"key":"Explosive Potion"},{"floor":16,"key":"GhostInAJar"},{"floor":18,"key":"Fire Potion"},{"floor":37,"key":"Fruit Juice"},{"floor":38,"key":"Poison Potion"},{"floor":45,"key":"Strength Potion"}],"is_trial":false,"path_per_floor":["M","M"],"character_chosen":"THE_SILENT","items_purchased":["Well Laid Plans","Vajra","Lantern","Noxious Fumes","Noxious Fumes","PiercingWail","Dark Shackles"],"campfire_rested":4,"item_purchase_floors":[13,13,30,30,36,36,53],"current_hp_per_floor":[63,63,63,54,54,33,33,33,33,31,31,31,31,30,30,6,65,63,60,52,45,45,45,32,57,57,57,57,47,47,21,46,13,66,62,62,62,59,34,17,43,43,43,43,43,43,69,52,52,19,72,72,72,0],"gold":8,"neow_bonus":"RANDOM_COMMON_RELIC","is_prod":false,"is_daily":false,"chose_seed":false,"campfire_upgraded":6,"win_rate":0,"timestamp":1553742003,"path_taken":["M","M","M","M","M","E","M","R","T","E","M","R","$","E","R","BOSS","M","M","M","M","M","E","M","R","T","R","M","E","$","E","R","BOSS","M","$","?","M","?","E","R","M","T","R","M","M","R","M","R","BOSS","R","$","E"],"build_version":"2019-01-23","purchased_purges":2,"victory":false,"max_hp_per_floor":[70,70,70,70,70,70,70,70,70,84,84,84,84,84,84,84,84,84,84,84,84,84,84,84,84,84,84,84,84,84,84,84,84,84,84,84,84,89,89,89,89,89,89,89,89,89,89,89,89,89,89,89,89,89],"card_choices":[{"not_picked":["Flechettes","Eviscerate"],"picked":"Dodge and Roll","floor":1},{"not_picked":["Bouncing Flask","Acrobatics"],"picked":"Predator","floor":2},{"not_picked":["Accuracy","Slice"],"picked":"Crippling Poison","floor":3},{"not_picked":["Sucker Punch","Cloak And Dagger"],"picked":"Backstab","floor":4},{"not_picked":["Dodge and Roll","Poisoned Stab"],"picked":"Noxious Fumes","floor":5},{"not_picked":["Prepared","Heel Hook","Flying Knee"],"picked":"SKIP","floor":6},{"not_picked":["Tactician","Deflect"],"picked":"PiercingWail","floor":7},{"not_picked":["Bane","Doppelganger"],"picked":"Leg Sweep","floor":10},{"not_picked":["Prepared","Outmaneuver"],"picked":"Crippling Poison","floor":11},{"not_picked":["Tactician","Bane"],"picked":"Footwork","floor":14},{"not_picked":["Bullet Time","Storm of Steel"],"picked":"Corpse Explosion","floor":16},{"not_picked":["Poisoned Stab"],"picked":"SKIP","floor":18},{"not_picked":["Flying Knee"],"picked":"SKIP","floor":19},{"not_picked":[],"picked":"Escape Plan","floor":20},{"not_picked":[],"picked":"Cloak And Dagger+1","floor":21},{"not_picked":["Terror"],"picked":"SKIP","floor":22},{"not_picked":[],"picked":"Footwork+1","floor":23},{"not_picked":["Dagger Throw+1"],"picked":"SKIP","floor":24},{"not_picked":[],"picked":"Escape Plan+1","floor":28},{"not_picked":["Finisher+1"],"picked":"SKIP","floor":29},{"not_picked":[],"picked":"Endless Agony+1","floor":31},{"not_picked":["Well Laid Plans"],"picked":"SKIP","floor":35},{"not_picked":["Flying Knee+1"],"picked":"SKIP","floor":37},{"not_picked":["Heel Hook+1"],"picked":"SKIP","floor":38},{"not_picked":["Prepared+1"],"picked":"SKIP","floor":39},{"not_picked":["Leg Sweep"],"picked":"SKIP","floor":40},{"not_picked":[],"picked":"Blur+1","floor":42},{"not_picked":["Flying Knee+1"],"picked":"SKIP","floor":45},{"not_picked":["Slice+1"],"picked":"SKIP","floor":46},{"not_picked":[],"picked":"Backstab+1","floor":48}],"player_experience":1112380,"relics_obtained":[{"floor":6,"key":"Bottled Tornado"},{"floor":9,"key":"Shuriken"},{"floor":10,"key":"Mango"},{"floor":14,"key":"Darkstone Periapt"},{"floor":23,"key":"Kunai"},{"floor":26,"key":"Molten Egg 2"},{"floor":29,"key":"Snake Skull"},{"floor":31,"key":"Turnip"},{"floor":40,"key":"PreservedInsect"}],"event_choices":[],"is_beta":false,"boss_relics":[{"not_picked":["Philosopher\u0027s Stone","Coffee Dripper"],"picked":"Busted Crown"},{"not_picked":["Tiny House","Calling Bell"],"picked":"WristBlade"}],"items_purged_floors":[36,53],"is_endless":false,"potions_floor_spawned":[2,6,10,11,16,18,20,24,29,37,38,42,45],"killed_by":"Shield and Spear","ascension_level":11}