{"gold_per_floor":[117,129,129,129,54,4,28,28,28,46,82,108,148,172,172,172],"floor_reached":16,"playtime":707,"items_purged":["Clumsy"],"score":116,"play_id":"10ad1a2e-e014-4906-b16f-004870bd617e","local_time":"20190106220441","is_ascension_mode":true,"campfire_choices":[{"data":"Armaments","floor":15,"key":"SMITH"}],"neow_cost":"CURSE","seed_source_timestamp":452252465210914,"circlet_count":0,"master_deck":["Strike_R+1","Strike_R","Strike_R","Strike_R","Strike_R+1","Defend_R","Defend_R","Defend_R","Bash","Shrug It Off","Evolve","True Grit","Inflame+1","Armaments+1","Corruption+1"],"relics":["Burning Blood","Incense Burner","Pen Nib","Golden Idol","Paper Frog","Frozen Egg 2","Charon\u0027s Ashes","Whetstone","Boot"],"potions_floor_usage":[13,13],"damage_taken":[{"damage":5,"enemies":"2 Louse","floor":1,"turns":4},{"damage":10,"enemies":"Small Slimes","floor":2,"turns":4},{"damage":7,"enemies":"Jaw Worm","floor":7,"turns":5},{"damage":10,"enemies":"Exordium Wildlife","floor":10,"turns":5},{"damage":36,"enemies":"Lagavulin","floor":11,"turns":10},{"damage":1,"enemies":"Gremlin Nob","floor":13,"turns":3},{"damage":2,"enemies":"Blue Slaver","floor":14,"turns":3},{"damage":29,"enemies":"Hexaghost","floor":16,"turns":9}],"seed_played":"-4182616292061868983","potions_obtained":[{"floor":2,"key":"Regen Potion"},{"floor":7,"key":"Strength Potion"},{"floor":11,"key":"Explosive Potion"}],"is_trial":false,"path_per_floor":["M","M","?","?","$","?","M","T","T","M","E","T","E","M","R","B"],"character_chosen":"IRONCLAD","items_purchased":[],"campfire_rested":0,"item_purchase_floors":[],"current_hp_per_floor":[80,76,64,44,44,44,43,43,43,39,9,9,23,27,27,0],"gold":172,"neow_bonus":"ONE_RARE_RELIC","is_prod":false,"is_daily":false,"chose_seed":false,"campfire_upgraded":1,"win_rate":0,"timestamp":1546841081,"path_taken":["M","M","?","?","$","?","?","?","T","M","E","?","E","?","R","BOSS"],"build_version":"2019-01-03v4","purchased_purges":1,"victory":false,"max_hp_per_floor":[80,80,80,80,80,80,80,80,80,80,80,80,80,80,80,80],"card_choices":[{"not_picked":["Uppercut","Armaments","Fire Breathing"],"picked":"SKIP","floor":1},{"not_picked":["Shockwave","Pommel Strike"],"picked":"Shrug It Off","floor":2},{"not_picked":["Havoc","Infernal Blade"],"picked":"Evolve","floor":7},{"not_picked":["Carnage","Warcry"],"picked":"True Grit","floor":10},{"not_picked":["Entrench","Clothesline"],"picked":"Inflame+1","floor":11},{"not_picked":["Juggernaut+1","Impervious"],"picked":"Armaments","floor":13},{"not_picked":["Headbutt","Pummel"],"picked":"Corruption+1","floor":14}],"player_experience":149890,"relics_obtained":[{"floor":8,"key":"Paper Frog"},{"floor":9,"key":"Frozen Egg 2"},{"floor":11,"key":"Charon\u0027s Ashes"},{"floor":12,"key":"Whetstone"},{"floor":13,"key":"Boot"}],"event_choices":[{"damage_healed":0,"gold_gain":0,"player_choice":"Success","damage_taken":12,"relics_obtained":["Pen Nib"],"max_hp_gain":0,"max_hp_loss":0,"event_name":"Scrap Ooze","floor":3,"gold_loss":0},{"damage_healed":0,"gold_gain":0,"player_choice":"Take Damage","damage_taken":20,"relics_obtained":["Golden Idol"],"max_hp_gain":0,"max_hp_loss":0,"event_name":"Golden Idol","floor":4,"gold_loss":0},{"cards_removed":["Defend_R"],"damage_healed":0,"gold_gain":0,"player_choice":"Card Removal","damage_taken":0,"max_hp_gain":0,"max_hp_loss":0,"event_name":"The Cleric","floor":6,"gold_loss":50}],"is_beta":false,"boss_relics":[],"items_purged_floors":[5],"is_endless":false,"potions_floor_spawned":[2,7,11],"killed_by":"Hexaghost","ascension_level":1}