{"gold_per_floor":[110,185,360,285,250,280,280,290,340,365,378,378,411,426,426,503,503,522,522,522,348,366,366],"floor_reached":23,"playtime":979,"items_purged":["Doubt","Writhe"],"score":394,"play_id":"8fd3f687-555d-437a-bbc7-7a55f56bd247","local_time":"20190404132558","is_ascension_mode":true,"campfire_choices":[{"data":"Backstab","floor":12,"key":"SMITH"},{"data":"Sucker Punch","floor":15,"key":"SMITH"}],"neow_cost":"NONE","seed_source_timestamp":1691690975223971,"circlet_count":0,"master_deck":["AscendersBane","Defend_G","Defend_G","Defend_G","Defend_G","Defend_G","Strike_G","Strike_G","Strike_G","Strike_G+1","Strike_G","Survivor","Neutralize+1","Choke","Backstab+1","Dodge and Roll","Corpse Explosion","Sucker Punch+1","PiercingWail","Corpse Explosion","Cloak And Dagger","Footwork","Cloak And Dagger"],"relics":["Ring of the Snake","NeowsBlessing","Vajra","Happy Flower","Whetstone","Blood Vial","Calipers","WristBlade","Kunai","MutagenicStrength"],"potions_floor_usage":[23],"damage_taken":[{"damage":0,"enemies":"Jaw Worm","floor":1,"turns":1},{"damage":0,"enemies":"3 Sentries","floor":6,"turns":1},{"damage":0,"enemies":"Small Slimes","floor":8,"turns":1},{"damage":15,"enemies":"Lagavulin","floor":10,"turns":8},{"damage":0,"enemies":"2 Louse","floor":11,"turns":2},{"damage":9,"enemies":"Gremlin Nob","floor":13,"turns":3},{"damage":0,"enemies":"2 Fungi Beasts","floor":14,"turns":2},{"damage":27,"enemies":"The Guardian","floor":16,"turns":17},{"damage":0,"enemies":"3 Byrds","floor":18,"turns":2},{"damage":0,"enemies":"Chosen","floor":22,"turns":4},{"damage":66,"enemies":"Gremlin Leader","floor":23,"turns":8}],"seed_played":"8830249682168261390","potions_obtained":[{"floor":1,"key":"Energy Potion"},{"floor":13,"key":"SkillPotion"},{"floor":14,"key":"Weak Potion"}],"is_trial":false,"path_per_floor":["?","?","?","?","?","?"],"character_chosen":"THE_SILENT","items_purchased":["Footwork"],"campfire_rested":0,"item_purchase_floors":[21],"current_hp_per_floor":[59,48,48,48,64,64,64,64,64,49,51,51,44,46,46,21,55,57,57,57,57,59,0],"gold":366,"neow_bonus":"THREE_ENEMY_KILL","is_prod":false,"is_daily":false,"chose_seed":false,"campfire_upgraded":2,"win_rate":0,"timestamp":1554398758,"path_taken":["M","?","?","$","?","E","?","M","T","E","M","R","E","M","R","BOSS","M","?","?","$","M","E"],"build_version":"2019-01-23","purchased_purges":2,"victory":false,"max_hp_per_floor":[66,66,66,66,66,66,66,66,66,66,66,66,66,66,66,66,66,66,66,66,66,66,66],"card_choices":[{"not_picked":["Masterful Stab","Terror"],"picked":"Choke","floor":1},{"not_picked":["Calculated Gamble","Prepared"],"picked":"Backstab","floor":6},{"not_picked":["Catalyst","Prepared"],"picked":"Dodge and Roll","floor":8},{"not_picked":["Slice","Infinite Blades"],"picked":"Corpse Explosion","floor":10},{"not_picked":["Dodge and Roll","Terror"],"picked":"Sucker Punch","floor":11},{"not_picked":["Distraction","Acrobatics","Expertise"],"picked":"SKIP","floor":13},{"not_picked":["All Out Attack","Quick Slash"],"picked":"PiercingWail","floor":14},{"not_picked":["Bullet Time","Unload"],"picked":"Corpse Explosion","floor":16},{"not_picked":["Poisoned Stab+1","Dagger Spray"],"picked":"Cloak And Dagger","floor":18},{"not_picked":["Backflip","Flying Knee"],"picked":"Cloak And Dagger","floor":22}],"player_experience":1476604,"relics_obtained":[{"floor":6,"key":"Vajra"},{"floor":9,"key":"Whetstone"},{"floor":10,"key":"Blood Vial"},{"floor":13,"key":"Calipers"}],"event_choices":[{"damage_healed":0,"gold_gain":75,"player_choice":"Gather Gold","damage_taken":11,"max_hp_gain":0,"max_hp_loss":0,"event_name":"World of Goop","floor":2,"gold_loss":0},{"damage_healed":0,"gold_gain":175,"player_choice":"AGREE","damage_taken":0,"max_hp_gain":0,"max_hp_loss":0,"event_name":"Liars Game","floor":3,"gold_loss":0,"cards_obtained":["Doubt"]},{"damage_healed":16,"gold_gain":0,"player_choice":"Healed","damage_taken":0,"max_hp_gain":0,"max_hp_loss":0,"event_name":"The Cleric","floor":5,"gold_loss":35},{"damage_healed":0,"gold_gain":0,"player_choice":"Searched \u00271\u0027 times","damage_taken":0,"relics_obtained":["Happy Flower"],"max_hp_gain":0,"max_hp_loss":0,"event_name":"Dead Adventurer","floor":7,"gold_loss":0},{"damage_healed":0,"gold_gain":0,"player_choice":"Opened","damage_taken":0,"relics_obtained":["Kunai"],"max_hp_gain":0,"max_hp_loss":0,"event_name":"The Mausoleum","floor":19,"gold_loss":0,"cards_obtained":["Writhe"]},{"damage_healed":0,"gold_gain":0,"player_choice":"Inject Mutagens","damage_taken":0,"relics_obtained":["MutagenicStrength"],"max_hp_gain":0,"max_hp_loss":0,"event_name":"Drug Dealer","floor":20,"gold_loss":0}],"is_beta":false,"boss_relics":[{"not_picked":["Black Star","White Beast Statue"],"picked":"WristBlade"}],"items_purged_floors":[4,21],"is_endless":false,"potions_floor_spawned":[1,13,14,16],"killed_by":"Gremlin Leader","ascension_level":14}