{"gold_per_floor":[114,132,57,57,7,7,38,38,38,66,76,96,96,96,96,193,193,206,220,67,67,81,81,98,98],"floor_reached":25,"playtime":836,"items_purged":["Strike_R"],"score":261,"play_id":"0f627167-3ce9-40bd-b3ee-a9526db5295d","local_time":"20190107223750","is_ascension_mode":false,"campfire_choices":[{"data":"Bash","floor":6,"key":"SMITH"},{"data":"Strike_R","floor":8,"key":"SMITH"},{"data":"Defend_R","floor":13,"key":"SMITH"},{"floor":15,"key":"REST"},{"data":"Strike_R","floor":23,"key":"SMITH"}],"neow_cost":"NONE","seed_source_timestamp":540533388750290,"circlet_count":0,"master_deck":["Strike_R","Strike_R+1","Strike_R+1","Defend_R+1","Defend_R+1","Bash+1"],"relics":["Burning Blood","NeowsBlessing","Bag of Marbles","Kunai","Singing Bowl","Empty Cage","Omamori"],"potions_floor_usage":[19,22],"damage_taken":[{"damage":0,"enemies":"Cultist","floor":1,"turns":1},{"damage":0,"enemies":"2 Louse","floor":2,"turns":1},{"damage":0,"enemies":"Gremlin Nob","floor":7,"turns":1},{"damage":30,"enemies":"3 Sentries","floor":10,"turns":8},{"damage":5,"enemies":"Small Slimes","floor":11,"turns":3},{"damage":18,"enemies":"Gremlin Gang","floor":12,"turns":4},{"damage":62,"enemies":"Slime Boss","floor":16,"turns":17},{"damage":42,"enemies":"Shell Parasite","floor":18,"turns":7},{"damage":3,"enemies":"Chosen","floor":19,"turns":4},{"damage":3,"enemies":"Snecko","floor":22,"turns":4},{"damage":46,"enemies":"Chosen and Byrds","floor":24,"turns":9},{"damage":22,"enemies":"3 Cultists","floor":25,"turns":4}],"seed_played":"-7743163846369924139","potions_obtained":[{"floor":1,"key":"AttackPotion"},{"floor":10,"key":"Dexterity Potion"},{"floor":12,"key":"SpeedPotion"},{"floor":16,"key":"Fire Potion"},{"floor":22,"key":"Strength Potion"},{"floor":24,"key":"EssenceOfSteel"}],"is_trial":false,"path_per_floor":["M","M","$","$","?","R","E","R","T","E","M","M","R","$","R","B",null,"M","M","$","?","M","R","M","M"],"character_chosen":"IRONCLAD","items_purchased":["Omamori"],"campfire_rested":1,"item_purchase_floors":[20],"current_hp_per_floor":[80,80,80,80,80,80,80,80,80,58,61,51,51,51,76,22,88,54,59,59,59,64,64,26,4],"gold":98,"neow_bonus":"THREE_ENEMY_KILL","is_prod":false,"is_daily":false,"chose_seed":false,"campfire_upgraded":4,"win_rate":0,"timestamp":1546929470,"path_taken":["M","M","?","$","?","R","E","R","T","E","M","M","R","$","R","BOSS","M","M","$","?","M","R","M","M"],"build_version":"2019-01-03v4","purchased_purges":1,"victory":false,"max_hp_per_floor":[80,80,80,80,80,80,80,80,80,82,84,86,86,86,86,88,88,90,92,92,92,94,94,96,96],"card_choices":[{"not_picked":["Disarm","True Grit","Wild Strike"],"picked":"SKIP","floor":1},{"not_picked":["Wild Strike","Shockwave","Twin Strike"],"picked":"SKIP","floor":2},{"not_picked":["Armaments","Combust","Warcry"],"picked":"SKIP","floor":7},{"not_picked":["Twin Strike","Berserk","Rage"],"picked":"Singing Bowl","floor":10},{"not_picked":["Twin Strike","Iron Wave","Anger"],"picked":"Singing Bowl","floor":11},{"not_picked":["Clothesline","Heavy Blade","Flex"],"picked":"Singing Bowl","floor":12},{"not_picked":["Dark Embrace","Limit Break","Brutality"],"picked":"Singing Bowl","floor":16},{"not_picked":["Combust+1","Body Slam","Second Wind"],"picked":"Singing Bowl","floor":18},{"not_picked":["Sentinel","Clothesline","Flame Barrier"],"picked":"Singing Bowl","floor":19},{"not_picked":["Anger","Shockwave","True Grit"],"picked":"Singing Bowl","floor":22},{"not_picked":["Wild Strike","Battle Trance","Sever Soul"],"picked":"Singing Bowl","floor":24}],"player_experience":167599,"relics_obtained":[{"floor":7,"key":"Bag of Marbles"},{"floor":9,"key":"Kunai"},{"floor":10,"key":"Singing Bowl"}],"event_choices":[{"cards_removed":["Defend_R"],"damage_healed":0,"gold_gain":0,"player_choice":"Card Removal","damage_taken":0,"max_hp_gain":0,"max_hp_loss":0,"event_name":"The Cleric","floor":5,"gold_loss":50},{"damage_healed":0,"gold_gain":0,"player_choice":"Upgraded","damage_taken":0,"max_hp_gain":0,"max_hp_loss":0,"event_name":"Upgrade Shrine","floor":21,"gold_loss":0,"cards_upgraded":["Defend_R"]}],"is_beta":false,"boss_relics":[{"not_picked":["Busted Crown","Orrery"],"picked":"Empty Cage"}],"items_purged_floors":[3],"is_endless":false,"potions_floor_spawned":[1,10,12,16,22,24],"killed_by":"3 Cultists","ascension_level":0}