{"gold_per_floor":[118,118,6,23,23,23,39,72,72,104,104,115,115,141,141,241,241,241,241,241,241,241,241,241],"floor_reached":24,"playtime":1254,"items_purged":[],"score":338,"play_id":"edff7ba3-0776-46a0-a363-01ec97d380b8","local_time":"20190403155040","is_ascension_mode":true,"campfire_choices":[{"data":"Loop","floor":6,"key":"SMITH"},{"data":"Dualcast","floor":11,"key":"SMITH"},{"floor":15,"key":"REST"},{"floor":23,"key":"REST"}],"neow_cost":"TEN_PERCENT_HP_LOSS","seed_source_timestamp":1613697820440800,"circlet_count":0,"master_deck":["AscendersBane","Strike_B","Defend_B","Defend_B","Defend_B","Defend_B","Zap+1","Dualcast+1","Skim","Blizzard+1","Sweeping Beam+1","Glacier","Loop+1","Conserve Battery","Rip and Tear","Darkness","Compile Driver","Compile Driver","Buffer","Self Repair","Electrodynamics","Gash","Loop+1"],"relics":["Cracked Core","Sundial","Mercury Hourglass","PreservedInsect","Gambling Chip","Ectoplasm"],"potions_floor_usage":[14],"damage_taken":[{"damage":3,"enemies":"Jaw Worm","floor":1,"turns":5},{"damage":1,"enemies":"Small Slimes","floor":4,"turns":3},{"damage":0,"enemies":"2 Louse","floor":7,"turns":4},{"damage":14,"enemies":"Lagavulin","floor":8,"turns":8},{"damage":7,"enemies":"Gremlin Nob","floor":10,"turns":4},{"damage":6,"enemies":"Exordium Wildlife","floor":12,"turns":3},{"damage":6,"enemies":"3 Sentries","floor":14,"turns":3},{"damage":4,"enemies":"The Guardian","floor":16,"turns":9},{"damage":0,"enemies":"Chosen","floor":18,"turns":4},{"damage":1,"enemies":"Shell Parasite","floor":19,"turns":6},{"damage":36,"enemies":"Shelled Parasite and Fungi","floor":20,"turns":6},{"damage":21,"enemies":"Snake Plant","floor":21,"turns":5},{"damage":18,"enemies":"Centurion and Healer","floor":22,"turns":6},{"damage":32,"enemies":"Cultist and Chosen","floor":24,"turns":4}],"seed_played":"844574787517360296","potions_obtained":[{"floor":8,"key":"Strength Potion"},{"floor":12,"key":"PowerPotion"},{"floor":16,"key":"FearPotion"}],"is_trial":false,"path_per_floor":["?","?","?"],"character_chosen":"DEFECT","items_purchased":["Glacier","Loop"],"campfire_rested":2,"item_purchase_floors":[3,3],"current_hp_per_floor":[65,65,65,64,57,57,57,43,43,36,36,30,16,10,30,26,58,58,64,35,21,10,30,0],"gold":241,"neow_bonus":"TRANSFORM_TWO_CARDS","is_prod":false,"is_daily":false,"chose_seed":false,"campfire_upgraded":2,"win_rate":0,"timestamp":1554321040,"path_taken":["M","?","$","M","?","R","M","E","T","E","R","M","?","E","R","BOSS","M","M","M","M","M","R","M"],"build_version":"2019-01-23","purchased_purges":0,"victory":false,"max_hp_per_floor":[68,68,68,68,68,68,68,68,68,68,68,68,68,68,68,68,68,68,68,68,68,68,68,68],"card_choices":[{"not_picked":["Beam Cell","Steam"],"picked":"Sweeping Beam","floor":1},{"not_picked":["Streamline","Scrape"],"picked":"Conserve Battery","floor":4},{"not_picked":["Lockon","Turbo"],"picked":"Rip and Tear","floor":7},{"not_picked":["Recycle","Redo","Chaos"],"picked":"SKIP","floor":8},{"not_picked":["Conserve Battery","Fission"],"picked":"Darkness","floor":10},{"not_picked":["Turbo","Go for the Eyes"],"picked":"Compile Driver","floor":12},{"not_picked":["Static Discharge","Blizzard"],"picked":"Compile Driver","floor":14},{"not_picked":["All For One","Hyperbeam"],"picked":"Buffer","floor":16},{"not_picked":["Redo","Cold Snap"],"picked":"Self Repair","floor":18},{"not_picked":["Steam","Beam Cell"],"picked":"Electrodynamics","floor":19},{"not_picked":["Skim+1","Stack","Rebound"],"picked":"SKIP","floor":20},{"not_picked":["Skim","Sweeping Beam"],"picked":"Gash","floor":21},{"not_picked":["Cold Snap+1","Chaos"],"picked":"Loop+1","floor":22}],"player_experience":1429746,"relics_obtained":[{"floor":8,"key":"Sundial"},{"floor":9,"key":"Mercury Hourglass"},{"floor":10,"key":"PreservedInsect"},{"floor":14,"key":"Gambling Chip"}],"event_choices":[{"damage_healed":0,"gold_gain":0,"player_choice":"Grow","damage_taken":0,"max_hp_gain":0,"max_hp_loss":0,"event_name":"Living Wall","floor":2,"gold_loss":0,"cards_upgraded":["Zap"]},{"cards_removed":["Strike_B"],"damage_healed":0,"gold_gain":0,"player_choice":"Card Removal","damage_taken":7,"max_hp_gain":0,"max_hp_loss":0,"event_name":"Golden Wing","floor":5,"gold_loss":0},{"damage_healed":0,"gold_gain":0,"player_choice":"Entered Light","damage_taken":14,"max_hp_gain":0,"max_hp_loss":0,"event_name":"Shining Light","floor":13,"gold_loss":0,"cards_upgraded":["Blizzard","Sweeping Beam"]}],"is_beta":false,"boss_relics":[{"not_picked":["Lizard Tail","Tiny House"],"picked":"Ectoplasm"}],"items_purged_floors":[],"is_endless":false,"potions_floor_spawned":[8,12,16,18,19],"killed_by":"Cultist and Chosen","ascension_level":11}