{"gold_per_floor":[119,134,109,79,99,99,113,71,71,90,108,108,108,28,28,126,126,139,171,171],"floor_reached":20,"playtime":1122,"items_purged":[],"score":164,"play_id":"8fe2e118-e544-4e70-995e-83f407d54ec7","local_time":"20180730120344","is_ascension_mode":false,"campfire_choices":[{"data":"Redo","floor":6,"key":"SMITH"},{"floor":13,"key":"REST"},{"data":"Zap","floor":15,"key":"SMITH"}],"neow_cost":"NONE","seed_source_timestamp":324138487631762,"circlet_count":0,"master_deck":["Strike_B+1","Strike_B","Strike_B","Strike_B","Defend_B","Defend_B","Defend_B","Defend_B","Zap+1","Dualcast","Redo+1","Chill","Cold Snap","Conserve Battery","Self Repair","Coolheaded+1","Chill","Capacitor","Machine Learning","Ball Lightning"],"relics":["Cracked Core","Matryoshka","Inserter","Red Mask"],"potions_floor_usage":[5,16,20],"damage_taken":[{"damage":10,"enemies":"2 Louse","floor":1,"turns":3},{"damage":2,"enemies":"Cultist","floor":2,"turns":4},{"damage":1,"enemies":"Jaw Worm","floor":5,"turns":3},{"damage":0,"enemies":"Large Slime","floor":7,"turns":3},{"damage":6,"enemies":"3 Louse","floor":10,"turns":4},{"damage":13,"enemies":"Gremlin Gang","floor":11,"turns":6},{"damage":45,"enemies":"Slime Boss","floor":16,"turns":9},{"damage":23,"enemies":"Spheric Guardian","floor":18,"turns":6},{"damage":58,"floor":19,"turns":10},{"damage":13,"enemies":"3 Byrds","floor":20,"turns":2}],"seed_played":"-4074994924830635326","potions_obtained":[{"floor":2,"key":"SteroidPotion"},{"floor":4,"key":"Poison Potion"},{"floor":4,"key":"PowerPotion"},{"floor":10,"key":"GamblersBrew"},{"floor":19,"key":"Dexterity Potion"}],"is_trial":false,"path_per_floor":["M","M","$","?","M","R","M","?","T","M","M","?","R","$","R","B",null,"M","?"],"character_chosen":"DEFECT","items_purchased":["Conserve Battery","Capacitor"],"campfire_rested":1,"item_purchase_floors":[3,14],"current_hp_per_floor":[65,63,63,63,62,62,69,69,69,70,64,49,71,71,71,33,75,59,8,0],"gold":171,"neow_bonus":"THREE_CARDS","is_prod":false,"is_daily":false,"chose_seed":false,"campfire_upgraded":2,"win_rate":0,"timestamp":1532973824,"path_taken":["M","M","$","?","M","R","M","?","T","?","M","?","R","$","R","BOSS","M","?","M"],"build_version":"2018-07-26","purchased_purges":0,"victory":false,"max_hp_per_floor":[75,75,75,75,75,75,75,75,75,75,75,75,75,75,75,75,75,75,75,75],"card_choices":[{"not_picked":["Streamline","Stack"],"picked":"Redo","floor":0},{"not_picked":["Sweeping Beam","Storm"],"picked":"Chill","floor":1},{"not_picked":["Streamline","Hologram"],"picked":"Cold Snap","floor":2},{"not_picked":["Melter","Beam Cell"],"picked":"Self Repair","floor":5},{"not_picked":["Fusion","Self Repair"],"picked":"Coolheaded","floor":7},{"not_picked":["Rip and Tear","Stack","Compile Driver"],"picked":"SKIP","floor":10},{"not_picked":["Turbo","Steam"],"picked":"Chill","floor":11},{"not_picked":["Fission","Meteor Strike"],"picked":"Machine Learning","floor":16},{"not_picked":["Barrage","Aggregate","Steam"],"picked":"SKIP","floor":18},{"not_picked":["BootSequence","Beam Cell+1"],"picked":"Ball Lightning","floor":19}],"player_experience":94103,"relics_obtained":[{"floor":9,"key":"Matryoshka"},{"floor":19,"key":"Red Mask"}],"event_choices":[{"event_name":"The Woman in Blue","player_choice":"Bought 2 Potions","floor":4,"damage_taken":0},{"event_name":"World of Goop","player_choice":"Left","floor":8,"damage_taken":0},{"event_name":"Shining Light","player_choice":"Entered Light","floor":12,"damage_taken":0},{"event_name":"Masked Bandits","player_choice":"Fought over 139 gold","floor":19,"damage_taken":0}],"is_beta":false,"boss_relics":[{"not_picked":["Tiny House","Lizard Tail"],"picked":"Inserter"}],"items_purged_floors":[],"is_endless":false,"potions_floor_spawned":[2,10,11,19],"killed_by":"3 Byrds","ascension_level":0}