{"gold_per_floor":[118,136,150,168,182,182,207,207,207,307,317,317,337,363,363,442,442,459,470,487,487],"floor_reached":21,"playtime":1777,"items_purged":[],"score":322,"play_id":"4680b7d2-bd2e-43af-b381-c2d2c55daa35","local_time":"20190331174549","is_ascension_mode":true,"campfire_choices":[{"data":"Infinite Blades","floor":6,"key":"SMITH"},{"data":"Neutralize","floor":8,"key":"SMITH"},{"data":"Wraith Form v2","floor":12,"key":"SMITH"},{"floor":15,"key":"REST"}],"neow_cost":"NONE","seed_source_timestamp":1360884392151180,"circlet_count":0,"master_deck":["AscendersBane","Defend_G","Defend_G","Defend_G","Defend_G","Defend_G","Strike_G","Strike_G","Strike_G","Strike_G","Strike_G","Survivor","Neutralize+1","Infinite Blades+1","Dagger Spray","Dodge and Roll","Dash","Wraith Form v2+1","Slice","Dodge and Roll","Sucker Punch","After Image","Well Laid Plans+1","Reflex","Endless Agony"],"relics":["Ring of the Snake","Matryoshka","Orichalcum","Paper Crane","Pen Nib","HoveringKite"],"potions_floor_usage":[7,16,16,20,21,21],"damage_taken":[{"damage":1,"enemies":"Jaw Worm","floor":1,"turns":4},{"damage":0,"enemies":"Cultist","floor":2,"turns":4},{"damage":0,"enemies":"Small Slimes","floor":3,"turns":4},{"damage":4,"enemies":"Looter","floor":4,"turns":5},{"damage":6,"enemies":"3 Louse","floor":5,"turns":4},{"damage":15,"enemies":"Gremlin Nob","floor":7,"turns":6},{"damage":14,"enemies":"Lots of Slimes","floor":11,"turns":4},{"damage":0,"enemies":"Large Slime","floor":13,"turns":5},{"damage":18,"enemies":"3 Sentries","floor":14,"turns":7},{"damage":34,"enemies":"Slime Boss","floor":16,"turns":15},{"damage":25,"enemies":"Chosen","floor":18,"turns":7},{"damage":27,"enemies":"Spheric Guardian","floor":19,"turns":8},{"damage":17,"enemies":"Centurion and Healer","floor":20,"turns":14},{"damage":15,"enemies":"Cultist and Chosen","floor":21,"turns":5}],"seed_played":"-7079206368426284025","potions_obtained":[{"floor":2,"key":"Weak Potion"},{"floor":7,"key":"Explosive Potion"},{"floor":11,"key":"Explosive Potion"},{"floor":16,"key":"Regen Potion"},{"floor":18,"key":"SpeedPotion"},{"floor":20,"key":"Dexterity Potion"}],"is_trial":false,"path_per_floor":["?","M"],"character_chosen":"THE_SILENT","items_purchased":[],"campfire_rested":1,"item_purchase_floors":[],"current_hp_per_floor":[69,69,69,65,59,59,44,44,44,44,30,30,30,12,35,1,58,33,6,4,0],"gold":487,"neow_bonus":"TEN_PERCENT_HP_BONUS","is_prod":false,"is_daily":false,"chose_seed":false,"campfire_upgraded":3,"win_rate":0,"timestamp":1554068749,"path_taken":["M","M","M","M","M","R","E","R","T","?","M","R","?","E","R","BOSS","M","M","M","M"],"build_version":"2019-01-23","purchased_purges":0,"victory":false,"max_hp_per_floor":[77,77,77,77,77,77,77,77,77,77,77,77,77,77,77,77,77,77,77,77,77],"card_choices":[{"not_picked":["Dagger Throw","Backflip"],"picked":"Infinite Blades","floor":1},{"not_picked":["Dodge and Roll","Escape Plan"],"picked":"Dagger Spray","floor":2},{"not_picked":["Outmaneuver","Underhanded Strike"],"picked":"Dodge and Roll","floor":3},{"not_picked":["Slice","Distraction"],"picked":"Dash","floor":4},{"not_picked":["PiercingWail","Dagger Spray"],"picked":"Wraith Form v2","floor":5},{"not_picked":["Blur","Outmaneuver"],"picked":"Slice","floor":7},{"not_picked":["Catalyst","Flechettes"],"picked":"Dodge and Roll","floor":11},{"not_picked":["All Out Attack","Blade Dance"],"picked":"Sucker Punch","floor":13},{"not_picked":["Eviscerate","Poisoned Stab","Deadly Poison"],"picked":"SKIP","floor":14},{"not_picked":["Night Terror","Bullet Time"],"picked":"After Image","floor":16},{"not_picked":["Underhanded Strike","Acrobatics"],"picked":"Well Laid Plans+1","floor":18},{"not_picked":["Cloak And Dagger","Underhanded Strike"],"picked":"Reflex","floor":19},{"not_picked":["Blade Dance","Finisher"],"picked":"Endless Agony","floor":20}],"player_experience":1341008,"relics_obtained":[{"floor":7,"key":"Matryoshka"},{"floor":9,"key":"Orichalcum"},{"floor":9,"key":"Paper Crane"},{"floor":14,"key":"Pen Nib"}],"event_choices":[{"damage_healed":0,"gold_gain":100,"player_choice":"Pray","damage_taken":0,"max_hp_gain":0,"max_hp_loss":0,"event_name":"Golden Shrine","floor":10,"gold_loss":0}],"is_beta":false,"boss_relics":[{"not_picked":["White Beast Statue","Fusion Hammer"],"picked":"HoveringKite"}],"items_purged_floors":[],"is_endless":false,"potions_floor_spawned":[2,7,11,16,18,20],"killed_by":"Cultist and Chosen","ascension_level":13}