{"gold_per_floor":[118,128,147,147,72,72,83,115,167,167,117,117,145,163,163,265,265,279,554,564,564],"floor_reached":21,"playtime":755,"items_purged":["Strike_R","Strike_R"],"score":227,"play_id":"eb8cded6-d708-4e7e-bcc4-55c146e5f43c","local_time":"20190108224641","is_ascension_mode":true,"campfire_choices":[{"data":"Searing Blow","floor":6.0,"key":"SMITH"},{"data":"Searing Blow+1","floor":10.0,"key":"SMITH"},{"floor":15.0,"key":"REST"}],"neow_cost":"NONE","seed_source_timestamp":627308118920879,"circlet_count":0,"master_deck":["Strike_R","Strike_R","Defend_R","Defend_R","Defend_R","Defend_R","Bash","Shrug It Off","Searing Blow+2","Headbutt","Shockwave","Evolve","Impervious","Ghostly Armor+1","Regret"],"special_seed":0,"relics":["Burning Blood","Darkstone Periapt","Smiling Mask","Ancient Tea Set","Bird Faced Urn","Velvet Choker"],"potions_floor_usage":[16,16],"damage_taken":[{"damage":5.0,"enemies":"2 Louse","floor":1.0,"turns":3.0},{"damage":8.0,"enemies":"Cultist","floor":2.0,"turns":4.0},{"damage":9.0,"enemies":"Jaw Worm","floor":3.0,"turns":4.0},{"damage":10.0,"enemies":"Red Slaver","floor":7.0,"turns":4.0},{"damage":24.0,"enemies":"Gremlin Nob","floor":8.0,"turns":4.0},{"damage":50.0,"enemies":"Lagavulin","floor":13.0,"turns":9.0},{"damage":13.0,"enemies":"Exordium Wildlife","floor":14.0,"turns":5.0},{"damage":36,"enemies":"Hexaghost","floor":16,"turns":9},{"damage":32,"enemies":"3 Byrds","floor":18,"turns":7},{"damage":40,"enemies":"Spheric Guardian","floor":20,"turns":7},{"damage":33,"enemies":"Shelled Parasite and Fungi","floor":21,"turns":5}],"seed_played":"8451316912920517395","potions_obtained":[{"floor":2.0,"key":"Energy Potion"},{"floor":8.0,"key":"Regen Potion"},{"floor":13.0,"key":"FearPotion"},{"floor":14.0,"key":"Energy Potion"}],"is_trial":false,"path_per_floor":["M","M","M","?","$","R","M","E","T","R","$","?","E","M","R","B",null,"M","?","M","M"],"character_chosen":"IRONCLAD","items_purchased":[],"campfire_rested":1,"item_purchase_floors":[],"current_hp_per_floor":[88,86,83,71,71,71,67,49,49,49,49,49,19,12,38,10,88,62,68,36,3],"gold":564,"neow_bonus":"TEN_PERCENT_HP_BONUS","is_prod":false,"is_daily":false,"chose_seed":false,"campfire_upgraded":2,"win_rate":0,"timestamp":1547016401,"path_taken":["M","M","M","?","$","R","M","E","T","R","$","?","E","?","R","BOSS","M","?","M","?"],"build_version":"2019-01-03v4","purchased_purges":2,"victory":false,"max_hp_per_floor":[88,88,88,88,88,88,88,88,88,88,88,88,88,88,88,88,88,88,94,94,94],"card_choices":[{"not_picked":["Second Wind","Thunderclap"],"picked":"Shrug It Off","floor":1.0},{"not_picked":["Rage","True Grit","Shrug It Off"],"picked":"SKIP","floor":2.0},{"not_picked":["Battle Trance","Sever Soul"],"picked":"Searing Blow","floor":3.0},{"not_picked":["Twin Strike","Shrug It Off"],"picked":"Headbutt","floor":7.0},{"not_picked":["Flex","Thunderclap"],"picked":"Shockwave","floor":8.0},{"not_picked":["Pommel Strike","Dropkick","Iron Wave"],"picked":"SKIP","floor":13.0},{"not_picked":["Flex","Cleave"],"picked":"Evolve","floor":14.0},{"not_picked":["Bludgeon","Feed"],"picked":"Impervious","floor":16},{"not_picked":["Iron Wave","Twin Strike"],"picked":"Ghostly Armor+1","floor":18},{"not_picked":["Flex","Anger+1","Infernal Blade"],"picked":"SKIP","floor":20}],"player_experience":177958,"relics_obtained":[{"floor":8.0,"key":"Smiling Mask"},{"floor":9.0,"key":"Ancient Tea Set"},{"floor":13.0,"key":"Bird Faced Urn"}],"event_choices":[{"damage_healed":0.0,"max_hp_gain":0.0,"max_hp_loss":0.0,"gold_gain":0.0,"event_name":"Scrap Ooze","player_choice":"Success","floor":4.0,"gold_loss":0.0,"damage_taken":12.0,"relics_obtained":["Darkstone Periapt"]},{"cards_removed":["Strike_R"],"damage_healed":0.0,"max_hp_gain":0.0,"max_hp_loss":0.0,"gold_gain":0.0,"event_name":"Purifier","player_choice":"Purged","floor":12.0,"gold_loss":0.0,"damage_taken":0.0},{"damage_healed":0,"gold_gain":275,"player_choice":"Desecrate","damage_taken":0,"max_hp_gain":0,"max_hp_loss":0,"event_name":"Golden Shrine","floor":19,"gold_loss":0,"cards_obtained":["Regret"]}],"is_beta":false,"boss_relics":[{"not_picked":["Black Blood","Tiny House"],"picked":"Velvet Choker"}],"items_purged_floors":[5,11],"is_endless":false,"potions_floor_spawned":[2,8,13,14],"killed_by":"Shelled Parasite and Fungi","ascension_level":4}