{"gold_per_floor":[110,121,121,121,145,145,160,185,185,17,35,49,49,63,63,63],"floor_reached":16,"playtime":1667,"items_purged":["Strike_G"],"score":94,"play_id":"9b02eb45-02e5-444d-bde5-e109938275c9","local_time":"20190328174807","is_ascension_mode":false,"campfire_choices":[{"floor":6,"key":"REST"},{"floor":13,"key":"REST"},{"data":"All Out Attack","floor":15,"key":"SMITH"}],"neow_cost":"NONE","seed_source_timestamp":1297002678895000,"circlet_count":0,"master_deck":["Defend_G","Defend_G","Defend_G","Defend_G","Defend_G","Strike_G","Strike_G","Strike_G","Strike_G","Survivor","Neutralize","Backflip","Backstab","Crippling Poison","Finesse","All Out Attack+1","Deflect","Adrenaline"],"relics":["Philosopher\u0027s Stone","Golden Idol","Blood Vial"],"potions_floor_usage":[],"damage_taken":[{"damage":0,"enemies":"Small Slimes","floor":1,"turns":3},{"damage":0,"enemies":"2 Louse","floor":2,"turns":4},{"damage":0,"enemies":"Jaw Worm","floor":5,"turns":3},{"damage":8,"enemies":"Blue Slaver","floor":7,"turns":4},{"damage":10,"enemies":"Large Slime","floor":11,"turns":10},{"damage":8,"enemies":"Looter","floor":12,"turns":2},{"damage":0,"enemies":"Red Slaver","floor":14,"turns":3},{"damage":79,"enemies":"Slime Boss","floor":16,"turns":15}],"seed_played":"-5332422296997908226","potions_obtained":[{"floor":2,"key":"EssenceOfSteel"},{"floor":11,"key":"Energy Potion"},{"floor":12,"key":"Poison Potion"}],"is_trial":false,"path_per_floor":["M","M","?","?","M","R","M","T","T","$","M","M","R","M","R","B"],"character_chosen":"THE_SILENT","items_purchased":["Finesse"],"campfire_rested":2,"item_purchase_floors":[10],"current_hp_per_floor":[70,70,75,57,57,75,67,67,67,67,59,53,75,75,75,0],"gold":63,"neow_bonus":"BOSS_RELIC","is_prod":false,"is_daily":false,"chose_seed":false,"campfire_upgraded":1,"win_rate":0.0,"timestamp":1553809687,"path_taken":["M","M","?","?","M","R","M","?","T","?","M","M","R","M","R","BOSS"],"build_version":"2019-01-23","purchased_purges":1,"victory":false,"max_hp_per_floor":[70,70,75,75,75,75,75,75,75,75,75,75,75,75,75,75],"card_choices":[{"not_picked":["Prepared","Endless Agony"],"picked":"Backflip","floor":1},{"not_picked":["Deadly Poison","Leg Sweep"],"picked":"Backstab","floor":2},{"not_picked":["Slice","Dagger Throw"],"picked":"Crippling Poison","floor":5},{"not_picked":["Prepared","Acrobatics","Slice"],"picked":"SKIP","floor":7},{"not_picked":["Dagger Spray","Acrobatics"],"picked":"All Out Attack","floor":11},{"not_picked":["Prepared","Dodge and Roll"],"picked":"Deflect","floor":12},{"not_picked":["Footwork","Reflex"],"picked":"Adrenaline","floor":14}],"player_experience":11031,"relics_obtained":[{"floor":8,"key":"Blood Vial"}],"event_choices":[{"damage_healed":0,"gold_gain":0,"player_choice":"Donut","damage_taken":0,"max_hp_gain":5,"max_hp_loss":0,"event_name":"Big Fish","floor":3,"gold_loss":0},{"damage_healed":0,"gold_gain":0,"player_choice":"Take Damage","damage_taken":18,"relics_obtained":["Golden Idol"],"max_hp_gain":0,"max_hp_loss":0,"event_name":"Golden Idol","floor":4,"gold_loss":0}],"is_beta":false,"boss_relics":[],"items_purged_floors":[10],"is_endless":false,"potions_floor_spawned":[2,11,12],"killed_by":"Slime Boss","ascension_level":0}