{"gold_per_floor":[110,122,122,140,65,97,97,129,129,17,47,47,47,59,59,59],"floor_reached":16,"playtime":1227,"items_purged":["Strike_G"],"score":218,"play_id":"31fa43a3-2e2a-4978-8ded-8bfb9bdd87cc","local_time":"20190408150815","is_ascension_mode":true,"campfire_choices":[{"data":"Deadly Poison","floor":7,"key":"SMITH"},{"floor":12,"key":"REST"},{"floor":15,"key":"REST"}],"neow_cost":"NONE","seed_source_timestamp":2043180990157235,"circlet_count":0,"master_deck":["AscendersBane","Defend_G","Defend_G","Defend_G","Defend_G","Defend_G","Strike_G","Strike_G","Strike_G","Survivor","Neutralize+1","Deadly Poison+1","Poisoned Stab","PiercingWail","Leg Sweep","Doppelganger","Well Laid Plans","Bullet Time"],"relics":["Ring of the Snake","Bag of Preparation","Darkstone Periapt","Boot","Gambling Chip"],"potions_floor_usage":[6,16],"damage_taken":[{"damage":4,"enemies":"Jaw Worm","floor":1,"turns":7},{"damage":4,"enemies":"2 Louse","floor":2,"turns":4},{"damage":0,"enemies":"Cultist","floor":4,"turns":3},{"damage":14,"enemies":"3 Sentries","floor":6,"turns":10},{"damage":17,"enemies":"Lagavulin","floor":8,"turns":7},{"damage":7,"enemies":"3 Sentries","floor":11,"turns":12},{"damage":3,"enemies":"Large Slime","floor":14,"turns":7},{"damage":51,"enemies":"Slime Boss","floor":16,"turns":10}],"seed_played":"-8974007508629020722","potions_obtained":[{"floor":0,"key":"Poison Potion"},{"floor":0,"key":"Ancient Potion"},{"floor":6,"key":"GhostInAJar"}],"is_trial":false,"path_per_floor":["?","?","$"],"character_chosen":"THE_SILENT","items_purchased":["Well Laid Plans"],"campfire_rested":2,"item_purchase_floors":[10],"current_hp_per_floor":[55,51,51,51,51,37,37,20,20,20,13,32,32,29,48,0],"gold":59,"neow_bonus":"THREE_SMALL_POTIONS","is_prod":false,"is_daily":false,"chose_seed":false,"campfire_upgraded":1,"win_rate":0,"timestamp":1554750495,"path_taken":["M","M","?","M","?","E","R","E","T","$","E","R","?","M","R","BOSS"],"build_version":"2019-01-23","purchased_purges":1,"victory":false,"max_hp_per_floor":[66,66,66,66,66,66,66,66,66,66,66,66,66,66,66,66],"card_choices":[{"not_picked":["Catalyst","Crippling Poison"],"picked":"Deadly Poison","floor":1},{"not_picked":["Distraction","Calculated Gamble"],"picked":"Poisoned Stab","floor":2},{"not_picked":["Acrobatics","Underhanded Strike"],"picked":"PiercingWail","floor":4},{"not_picked":["Setup","Distraction"],"picked":"Leg Sweep","floor":6},{"not_picked":["Terror","Sucker Punch"],"picked":"Doppelganger","floor":8},{"not_picked":["Blade Dance","Underhanded Strike"],"picked":"Bullet Time","floor":11},{"not_picked":["Blade Dance","Acrobatics","Poisoned Stab"],"picked":"SKIP","floor":14}],"player_experience":1613715,"relics_obtained":[{"floor":6,"key":"Bag of Preparation"},{"floor":8,"key":"Darkstone Periapt"},{"floor":9,"key":"Boot"},{"floor":11,"key":"Gambling Chip"}],"event_choices":[{"damage_healed":0,"gold_gain":0,"player_choice":"Grow","damage_taken":0,"max_hp_gain":0,"max_hp_loss":0,"event_name":"Living Wall","floor":3,"gold_loss":0,"cards_upgraded":["Neutralize"]},{"cards_removed":["Strike_G"],"damage_healed":0,"gold_gain":0,"player_choice":"Card Removal","damage_taken":0,"max_hp_gain":0,"max_hp_loss":0,"event_name":"The Cleric","floor":5,"gold_loss":75}],"is_beta":false,"boss_relics":[],"items_purged_floors":[10],"is_endless":false,"potions_floor_spawned":[2,6,8,14],"killed_by":"Slime Boss","ascension_level":17}