{"gold_per_floor":[114,127,146,160,171,171,181,197,197,216,227,35,35,48,48,153,153,173,193,211,229,229,229,229,154,179,179,191,191,191,207,207,207],"floor_reached":33,"playtime":2512,"items_purged":[],"score":272,"play_id":"c3dad3d5-a174-480d-a434-4c186fd4712f","local_time":"20190331222705","is_ascension_mode":false,"campfire_choices":[{"data":"Headbutt","floor":6,"key":"SMITH"},{"data":"Barricade","floor":13,"key":"SMITH"},{"data":"Corruption","floor":15,"key":"SMITH"},{"floor":23,"key":"REST"},{"floor":30,"key":"REST"},{"data":"Dark Embrace","floor":32,"key":"SMITH"}],"neow_cost":"NONE","seed_source_timestamp":1377025418253533,"circlet_count":0,"master_deck":["Strike_R","Strike_R","Strike_R","Strike_R","Defend_R","Defend_R","Defend_R","Defend_R","Bash","Reaper","Rampage","Flame Barrier","Headbutt+1","Anger","Armaments","Inflame","Reaper","Corruption+1","Barricade+1","Sentinel","Shrug It Off","Feed","Disarm","Disarm","Shockwave","Intimidate+1","Dark Embrace+1"],"relics":["Burning Blood"],"potions_floor_usage":[18,21,28,33,33,33],"damage_taken":[{"damage":0,"enemies":"2 Louse","floor":1,"turns":2},{"damage":0,"enemies":"Small Slimes","floor":2,"turns":3},{"damage":4,"enemies":"Cultist","floor":3,"turns":4},{"damage":11,"enemies":"Gremlin Gang","floor":4,"turns":8},{"damage":0,"enemies":"Exordium Wildlife","floor":5,"turns":5},{"damage":11,"enemies":"Lots of Slimes","floor":7,"turns":5},{"damage":13,"enemies":"Gremlin Gang","floor":8,"turns":5},{"damage":3,"enemies":"2 Fungi Beasts","floor":10,"turns":4},{"damage":6,"enemies":"Blue Slaver","floor":11,"turns":5},{"damage":10,"enemies":"Lots of Slimes","floor":14,"turns":4},{"damage":37,"enemies":"Slime Boss","floor":16,"turns":20},{"damage":58,"enemies":"Chosen","floor":18,"turns":11},{"damage":20,"enemies":"3 Byrds","floor":19,"turns":11},{"damage":30,"enemies":"Snake Plant","floor":20,"turns":14},{"damage":40,"enemies":"Centurion and Healer","floor":21,"turns":14},{"damage":65,"enemies":"Sentry and Sphere","floor":28,"turns":9},{"damage":14,"enemies":"Snake Plant","floor":31,"turns":7},{"damage":100,"enemies":"Automaton","floor":33,"turns":12}],"seed_played":"-4872411006027630165","potions_obtained":[{"floor":1,"key":"PowerPotion"},{"floor":3,"key":"Swift Potion"},{"floor":5,"key":"SteroidPotion"},{"floor":20,"key":"Explosive Potion"},{"floor":21,"key":"Explosive Potion"},{"floor":31,"key":"Weak Potion"}],"is_trial":false,"path_per_floor":["?","?","?","?","T","M"],"character_chosen":"IRONCLAD","items_purchased":["Barricade","Sentinel"],"campfire_rested":2,"item_purchase_floors":[12,12],"current_hp_per_floor":[80,80,80,80,80,80,80,77,77,80,80,80,80,80,80,61,80,33,35,24,23,23,49,49,49,49,49,9,9,36,44,44,0],"gold":207,"neow_bonus":"ONE_RANDOM_RARE_CARD","is_prod":false,"is_daily":false,"chose_seed":false,"campfire_upgraded":4,"win_rate":0,"timestamp":1554085625,"path_taken":["M","M","M","M","M","R","M","M","T","M","M","$","R","M","R","BOSS","M","M","M","M","?","R","?","?","T","?","M","?","R","?","R","BOSS"],"build_version":"2019-01-23","purchased_purges":0,"victory":false,"max_hp_per_floor":[80,80,80,80,80,80,80,80,80,80,80,80,80,80,80,80,80,80,83,86,89,89,89,89,89,89,89,93,93,93,96,96,96],"card_choices":[{"not_picked":["Whirlwind","Second Wind","Entrench"],"picked":"SKIP","floor":1},{"not_picked":["Iron Wave","Wild Strike"],"picked":"Rampage","floor":2},{"not_picked":["Evolve","Anger"],"picked":"Flame Barrier","floor":3},{"not_picked":["Dual Wield","Sentinel"],"picked":"Headbutt","floor":4},{"not_picked":["Heavy Blade","Rupture"],"picked":"Anger","floor":5},{"not_picked":["Shockwave","Anger"],"picked":"Armaments","floor":7},{"not_picked":["Iron Wave","Body Slam"],"picked":"Inflame","floor":8},{"not_picked":["Feel No Pain","Pummel"],"picked":"Reaper","floor":10},{"not_picked":["Perfected Strike","Cleave"],"picked":"Corruption","floor":11},{"not_picked":["Flex","Corruption"],"picked":"Shrug It Off","floor":14},{"not_picked":["Juggernaut","Exhume"],"picked":"Feed","floor":16},{"not_picked":["Wild Strike+1","Iron Wave"],"picked":"Disarm","floor":18},{"not_picked":["Havoc","Dual Wield"],"picked":"Disarm","floor":19},{"not_picked":["Reckless Charge","Clothesline"],"picked":"Shockwave","floor":20},{"not_picked":["Thunderclap+1","Bloodletting","Clash"],"picked":"SKIP","floor":21},{"not_picked":["Clash","Reckless Charge"],"picked":"Intimidate+1","floor":28},{"not_picked":["Wild Strike","Iron Wave"],"picked":"Dark Embrace","floor":31}],"player_experience":1356914,"relics_obtained":[],"event_choices":[{"damage_healed":0,"gold_gain":0,"player_choice":"Ignored","damage_taken":0,"max_hp_gain":0,"max_hp_loss":0,"event_name":"Cursed Tome","floor":24,"gold_loss":0},{"cards_removed":["Strike_R"],"damage_healed":0,"gold_gain":0,"player_choice":"Gave Gold","damage_taken":0,"max_hp_gain":0,"max_hp_loss":0,"event_name":"Beggar","floor":25,"gold_loss":75},{"damage_healed":0,"gold_gain":0,"player_choice":"Ignored","damage_taken":0,"max_hp_gain":0,"max_hp_loss":0,"event_name":"Vampires","floor":27,"gold_loss":0}],"is_beta":false,"boss_relics":[{"not_picked":["Tiny House","Astrolabe","Runic Dome"]}],"items_purged_floors":[],"is_endless":false,"potions_floor_spawned":[1,3,5,7,10,11,20,21,31],"killed_by":"Automaton","ascension_level":0}