{"gold_per_floor":[116,127,302,252,224,254,254,279,279,279,306,166,193,208,208,306,356,324,324,239,249,249,249],"floor_reached":23,"playtime":982,"items_purged":[],"score":254,"play_id":"76837b20-7932-4123-b0cb-df199aa9cf31","local_time":"20181023100348","is_ascension_mode":true,"campfire_choices":[{"floor":7,"key":"REST"},{"floor":10,"key":"REST"},{"floor":15,"key":"REST"}],"neow_cost":"NONE","seed_source_timestamp":1095331585337563,"circlet_count":0,"master_deck":["Strike_R+1","Strike_R+1","Strike_R+1","Strike_R+1","Strike_R+1","Defend_R+1","Defend_R+1","Defend_R+1","Defend_R+1","Bash","Forethought","Entrench","Wild Strike","True Grit","Impervious","Shrug It Off","Anger","Fire Breathing+1","Wild Strike","Barricade","Havoc","Ghostly Armor","Armaments+1"],"relics":["Burning Blood","Lantern","Blood Vial","Sundial","Centennial Puzzle","Juzu Bracelet","Tiny House","Oddly Smooth Stone"],"potions_floor_usage":[16,16,19,19,23],"damage_taken":[{"damage":4,"enemies":"Jaw Worm","floor":1,"turns":4},{"damage":7,"enemies":"Small Slimes","floor":2,"turns":4},{"damage":46,"enemies":"Gremlin Nob","floor":6,"turns":5},{"damage":55,"enemies":"3 Sentries","floor":8,"turns":16},{"damage":2,"enemies":"2 Louse","floor":14,"turns":2},{"damage":52,"enemies":"Hexaghost","floor":16,"turns":12},{"damage":24,"enemies":"2 Thieves","floor":18,"turns":5},{"damage":0,"enemies":"Colosseum Slavers","floor":19,"turns":1},{"damage":20,"enemies":"Shell Parasite","floor":21,"turns":13},{"damage":76,"enemies":"Slavers","floor":23,"turns":5}],"seed_played":"3574542904803779960","potions_obtained":[{"floor":1,"key":"PowerPotion"},{"floor":8,"key":"Poison Potion"},{"floor":16,"key":"SmokeBomb"},{"floor":17,"key":"SteroidPotion"},{"floor":18,"key":"BloodPotion"},{"floor":21,"key":"SkillPotion"}],"is_trial":false,"path_per_floor":["M","M","?","?","?","E","R","E","T","R","T","$","T","M","R","B",null,"M","?","?","M","?"],"character_chosen":"IRONCLAD","items_purchased":["Shrug It Off","Anger","Fire Breathing"],"campfire_rested":3,"item_purchase_floors":[12,12,12],"current_hp_per_floor":[74,73,73,73,73,33,57,8,8,32,32,32,32,38,62,18,70,54,70,70,58,58,0],"gold":249,"neow_bonus":"RANDOM_COLORLESS","is_prod":false,"is_daily":false,"chose_seed":false,"campfire_upgraded":0,"win_rate":0,"timestamp":1540310628,"path_taken":["M","M","?","?","?","E","R","E","T","R","?","$","?","M","R","BOSS","M","?","?","M","?","E"],"build_version":"2018-10-18","purchased_purges":0,"victory":false,"max_hp_per_floor":[80,80,80,80,80,80,80,80,80,80,80,80,80,80,80,80,85,85,85,85,85,85,85],"card_choices":[{"not_picked":["Headbutt","Iron Wave"],"picked":"Entrench","floor":1},{"not_picked":["Warcry","Evolve"],"picked":"Wild Strike","floor":2},{"not_picked":["Dark Embrace","Iron Wave"],"picked":"True Grit","floor":6},{"not_picked":["Carnage","Blood for Blood"],"picked":"Impervious","floor":8},{"not_picked":["Hemokinesis","Fire Breathing"],"picked":"Wild Strike","floor":14},{"not_picked":["Immolate","Double Tap"],"picked":"Barricade","floor":16},{"not_picked":["Cleave","Clothesline"],"picked":"Havoc","floor":17},{"not_picked":["Havoc+1","Iron Wave"],"picked":"Ghostly Armor","floor":18},{"not_picked":["Twin Strike","Warcry"],"picked":"Armaments+1","floor":21}],"player_experience":765794,"relics_obtained":[{"floor":6,"key":"Lantern"},{"floor":8,"key":"Blood Vial"},{"floor":9,"key":"Sundial"},{"floor":11,"key":"Centennial Puzzle"},{"floor":13,"key":"Juzu Bracelet"}],"event_choices":[{"damage_healed":0,"gold_gain":175,"player_choice":"AGREE","damage_taken":0,"max_hp_gain":0,"max_hp_loss":0,"event_name":"Liars Game","floor":3,"gold_loss":0,"cards_obtained":["Doubt"]},{"cards_removed":["Doubt"],"damage_healed":0,"gold_gain":0,"player_choice":"Card Removal","damage_taken":0,"max_hp_gain":0,"max_hp_loss":0,"event_name":"The Cleric","floor":4,"gold_loss":50},{"damage_healed":0,"gold_gain":0,"player_choice":"Left Gold","damage_taken":0,"max_hp_gain":0,"max_hp_loss":0,"event_name":"World of Goop","floor":5,"gold_loss":28},{"damage_healed":0,"gold_gain":0,"player_choice":"Fight","damage_taken":0,"max_hp_gain":0,"max_hp_loss":0,"event_name":"Colosseum","floor":19,"gold_loss":0},{"damage_healed":0,"gold_gain":0,"player_choice":"Fled From Nobs","damage_taken":0,"max_hp_gain":0,"max_hp_loss":0,"event_name":"Colosseum","floor":19,"gold_loss":0},{"damage_healed":0,"gold_gain":0,"player_choice":"Obtained Relic","damage_taken":0,"relics_obtained":["Oddly Smooth Stone"],"max_hp_gain":0,"max_hp_loss":0,"event_name":"Addict","floor":20,"gold_loss":85},{"damage_healed":0,"gold_gain":0,"player_choice":"Simplicity","damage_taken":0,"max_hp_gain":0,"max_hp_loss":0,"event_name":"Back to Basics","floor":22,"gold_loss":0,"cards_upgraded":["Strike_R","Strike_R","Strike_R","Strike_R","Strike_R","Defend_R","Defend_R","Defend_R","Defend_R"]}],"is_beta":false,"boss_relics":[{"not_picked":["Pandora\u0027s Box","Runic Dome"],"picked":"Tiny House"}],"items_purged_floors":[],"is_endless":false,"potions_floor_spawned":[1,8,16,18,21],"killed_by":"Slavers","ascension_level":6}