{"gold_per_floor":[115,125,138,138,103,137,152,152],"floor_reached":8,"playtime":465,"items_purged":[],"score":96,"play_id":"b48bd038-7868-42bb-b271-9ddd9b3c7b8a","local_time":"20190403152851","is_ascension_mode":true,"campfire_choices":[],"neow_cost":"NONE","seed_source_timestamp":1613178785341427,"circlet_count":0,"master_deck":["AscendersBane","Defend_G","Defend_G","Defend_G","Defend_G","Defend_G","Strike_G","Strike_G","Strike_G","Strike_G","Strike_G","Survivor","Neutralize","Dash","Quick Slash","Quick Slash","Wraith Form v2","Leg Sweep"],"relics":["Ring of the Snake","Dream Catcher","Golden Idol","Bird Faced Urn"],"potions_floor_usage":[6],"damage_taken":[{"damage":4,"enemies":"Small Slimes","floor":1,"turns":5},{"damage":0,"enemies":"2 Louse","floor":2,"turns":3},{"damage":0,"enemies":"Jaw Worm","floor":3,"turns":5},{"damage":27,"enemies":"3 Sentries","floor":6,"turns":10},{"damage":5,"enemies":"2 Fungi Beasts","floor":7,"turns":4},{"damage":29,"enemies":"Lagavulin","floor":8,"turns":11}],"seed_played":"-797940711457017181","potions_obtained":[{"floor":1,"key":"Swift Potion"},{"floor":2,"key":"Poison Potion"}],"is_trial":false,"path_per_floor":["?","?","M"],"character_chosen":"THE_SILENT","items_purchased":[],"campfire_rested":0,"item_purchase_floors":[],"current_hp_per_floor":[59,59,59,42,59,32,27,0],"gold":152,"neow_bonus":"RANDOM_COMMON_RELIC","is_prod":false,"is_daily":false,"chose_seed":false,"campfire_upgraded":0,"win_rate":0,"timestamp":1554319731,"path_taken":["M","M","M","?","?","E","?","E"],"build_version":"2019-01-23","purchased_purges":0,"victory":false,"max_hp_per_floor":[70,70,70,70,70,70,70,70],"card_choices":[{"not_picked":["Backflip","Masterful Stab"],"picked":"Dash","floor":1},{"not_picked":["Prepared","Accuracy"],"picked":"Quick Slash","floor":2},{"not_picked":["Blade Dance","PiercingWail"],"picked":"Quick Slash","floor":3},{"not_picked":["Distraction","Setup"],"picked":"Wraith Form v2","floor":6},{"not_picked":["Prepared","Bane"],"picked":"Leg Sweep","floor":7}],"player_experience":1429281,"relics_obtained":[{"floor":6,"key":"Bird Faced Urn"}],"event_choices":[{"damage_healed":0,"gold_gain":0,"player_choice":"Take Damage","damage_taken":17,"relics_obtained":["Golden Idol"],"max_hp_gain":0,"max_hp_loss":0,"event_name":"Golden Idol","floor":4,"gold_loss":0},{"damage_healed":17,"gold_gain":0,"player_choice":"Healed","damage_taken":0,"max_hp_gain":0,"max_hp_loss":0,"event_name":"The Cleric","floor":5,"gold_loss":35}],"is_beta":false,"boss_relics":[],"items_purged_floors":[],"is_endless":false,"potions_floor_spawned":[1,2],"killed_by":"Lagavulin","ascension_level":13}