{"gold_per_floor":[114,114,114,125,140,171,185,195,195,51,70,87,87,12,12,114,114,125,145,159,59,75,75],"floor_reached":23,"playtime":2241,"items_purged":["Strike_B"],"score":197,"play_id":"3368921b-7bf5-4b8b-a2c5-49d3497f3bb2","local_time":"20180804024340","is_ascension_mode":false,"campfire_choices":[{"floor":15,"key":"REST"}],"neow_cost":"NONE","seed_source_timestamp":232152549386545,"circlet_count":0,"master_deck":["Strike_B","Defend_B+1","Zap+1","Dualcast+1","Conserve Battery","Genetic Algorithm","Defragment","Sunder","Streamline","All For One","Blizzard","Defragment","Fission","Thunder Strike+1","Steam Power+1","Core Surge+1","Chill+1","Compile Driver","Lockon+1","Jack Of All Trades","Skim+1"],"relics":["Empty Cage","Omamori","Pantograph","Blood Vial","Astrolabe"],"potions_floor_usage":[16,16,16,20,23],"damage_taken":[{"damage":15,"enemies":"Cultist","floor":1,"turns":4},{"damage":0,"enemies":"2 Louse","floor":4,"turns":3},{"damage":0,"enemies":"Jaw Worm","floor":5,"turns":4},{"damage":17,"enemies":"Lagavulin","floor":6,"turns":8},{"damage":8,"enemies":"2 Fungi Beasts","floor":7,"turns":4},{"damage":0,"enemies":"3 Louse","floor":8,"turns":2},{"damage":3,"enemies":"Looter","floor":11,"turns":2},{"damage":5,"enemies":"Blue Slaver","floor":12,"turns":3},{"damage":58,"enemies":"Hexaghost","floor":16,"turns":11},{"damage":12,"enemies":"Chosen","floor":18,"turns":4},{"damage":18,"enemies":"2 Thieves","floor":19,"turns":4},{"damage":40,"enemies":"Snake Plant","floor":20,"turns":5},{"damage":9,"enemies":"Snecko","floor":22,"turns":6},{"damage":10,"enemies":"Gremlin Leader","floor":23,"turns":4}],"seed_played":"-2329379964501777897","potions_obtained":[{"floor":6,"key":"LiquidBronze"},{"floor":8,"key":"SpeedPotion"},{"floor":12,"key":"Fire Potion"},{"floor":13,"key":"Strength Potion"},{"floor":16,"key":"SkillPotion"},{"floor":20,"key":"Ancient Potion"}],"is_trial":false,"path_per_floor":["M","?","?","M","M","E","M","M","T","$","M","M","?","$","R","B",null,"M","M","M","$","M"],"character_chosen":"DEFECT","items_purchased":["Blood Vial","Jack Of All Trades"],"campfire_rested":1,"item_purchase_floors":[10,21],"current_hp_per_floor":[60,45,45,45,45,28,20,20,20,20,19,16,16,16,38,7,75,63,47,9,9,2,0],"gold":75,"neow_bonus":"BOSS_RELIC","is_prod":false,"is_daily":false,"chose_seed":false,"campfire_upgraded":0,"win_rate":0,"timestamp":1533372220,"path_taken":["M","?","?","M","M","E","M","M","T","?","?","M","?","$","R","BOSS","M","?","M","$","M","E"],"build_version":"2018-08-02","purchased_purges":1,"victory":false,"max_hp_per_floor":[75,75,75,75,75,75,75,75,75,75,75,75,75,75,75,75,75,75,75,75,75,75,75],"card_choices":[{"not_picked":["Sweeping Beam","Beam Cell"],"picked":"Conserve Battery","floor":1},{"not_picked":["Coolheaded","Ball Lightning"],"picked":"Genetic Algorithm","floor":4},{"not_picked":["Undo","Conserve Battery"],"picked":"Defragment","floor":5},{"not_picked":["Tempest","Scrape"],"picked":"Sunder","floor":6},{"not_picked":["Hologram","Reinforced Body"],"picked":"Streamline","floor":7},{"not_picked":["Sweeping Beam","Compile Driver"],"picked":"All For One","floor":8},{"not_picked":["Double Energy","FTL"],"picked":"Blizzard","floor":11},{"not_picked":["Hologram","Gash"],"picked":"Defragment","floor":12},{"not_picked":["Echo Form","Creative AI"],"picked":"Fission","floor":16},{"not_picked":["Streamline","Leap"],"picked":"Chill+1","floor":18},{"not_picked":["Leap","Ball Lightning+1"],"picked":"Compile Driver","floor":19},{"not_picked":["Beam Cell","Storm"],"picked":"Lockon+1","floor":20},{"not_picked":["Beam Cell+1","Hologram"],"picked":"Skim+1","floor":22}],"player_experience":177417,"relics_obtained":[{"floor":6,"key":"Omamori"},{"floor":9,"key":"Pantograph"}],"event_choices":[{"event_name":"Shining Light","player_choice":"Entered Light","floor":2,"damage_taken":0},{"event_name":"Living Wall","player_choice":"Grow","floor":3,"damage_taken":0},{"event_name":"The Lab","player_choice":"Got Potions","floor":13,"damage_taken":0}],"is_beta":false,"boss_relics":[{"not_picked":["Cursed Key","Calling Bell"],"picked":"Astrolabe"}],"items_purged_floors":[14],"is_endless":false,"potions_floor_spawned":[6,8,12,16,20],"killed_by":"Gremlin Leader","ascension_level":0}