{"gold_per_floor":[137,175,213,213,251,251,289,364,364,14,52,104,104,104,104,354,354,392,430,529,82,120,120,120],"floor_reached":24,"playtime":959,"items_purged":["Strike_G"],"score":198,"play_id":"fb08a721-84ac-438a-829b-64a09375c2e8","local_time":"20181029013513","daily_mods":["Heirloom","Diverse","MonsterHunter"],"is_ascension_mode":false,"campfire_choices":[{"floor":6,"key":"REST"},{"floor":13,"key":"REST"},{"data":"Beam Cell","floor":15,"key":"SMITH"},{"floor":23,"key":"REST"}],"neow_cost":"","seed_source_timestamp":0,"circlet_count":0,"master_deck":["Defend_G","Defend_G","Defend_G","Defend_G","Defend_G","Strike_G","Strike_G","Strike_G","Strike_G","Survivor","Neutralize","Clash","Rebound","Beam Cell+1","Cloak And Dagger","Clash","Hyperbeam","Thunderclap","Demon Form","Acrobatics","Self Repair"],"special_seed":17833,"relics":["Ring of the Snake","Peace Pipe","Kunai","Centennial Puzzle","Dodecahedron","Toolbox","Juzu Bracelet","Lizard Tail","Happy Flower"],"potions_floor_usage":[8,16,24,24,24,24,24],"damage_taken":[{"damage":16,"enemies":"Cultist","floor":1,"turns":6},{"damage":0,"enemies":"Small Slimes","floor":2,"turns":4},{"damage":0,"enemies":"2 Louse","floor":3,"turns":4},{"damage":7,"enemies":"Lots of Slimes","floor":5,"turns":7},{"damage":7,"enemies":"Blue Slaver","floor":7,"turns":5},{"damage":24,"enemies":"Gremlin Nob","floor":8,"turns":5},{"damage":2,"enemies":"Looter","floor":11,"turns":3},{"damage":28,"enemies":"Slime Boss","floor":16,"turns":12},{"damage":32,"enemies":"2 Thieves","floor":18,"turns":4},{"damage":14,"enemies":"Chosen","floor":19,"turns":4},{"damage":52,"enemies":"Shelled Parasite and Fungi","floor":22,"turns":14},{"damage":40,"enemies":"Colosseum Slavers","floor":24,"turns":3}],"seed_played":"-1143866258771799124","potions_obtained":[{"floor":3,"key":"Dexterity Potion"},{"floor":5,"key":"Energy Potion"},{"floor":7,"key":"Weak Potion"},{"floor":11,"key":"LiquidBronze"},{"floor":18,"key":"Poison Potion"}],"is_trial":false,"path_per_floor":["M","M","M","T","M","R","M","E","T","$","M","?","R","?","R","B",null,"M","M","?","$","M","R"],"character_chosen":"THE_SILENT","items_purchased":["Toolbox","Juzu Bracelet","EntropicBrew","Happy Flower","Self Repair","Dexterity Potion"],"campfire_rested":3,"item_purchase_floors":[10,10,21,21,21,21],"current_hp_per_floor":[54,54,54,54,47,68,61,37,37,37,35,35,56,56,56,28,70,38,24,24,24,16,37,0],"gold":120,"neow_bonus":"","is_prod":false,"is_daily":true,"chose_seed":false,"campfire_upgraded":1,"win_rate":0,"timestamp":1540791313,"path_taken":["M","M","M","?","M","R","M","E","T","$","M","?","R","?","R","BOSS","M","M","?","$","M","R","?"],"build_version":"2018-10-25v2","purchased_purges":1,"victory":false,"max_hp_per_floor":[70,70,70,70,70,70,70,70,70,70,70,70,70,70,70,70,70,70,70,70,70,70,70,70],"card_choices":[{"not_picked":["Compile Driver","Noxious Fumes"],"picked":"Clash","floor":1},{"not_picked":["Sentinel","Dodge and Roll"],"picked":"Rebound","floor":2},{"not_picked":["Warcry","Sword Boomerang"],"picked":"Beam Cell","floor":3},{"not_picked":["Underhanded Strike","Capacitor"],"picked":"Cloak And Dagger","floor":5},{"not_picked":["Poisoned Stab","Eviscerate"],"picked":"Clash","floor":7},{"not_picked":["Fusion","Wild Strike"],"picked":"Hyperbeam","floor":8},{"not_picked":["Slice","Streamline"],"picked":"Thunderclap","floor":11},{"not_picked":["Grand Finale","Envenom"],"picked":"Demon Form","floor":16},{"not_picked":["Sucker Punch","Barrage+1","Tactician"],"picked":"SKIP","floor":18},{"not_picked":["Aggregate","Rebound"],"picked":"Acrobatics","floor":19},{"not_picked":["Thunderclap","Flex","Sentinel"],"picked":"SKIP","floor":22}],"player_experience":422113,"relics_obtained":[{"floor":4,"key":"Kunai"},{"floor":8,"key":"Centennial Puzzle"},{"floor":9,"key":"Dodecahedron"}],"event_choices":[{"damage_healed":0,"gold_gain":52,"player_choice":"Gained Gold","damage_taken":0,"max_hp_gain":0,"max_hp_loss":0,"event_name":"Golden Wing","floor":12,"gold_loss":0},{"damage_healed":0,"gold_gain":0,"player_choice":"Ignored","damage_taken":0,"max_hp_gain":0,"max_hp_loss":0,"event_name":"Liars Game","floor":14,"gold_loss":0},{"damage_healed":0,"gold_gain":99,"player_choice":"Stole From Cult","damage_taken":0,"max_hp_gain":0,"max_hp_loss":0,"event_name":"Nest","floor":20,"gold_loss":0},{"damage_healed":0,"gold_gain":0,"player_choice":"Fight","damage_taken":0,"max_hp_gain":0,"max_hp_loss":0,"event_name":"Colosseum","floor":24,"gold_loss":0}],"is_beta":true,"boss_relics":[{"not_picked":["HoveringKite","Velvet Choker"],"picked":"Lizard Tail"}],"items_purged_floors":[21],"is_endless":false,"potions_floor_spawned":[3,5,7,11,18,22],"killed_by":"Colosseum Slavers","ascension_level":0}