{"gold_per_floor":[210,210,221,22,40,40,65,65,65,84,15,30,45,75,75,175,175,175],"floor_reached":18,"playtime":689,"items_purged":[],"score":206,"play_id":"1a94342c-8a6f-4c2e-9fb8-f8bb82dd673d","local_time":"20190110182031","is_ascension_mode":true,"campfire_choices":[{"data":"Clothesline","floor":6.0,"key":"SMITH"},{"floor":15.0,"key":"REST"}],"neow_cost":"NONE","seed_source_timestamp":0,"circlet_count":0,"master_deck":["Strike_R","Strike_R","Strike_R","Strike_R","Strike_R","Defend_R","Defend_R","Defend_R","Bash","Iron Wave","Clothesline+1","Shrug It Off","Reaper","Thunderclap","Evolve","Headbutt","Double Tap","Body Slam","Entrench","Shockwave"],"special_seed":0,"relics":["Burning Blood","Medical Kit","Meat on the Bone","Strawberry","Shovel","Orrery"],"potions_floor_usage":[],"damage_taken":[{"damage":4.0,"enemies":"2 Louse","floor":1.0,"turns":3.0},{"damage":1.0,"enemies":"Cultist","floor":3.0,"turns":4.0},{"damage":9.0,"enemies":"Small Slimes","floor":5.0,"turns":4.0},{"damage":18.0,"enemies":"Gremlin Nob","floor":7.0,"turns":4.0},{"damage":3.0,"enemies":"Looter","floor":10.0,"turns":4.0},{"damage":11.0,"enemies":"2 Fungi Beasts","floor":12.0,"turns":5.0},{"damage":27.0,"enemies":"Large Slime","floor":13.0,"turns":5.0},{"damage":33.0,"enemies":"Lagavulin","floor":14.0,"turns":7.0},{"damage":75.0,"enemies":"Slime Boss","floor":16.0,"turns":14.0},{"damage":0,"enemies":"Shell Parasite","floor":18,"turns":1}],"seed_played":"-5200010695142750777","potions_obtained":[{"floor":1.0,"key":"GamblersBrew"},{"floor":2.0,"key":"AttackPotion"},{"floor":2.0,"key":"Dexterity Potion"},{"floor":12.0,"key":"Explosive Potion"}],"is_trial":false,"path_per_floor":["M","?","M","$","M","R","E","?","T","M","$","M","M","E","R","B",null,"M"],"character_chosen":"IRONCLAD","items_purchased":["Medical Kit","Evolve"],"campfire_rested":1,"item_purchase_floors":[4,11],"current_hp_per_floor":[80,80,80,80,77,77,65,58,65,72,72,68,59,44,70,25,87,87],"gold":175,"neow_bonus":"HUNDRED_GOLD","is_prod":false,"is_daily":false,"chose_seed":false,"campfire_upgraded":1,"win_rate":0,"timestamp":1547173231,"path_taken":["M","?","M","$","?","R","E","?","T","M","$","M","M","E","R","BOSS","M"],"build_version":"2019-01-10","purchased_purges":0,"victory":false,"max_hp_per_floor":[80,80,80,80,80,80,80,80,87,87,87,87,87,87,87,87,87,87],"card_choices":[{"not_picked":["Carnage","Feel No Pain"],"picked":"Iron Wave","floor":1.0},{"not_picked":["Iron Wave","Havoc"],"picked":"Clothesline","floor":3.0},{"not_picked":["Pommel Strike","True Grit"],"picked":"Shrug It Off","floor":5.0},{"not_picked":["Wild Strike","Sword Boomerang"],"picked":"Reaper","floor":7.0},{"not_picked":["Wild Strike","Clash"],"picked":"Thunderclap","floor":10.0},{"not_picked":["Carnage","Armaments"],"picked":"Headbutt","floor":12.0},{"not_picked":["Wild Strike","Heavy Blade","Exhume"],"picked":"SKIP","floor":13.0},{"not_picked":["Iron Wave","Flex","Warcry"],"picked":"SKIP","floor":14.0},{"not_picked":["Offering","Brutality"],"picked":"Double Tap","floor":16.0},{"not_picked":["Shrug It Off","Clothesline"],"picked":"Body Slam","floor":17.0},{"not_picked":["Thunderclap","Evolve"],"picked":"Entrench","floor":17.0},{"not_picked":["Seeing Red","Evolve"],"picked":"Shockwave","floor":17.0}],"player_experience":202608,"relics_obtained":[{"floor":7.0,"key":"Meat on the Bone"},{"floor":9.0,"key":"Strawberry"},{"floor":14.0,"key":"Shovel"}],"event_choices":[{"damage_healed":0.0,"max_hp_gain":0.0,"max_hp_loss":0.0,"gold_gain":0.0,"event_name":"Lab","player_choice":"Got Potions","floor":2.0,"gold_loss":0.0,"damage_taken":0.0},{"cards_removed":["Defend_R"],"damage_healed":0.0,"max_hp_gain":0.0,"max_hp_loss":0.0,"gold_gain":0.0,"event_name":"Golden Wing","player_choice":"Card Removal","floor":8.0,"gold_loss":0.0,"damage_taken":7.0}],"is_beta":false,"boss_relics":[{"not_picked":["Fusion Hammer","Astrolabe"],"picked":"Orrery"}],"items_purged_floors":[],"is_endless":false,"potions_floor_spawned":[1,5,10,12],"killed_by":"Shell Parasite","ascension_level":4}