{"gold_per_floor":[110,110,127,127,202,232,232,261,309,321,333,345,386,398,410,422],"floor_reached":16,"playtime":417,"items_purged":[],"score":139,"play_id":"af3f29d8-dfcd-4f01-bfeb-8f4baca88553","local_time":"20190117074915","is_ascension_mode":false,"campfire_choices":[{"data":"blackbeard:Dagger","floor":7,"key":"SMITH"},{"floor":10,"key":"REST"},{"floor":12,"key":"REST"},{"data":"blackbeard:Halberd","floor":15,"key":"SMITH"}],"neow_cost":"NONE","seed_source_timestamp":141518436904479,"circlet_count":0,"master_deck":["blackbeard:StrikeBlackbeard+1","blackbeard:StrikeBlackbeard","blackbeard:StrikeBlackbeard","blackbeard:StrikeBlackbeard","blackbeard:IntimidatingStrike","blackbeard:DefendBlackbeard","blackbeard:DefendBlackbeard","blackbeard:DefendBlackbeard+1","blackbeard:DefendBlackbeard","blackbeard:Cutlass+1","blackbeard:BlindAttacks","blackbeard:InfiniteBarrage","blackbeard:Dagger+1","blackbeard:BeatUp","blackbeard:Sword","blackbeard:Halberd+1"],"relics":["blackbeard:LoadTheCannons","NeowsBlessing","Boot","Oddly Smooth Stone","MawBank","Lantern"],"potions_floor_usage":[16],"damage_taken":[{"damage":0,"enemies":"Jaw Worm","floor":1,"turns":1},{"damage":0,"enemies":"Cultist","floor":3,"turns":1},{"damage":0,"enemies":"Lagavulin","floor":6,"turns":1},{"damage":28,"enemies":"Gremlin Nob","floor":8,"turns":4},{"damage":27,"enemies":"3 Sentries","floor":13,"turns":6},{"damage":38,"enemies":"The Guardian","floor":16,"turns":7}],"seed_played":"-623726053771945942","potions_obtained":[{"floor":3,"key":"PowerPotion"},{"floor":6,"key":"SpeedPotion"},{"floor":8,"key":"SpeedPotion"}],"is_trial":false,"path_per_floor":["M","?","M","?","?","E","R","E","T","R","$","R","E","?","R","B"],"character_chosen":"BLACKBEARD_CLASS","items_purchased":[],"campfire_rested":2,"item_purchase_floors":[],"current_hp_per_floor":[75,75,75,60,49,49,49,21,21,43,43,65,38,38,38,0],"gold":422,"neow_bonus":"THREE_ENEMY_KILL","is_prod":false,"is_daily":false,"chose_seed":false,"campfire_upgraded":2,"win_rate":0.0,"timestamp":1547729355,"path_taken":["M","?","?","?","?","E","R","E","T","R","$","R","E","?","R","BOSS"],"build_version":"2019-01-16","purchased_purges":0,"victory":false,"max_hp_per_floor":[75,75,75,75,75,75,75,75,75,75,75,75,75,75,75,75],"card_choices":[{"not_picked":["blackbeard:GhostInTheRum","blackbeard:SwordDance"],"picked":"blackbeard:BlindAttacks","floor":1},{"not_picked":["blackbeard:TacticalRetreat","blackbeard:WeaponProficiency"],"picked":"blackbeard:InfiniteBarrage","floor":3},{"not_picked":["blackbeard:Bandana","blackbeard:CloakAndCannonball"],"picked":"blackbeard:Dagger","floor":6},{"not_picked":["blackbeard:DelayedPain","blackbeard:ChaoticDefend"],"picked":"blackbeard:BeatUp","floor":8},{"not_picked":["blackbeard:BlindAttacks","blackbeard:DelayedPain"],"picked":"blackbeard:Sword","floor":13}],"player_experience":512665,"relics_obtained":[{"floor":6,"key":"Boot"},{"floor":8,"key":"Oddly Smooth Stone"},{"floor":9,"key":"MawBank"},{"floor":13,"key":"Lantern"}],"event_choices":[{"damage_healed":0,"gold_gain":0,"player_choice":"Upgraded","damage_taken":0,"max_hp_gain":0,"max_hp_loss":0,"event_name":"Upgrade Shrine","floor":2,"gold_loss":0,"cards_upgraded":["blackbeard:Cutlass"]},{"damage_healed":0,"gold_gain":0,"player_choice":"Entered Light","damage_taken":15,"max_hp_gain":0,"max_hp_loss":0,"event_name":"Shining Light","floor":4,"gold_loss":0,"cards_upgraded":["blackbeard:DefendBlackbeard","blackbeard:StrikeBlackbeard"]},{"damage_healed":0,"gold_gain":75,"player_choice":"Gather Gold","damage_taken":11,"max_hp_gain":0,"max_hp_loss":0,"event_name":"World of Goop","floor":5,"gold_loss":0},{"damage_healed":0,"gold_gain":0,"player_choice":"1 cards matched","damage_taken":0,"max_hp_gain":0,"max_hp_loss":0,"event_name":"Match and Keep!","floor":14,"gold_loss":0,"cards_obtained":["blackbeard:Halberd"]}],"is_beta":true,"boss_relics":[],"items_purged_floors":[],"is_endless":false,"potions_floor_spawned":[3,6,8],"killed_by":"The Guardian","ascension_level":0}