{"gold_per_floor":[116,116,126,201,218,245,245,255,255,266,280,307,307,318,318,416,416,434,83,112,212,230,230,249,249,321,335,153,164,176,101,101,203,203],"floor_reached":34,"playtime":2096,"items_purged":["Brutality","Offering+1"],"score":366,"play_id":"d546d810-04e8-4649-b456-300a0074b7b3","local_time":"20190211095249","is_ascension_mode":false,"campfire_choices":[{"floor":7,"key":"REST"},{"floor":15,"key":"REST"},{"data":"Mayhem","floor":23,"key":"SMITH"},{"data":"Panache","floor":32,"key":"SMITH"}],"neow_cost":"NONE","seed_source_timestamp":334642956116123,"circlet_count":0,"master_deck":["Bash","Headbutt","Anger","Cleave","Anger","Shrug It Off","Armaments+1","Clash","True Grit+1","Feed","Clothesline","Sentinel+1","Dual Wield+1","Pummel","Clash","Mayhem+1","Pommel Strike+1","Metallicize+1","Deep Breath+1","Panache+1","Iron Wave","Clash"],"relics":["Burning Blood","Du-Vu Doll","Toxic Egg 2","Gremlin Horn","GremlinMask","Pandora\u0027s Box","Membership Card","Red Mask","Enchiridion","Sundial","Fusion Hammer"],"potions_floor_usage":[20,20,29],"damage_taken":[{"damage":0,"enemies":"Small Slimes","floor":1,"turns":4},{"damage":2,"enemies":"2 Louse","floor":3,"turns":3},{"damage":0,"enemies":"Cultist","floor":5,"turns":2},{"damage":39,"enemies":"3 Sentries","floor":6,"turns":8},{"damage":12,"enemies":"Exordium Wildlife","floor":8,"turns":3},{"damage":5,"enemies":"Lots of Slimes","floor":10,"turns":3},{"damage":13,"enemies":"Large Slime","floor":11,"turns":4},{"damage":14,"enemies":"Gremlin Nob","floor":12,"turns":3},{"damage":3,"enemies":"3 Louse","floor":14,"turns":2},{"damage":3,"enemies":"Slime Boss","floor":16,"turns":8},{"damage":8,"enemies":"Chosen","floor":18,"turns":5},{"damage":6,"enemies":"Masked Bandits","floor":20,"turns":2},{"damage":2,"enemies":"Shell Parasite","floor":22,"turns":2},{"damage":20,"enemies":"Snecko","floor":24,"turns":4},{"damage":6,"enemies":"3 Cultists","floor":27,"turns":3},{"damage":15,"enemies":"Centurion and Healer","floor":29,"turns":4},{"damage":0,"enemies":"Chosen and Byrds","floor":30,"turns":5},{"damage":28,"enemies":"Champ","floor":33,"turns":8}],"seed_played":"751439482678259767","potions_obtained":[{"floor":8,"key":"SmokeBomb"},{"floor":10,"key":"PowerPotion"},{"floor":14,"key":"Fire Potion"},{"floor":24,"key":"GamblersBrew"},{"floor":27,"key":"SteroidPotion"}],"is_trial":false,"path_per_floor":["?","?","?","?","?","M","?","?"],"character_chosen":"IRONCLAD","items_purchased":["Membership Card","Clash","Mayhem","Deep Breath+1","Panache"],"campfire_rested":2,"item_purchase_floors":[19,19,19,28,28],"current_hp_per_floor":[80,73,77,66,72,39,63,57,57,58,51,43,43,46,70,73,80,78,78,84,84,84,84,79,63,63,71,71,70,83,83,83,61,94],"gold":203,"neow_bonus":"REMOVE_CARD","is_prod":false,"is_daily":false,"chose_seed":false,"campfire_upgraded":2,"win_rate":0,"timestamp":1549896769,"path_taken":["M","?","M","?","M","E","R","M","T","M","M","E","?","M","R","BOSS","M","$","?","?","?","R","M","?","T","M","$","M","M","?","R","BOSS"],"build_version":"2019-01-23","purchased_purges":2,"victory":false,"max_hp_per_floor":[80,80,80,80,80,80,80,80,80,80,80,80,80,80,80,80,80,80,80,84,84,84,84,87,87,87,87,87,91,94,94,94,94,94],"card_choices":[{"not_picked":["Shrug It Off","Evolve"],"picked":"Headbutt","floor":1},{"not_picked":["Pommel Strike","Corruption"],"picked":"Anger","floor":3},{"not_picked":["Body Slam","Sword Boomerang"],"picked":"Cleave","floor":5},{"not_picked":["Uppercut","Twin Strike"],"picked":"Anger","floor":6},{"not_picked":["Hemokinesis","Sword Boomerang"],"picked":"Shrug It Off","floor":8},{"not_picked":["Blood for Blood","Hemokinesis"],"picked":"Armaments+1","floor":10},{"not_picked":["Body Slam","Heavy Blade","Thunderclap"],"picked":"SKIP","floor":11},{"not_picked":["Brutality","Ghostly Armor+1"],"picked":"Clash","floor":12},{"not_picked":["Evolve","Body Slam"],"picked":"True Grit+1","floor":14},{"not_picked":["Immolate","Bludgeon"],"picked":"Feed","floor":16},{"not_picked":["Dual Wield+1","Body Slam","Infernal Blade+1"],"picked":"SKIP","floor":18},{"not_picked":["Perfected Strike+1","True Grit+1"],"picked":"Pommel Strike+1","floor":20},{"not_picked":["Evolve","Spot Weakness+1","Flame Barrier+1"],"picked":"SKIP","floor":22},{"not_picked":["Infernal Blade+1","Hemokinesis","Intimidate+1"],"picked":"SKIP","floor":24},{"not_picked":["Wild Strike","Pummel"],"picked":"Metallicize+1","floor":27},{"not_picked":["Perfected Strike","Uppercut+1"],"picked":"Iron Wave","floor":29},{"not_picked":["Ghostly Armor+1","Infernal Blade+1"],"picked":"Clash","floor":30}],"player_experience":405888,"relics_obtained":[{"floor":6,"key":"Du-Vu Doll"},{"floor":9,"key":"Toxic Egg 2"},{"floor":12,"key":"Gremlin Horn"},{"floor":20,"key":"Red Mask"},{"floor":25,"key":"Enchiridion"},{"floor":26,"key":"Sundial"}],"event_choices":[{"cards_removed":["Defend_R"],"damage_healed":0,"gold_gain":0,"player_choice":"Card Removal","damage_taken":7,"max_hp_gain":0,"max_hp_loss":0,"event_name":"Golden Wing","floor":2,"gold_loss":0},{"damage_healed":0,"gold_gain":75,"player_choice":"Gather Gold","damage_taken":11,"max_hp_gain":0,"max_hp_loss":0,"event_name":"World of Goop","floor":4,"gold_loss":0},{"damage_healed":0,"gold_gain":0,"player_choice":"Trade","damage_taken":0,"relics_obtained":["GremlinMask"],"max_hp_gain":0,"max_hp_loss":0,"event_name":"FaceTrader","floor":13,"gold_loss":0},{"damage_healed":0,"gold_gain":0,"player_choice":"Fought Bandits","damage_taken":0,"max_hp_gain":0,"max_hp_loss":0,"event_name":"Masked Bandits","floor":20,"gold_loss":0},{"damage_healed":0,"gold_gain":100,"player_choice":"Pray","damage_taken":0,"max_hp_gain":0,"max_hp_loss":0,"event_name":"Golden Shrine","floor":21,"gold_loss":0},{"damage_healed":0,"gold_gain":0,"player_choice":"Obtained Book","damage_taken":16,"max_hp_gain":0,"max_hp_loss":0,"event_name":"Cursed Tome","floor":25,"gold_loss":0},{"cards_removed":["Reaper"],"damage_healed":0,"gold_gain":0,"player_choice":"Gave Gold","damage_taken":0,"max_hp_gain":0,"max_hp_loss":0,"event_name":"Beggar","floor":31,"gold_loss":75}],"is_beta":false,"boss_relics":[{"not_picked":["Runic Cube","Orrery"],"picked":"Pandora\u0027s Box"},{"not_picked":["Philosopher\u0027s Stone","Coffee Dripper"],"picked":"Fusion Hammer"}],"items_purged_floors":[19,28],"is_endless":false,"potions_floor_spawned":[8,10,14,16,24,27],"ascension_level":0}