{"gold_per_floor":[110,122,42,62,74,74,104,122,122,153,1,16,28,28,28,28],"floor_reached":16,"playtime":803,"items_purged":["Strike_B"],"score":200,"play_id":"87fc4efc-de13-4948-a3f6-eb7fc884c589","local_time":"20190408143651","is_ascension_mode":true,"campfire_choices":[{"data":"Consume","floor":6,"key":"SMITH"},{"floor":15,"key":"REST"}],"neow_cost":"NONE","seed_source_timestamp":2041721049218311,"circlet_count":0,"master_deck":["AscendersBane","Strike_B","Strike_B","Strike_B","Defend_B","Defend_B","Defend_B","Defend_B","Zap","Dualcast","Amplify","Darkness","Melter","Loop","Consume+1","Chill","Lockon","Ball Lightning","Loop","Leap","Compile Driver"],"relics":["Cracked Core","Shuriken","Oddly Smooth Stone","Dream Catcher"],"potions_floor_usage":[12,13],"damage_taken":[{"damage":0,"enemies":"Cultist","floor":1,"turns":3},{"damage":0,"enemies":"Small Slimes","floor":2,"turns":3},{"damage":7,"enemies":"Jaw Worm","floor":4,"turns":3},{"damage":9,"enemies":"3 Louse","floor":5,"turns":4},{"damage":10,"enemies":"Lagavulin","floor":7,"turns":5},{"damage":13,"enemies":"Red Slaver","floor":8,"turns":4},{"damage":21,"enemies":"3 Sentries","floor":10,"turns":14},{"damage":3,"enemies":"2 Fungi Beasts","floor":12,"turns":3},{"damage":0,"enemies":"Blue Slaver","floor":13,"turns":4},{"damage":22,"enemies":"The Guardian","floor":16,"turns":7}],"seed_played":"-6471199359472909710","potions_obtained":[{"floor":1,"key":"Ancient Potion"},{"floor":5,"key":"AttackPotion"},{"floor":12,"key":"SpeedPotion"}],"is_trial":false,"path_per_floor":["$","?"],"character_chosen":"DEFECT","items_purchased":["Loop","Loop"],"campfire_rested":1,"item_purchase_floors":[3,11],"current_hp_per_floor":[64,64,64,57,48,48,38,25,25,4,4,1,1,1,22,0],"gold":28,"neow_bonus":"ONE_RANDOM_RARE_CARD","is_prod":false,"is_daily":false,"chose_seed":false,"campfire_upgraded":1,"win_rate":0,"timestamp":1554748611,"path_taken":["M","M","$","M","M","R","E","M","T","E","?","M","M","?","R","BOSS"],"build_version":"2019-01-23","purchased_purges":1,"victory":false,"max_hp_per_floor":[71,71,71,71,71,71,71,71,71,71,71,71,71,71,71,71],"card_choices":[{"not_picked":["Storm","Beam Cell"],"picked":"Darkness","floor":1},{"not_picked":["Undo","Storm"],"picked":"Melter","floor":2},{"not_picked":["Tempest","Streamline"],"picked":"Consume","floor":4},{"not_picked":["Steam Power","Skim"],"picked":"Chill","floor":5},{"not_picked":["Turbo","Consume"],"picked":"Lockon","floor":7},{"not_picked":["Steam Power","Chill","Gash"],"picked":"SKIP","floor":8},{"not_picked":["Conserve Battery","Gash"],"picked":"Ball Lightning","floor":10},{"not_picked":["Force Field","Go for the Eyes"],"picked":"Leap","floor":12},{"not_picked":["Barrage","Beam Cell"],"picked":"Compile Driver","floor":13}],"player_experience":1612279,"relics_obtained":[{"floor":7,"key":"Shuriken"},{"floor":9,"key":"Oddly Smooth Stone"},{"floor":10,"key":"Dream Catcher"}],"event_choices":[{"damage_healed":0,"gold_gain":0,"player_choice":"Searched \u00270\u0027 times","damage_taken":0,"max_hp_gain":0,"max_hp_loss":0,"event_name":"Dead Adventurer","floor":14,"gold_loss":0}],"is_beta":false,"boss_relics":[],"items_purged_floors":[11],"is_endless":false,"potions_floor_spawned":[1,5,7,12],"killed_by":"The Guardian","ascension_level":15}