{"gold_per_floor":[20,34,34,34,54,54,66,86,86,86,102,122,134,144,144,242,242,254,254,29,29,40,40,40,57,57,57,57,70,81,61,61,61],"floor_reached":33,"playtime":1429,"items_purged":["Decay"],"score":243,"play_id":"bcc9f19f-b7bb-44a8-942c-d732ac86e4d8","local_time":"20190203160557","is_ascension_mode":false,"campfire_choices":[{"data":"Magnetism","floor":6,"key":"SMITH"},{"data":"Uppercut","floor":15,"key":"SMITH"},{"data":"Corruption","floor":23,"key":"SMITH"},{"floor":28,"key":"REST"},{"floor":32,"key":"REST"}],"neow_cost":"NO_GOLD","seed_source_timestamp":444974071430560,"circlet_count":0,"master_deck":["Strike_R+1","Strike_R+1","Strike_R+1","Strike_R+1","Strike_R+1","Defend_R+1","Defend_R+1","Defend_R+1","Defend_R+1","Bash","Deep Breath","Magnetism+1","Pommel Strike","Shrug It Off","Disarm","Headbutt","Battle Trance","Thunderclap","Iron Wave","Uppercut+1","Immolate","True Grit+1","Power Through","Evolve","Corruption+1","True Grit","Reaper","Clothesline"],"relics":["Burning Blood"],"potions_floor_usage":[13,16,16,22,30,30,33,33],"damage_taken":[{"damage":12,"enemies":"Small Slimes","floor":1,"turns":3},{"damage":5,"enemies":"2 Louse","floor":2,"turns":4},{"damage":1,"enemies":"Cultist","floor":5,"turns":3},{"damage":13,"enemies":"2 Fungi Beasts","floor":7,"turns":4},{"damage":7,"enemies":"Red Slaver","floor":8,"turns":5},{"damage":8,"enemies":"Blue Slaver","floor":11,"turns":4},{"damage":8,"enemies":"Looter","floor":12,"turns":4},{"damage":8,"enemies":"Large Slime","floor":13,"turns":7},{"damage":10,"enemies":"2 Fungi Beasts","floor":14,"turns":4},{"damage":61,"enemies":"Slime Boss","floor":16,"turns":12},{"damage":29,"enemies":"Chosen","floor":18,"turns":5},{"damage":36,"enemies":"Spheric Guardian","floor":22,"turns":8},{"damage":31,"enemies":"Snake Plant","floor":25,"turns":7},{"damage":33,"enemies":"Chosen and Byrds","floor":29,"turns":7},{"damage":15,"enemies":"Centurion and Healer","floor":30,"turns":7},{"damage":65,"enemies":"Collector","floor":33,"turns":9}],"seed_played":"-9022177391927568822","potions_obtained":[{"floor":4,"key":"Block Potion"},{"floor":4,"key":"SpeedPotion"},{"floor":4,"key":"EssenceOfSteel"},{"floor":12,"key":"Swift Potion"},{"floor":13,"key":"Poison Potion"},{"floor":16,"key":"SpeedPotion"},{"floor":22,"key":"GamblersBrew"},{"floor":29,"key":"LiquidBronze"},{"floor":30,"key":"SpeedPotion"},{"floor":31,"key":"LiquidBronze"}],"is_trial":false,"path_per_floor":["M","M","?","?","M","R","M","M","T","?","M","M","M","M","R","B",null,"M","?","$","?","M","R","?","M","T","?","R","M","M","?","R","B"],"character_chosen":"IRONCLAD","items_purchased":["Power Through","Evolve"],"campfire_rested":2,"item_purchase_floors":[20,20],"current_hp_per_floor":[74,75,75,75,80,80,73,72,72,72,70,68,66,62,62,7,80,57,80,80,80,50,50,50,25,25,25,49,22,21,21,45,0],"gold":61,"neow_bonus":"RANDOM_COLORLESS_2","is_prod":false,"is_daily":false,"chose_seed":false,"campfire_upgraded":3,"win_rate":0,"timestamp":1549235157,"path_taken":["M","M","?","?","?","R","M","M","T","?","?","M","M","M","R","BOSS","M","?","$","?","M","R","?","M","T","?","R","M","M","?","R","BOSS"],"build_version":"2019-01-23","purchased_purges":1,"victory":false,"max_hp_per_floor":[80,80,80,80,80,80,80,80,80,80,80,80,80,80,80,80,80,80,80,80,80,80,80,80,80,80,80,80,80,80,80,80,80],"card_choices":[{"not_picked":["Cleave","Inflame"],"picked":"Pommel Strike","floor":1},{"not_picked":["Burning Pact","Shockwave"],"picked":"Shrug It Off","floor":2},{"not_picked":["Armaments","Havoc"],"picked":"Disarm","floor":5},{"not_picked":["Sword Boomerang","Sever Soul","Heavy Blade"],"picked":"SKIP","floor":7},{"not_picked":["Sword Boomerang","Whirlwind"],"picked":"Headbutt","floor":8},{"not_picked":["Second Wind","Inflame"],"picked":"Battle Trance","floor":11},{"not_picked":["Combust","Hemokinesis"],"picked":"Thunderclap","floor":12},{"not_picked":["Clothesline","Clash"],"picked":"Iron Wave","floor":13},{"not_picked":["Body Slam","Thunderclap"],"picked":"Uppercut","floor":14},{"not_picked":["Exhume","Brutality"],"picked":"Immolate","floor":16},{"not_picked":["Body Slam","Metallicize"],"picked":"True Grit+1","floor":18},{"not_picked":["Dual Wield","Shockwave"],"picked":"Corruption","floor":22},{"not_picked":["Wild Strike","Burning Pact+1"],"picked":"True Grit","floor":25},{"not_picked":["Clothesline","Perfected Strike"],"picked":"Reaper","floor":29},{"not_picked":["Thunderclap","Twin Strike"],"picked":"Clothesline","floor":30}],"player_experience":1382769,"relics_obtained":[],"event_choices":[{"damage_healed":0,"gold_gain":0,"player_choice":"Ignored","damage_taken":0,"max_hp_gain":0,"max_hp_loss":0,"event_name":"Golden Idol","floor":3,"gold_loss":0},{"damage_healed":0,"gold_gain":0,"player_choice":"Got Potions","damage_taken":0,"max_hp_gain":0,"max_hp_loss":0,"event_name":"Lab","floor":4,"gold_loss":0},{"damage_healed":0,"gold_gain":0,"player_choice":"Cursed","damage_taken":0,"max_hp_gain":0,"max_hp_loss":0,"event_name":"Wheel of Change","floor":10,"gold_loss":0,"cards_obtained":["Decay"]},{"damage_healed":26,"gold_gain":0,"player_choice":"Heal","damage_taken":0,"max_hp_gain":0,"max_hp_loss":0,"event_name":"The Library","floor":19,"gold_loss":0},{"damage_healed":0,"gold_gain":0,"player_choice":"Ignored","damage_taken":0,"max_hp_gain":0,"max_hp_loss":0,"event_name":"The Mausoleum","floor":21,"gold_loss":0},{"damage_healed":0,"gold_gain":0,"player_choice":"Ignored","damage_taken":0,"max_hp_gain":0,"max_hp_loss":0,"event_name":"Beggar","floor":24,"gold_loss":0},{"damage_healed":0,"gold_gain":0,"player_choice":"Simplicity","damage_taken":0,"max_hp_gain":0,"max_hp_loss":0,"event_name":"Back to Basics","floor":27,"gold_loss":0,"cards_upgraded":["Strike_R","Strike_R","Strike_R","Strike_R","Strike_R","Defend_R","Defend_R","Defend_R","Defend_R"]},{"damage_healed":0,"gold_gain":0,"player_choice":"Bought 1 Potion","damage_taken":0,"max_hp_gain":0,"max_hp_loss":0,"event_name":"The Woman in Blue","floor":31,"gold_loss":0}],"is_beta":false,"boss_relics":[{"not_picked":["Pandora\u0027s Box","White Beast Statue","Cursed Key"]}],"items_purged_floors":[20],"is_endless":false,"potions_floor_spawned":[12,13,16,22,29,30],"killed_by":"Collector","ascension_level":0}