{"gold_per_floor":[112,112,128,148,162,191,209,2,28,71,83,113,145,169,181,295,307,330,377,408,420,446,489,501,545,627,639,670,682,694],"floor_reached":30,"playtime":1893,"items_purged":[],"score":309,"play_id":"4a4ce476-f83e-499a-8370-958ed64549c8","local_time":"20190210161246","is_ascension_mode":false,"campfire_choices":[{"floor":15,"key":"REST"},{"floor":24,"key":"REST"},{"floor":29,"key":"REST"}],"neow_cost":"NONE","seed_source_timestamp":271244034795156,"circlet_count":0,"master_deck":["Defend_R","Defend_R+1","Headbutt","Iron Wave","Headbutt","Panache","True Grit","Anger","Metallicize","Cleave","Immolate","Sentinel+1","Impervious+1","Clash+1","Clash","Bite","Bite","Bite","Bite","Bite","Seeing Red+1","Iron Wave","Wild Strike"],"relics":["Burning Blood","Pantograph","MawBank","Oddly Smooth Stone","Astrolabe","Red Mask","Omamori","Matryoshka","Singing Bowl"],"potions_floor_usage":[12,13,19,20,23,23,25,28,30],"damage_taken":[{"damage":0,"enemies":"2 Louse","floor":1,"turns":3},{"damage":2,"enemies":"Cultist","floor":3,"turns":4},{"damage":0,"enemies":"Small Slimes","floor":4,"turns":3},{"damage":15,"enemies":"Exordium Thugs","floor":5,"turns":6},{"damage":22,"enemies":"Gremlin Nob","floor":6,"turns":4},{"damage":10,"enemies":"Looter","floor":7,"turns":3},{"damage":31,"enemies":"Lagavulin","floor":10,"turns":7},{"damage":1,"enemies":"Lots of Slimes","floor":12,"turns":2},{"damage":0,"enemies":"Large Slime","floor":13,"turns":6},{"damage":0,"enemies":"2 Fungi Beasts","floor":14,"turns":4},{"damage":33,"enemies":"Slime Boss","floor":16,"turns":10},{"damage":11,"enemies":"Spheric Guardian","floor":18,"turns":4},{"damage":7,"enemies":"Masked Bandits","floor":19,"turns":2},{"damage":0,"enemies":"2 Thieves","floor":20,"turns":4},{"damage":20,"enemies":"Snake Plant","floor":22,"turns":6},{"damage":45,"enemies":"Slavers","floor":23,"turns":7},{"damage":36,"enemies":"Gremlin Leader","floor":25,"turns":8},{"damage":0,"enemies":"3 Cultists","floor":28,"turns":3},{"damage":65,"enemies":"Slavers","floor":30,"turns":6}],"seed_played":"-3178321417558488965","potions_obtained":[{"floor":1,"key":"Explosive Potion"},{"floor":6,"key":"Block Potion"},{"floor":7,"key":"SpeedPotion"},{"floor":16,"key":"SteroidPotion"},{"floor":18,"key":"EntropicBrew"},{"floor":19,"key":"Block Potion"},{"floor":25,"key":"Fire Potion"}],"is_trial":false,"path_per_floor":["?","$","?","?","?","M","?","M"],"character_chosen":"IRONCLAD","items_purchased":["Panache","True Grit"],"campfire_rested":3,"item_purchase_floors":[8,8],"current_hp_per_floor":[80,80,80,80,71,55,51,51,51,26,19,24,30,36,60,53,80,75,74,80,56,48,23,39,25,25,25,39,56,0],"gold":694,"neow_bonus":"UPGRADE_CARD","is_prod":false,"is_daily":false,"chose_seed":false,"campfire_upgraded":0,"win_rate":0,"timestamp":1549833166,"path_taken":["M","?","M","M","M","E","M","?","T","E","?","M","M","M","R","BOSS","M","?","M","?","?","E","R","E","T","?","?","R","E"],"build_version":"2019-01-23","purchased_purges":0,"victory":false,"max_hp_per_floor":[80,80,80,80,80,80,80,80,80,80,80,80,80,80,80,80,80,80,80,80,56,56,56,56,56,56,56,58,58,58],"card_choices":[{"not_picked":["Searing Blow","Havoc","Body Slam"],"picked":"SKIP","floor":1},{"not_picked":["Dropkick","Bloodletting"],"picked":"Headbutt","floor":3},{"not_picked":["Armaments","Pummel"],"picked":"Iron Wave","floor":4},{"not_picked":["True Grit","Sword Boomerang","Thunderclap"],"picked":"SKIP","floor":5},{"not_picked":["Power Through","Clothesline"],"picked":"Headbutt","floor":6},{"not_picked":["Thunderclap","Armaments","Body Slam"],"picked":"SKIP","floor":7},{"not_picked":["Body Slam","Pummel","Armaments"],"picked":"SKIP","floor":10},{"not_picked":["Havoc","Shrug It Off"],"picked":"Anger","floor":12},{"not_picked":["Flame Barrier","Reckless Charge"],"picked":"Metallicize","floor":13},{"not_picked":["Barricade","Warcry"],"picked":"Cleave","floor":14},{"not_picked":["Offering","Bludgeon"],"picked":"Immolate","floor":16},{"not_picked":["Thunderclap+1","Disarm","Twin Strike"],"picked":"SKIP","floor":18},{"not_picked":["Rampage","Evolve"],"picked":"Clash","floor":20},{"not_picked":["True Grit","Clothesline"],"picked":"Seeing Red+1","floor":22},{"not_picked":["Heavy Blade","Sword Boomerang"],"picked":"Iron Wave","floor":23},{"not_picked":["Armaments","Corruption+1","Intimidate"],"picked":"SKIP","floor":25},{"not_picked":["Demon Form","Hemokinesis","Bloodletting"],"picked":"Singing Bowl","floor":28}],"player_experience":383191,"relics_obtained":[{"floor":6,"key":"Pantograph"},{"floor":9,"key":"MawBank"},{"floor":10,"key":"Oddly Smooth Stone"},{"floor":19,"key":"Red Mask"},{"floor":23,"key":"Omamori"},{"floor":25,"key":"Matryoshka"},{"floor":26,"key":"Singing Bowl"}],"event_choices":[{"damage_healed":0,"gold_gain":0,"player_choice":"Upgraded","damage_taken":0,"max_hp_gain":0,"max_hp_loss":0,"event_name":"Upgrade Shrine","floor":2,"gold_loss":0,"cards_upgraded":["Strike_R"]},{"cards_removed":["Strike_R"],"damage_healed":0,"gold_gain":0,"player_choice":"Card Removal","damage_taken":7,"max_hp_gain":0,"max_hp_loss":0,"event_name":"Golden Wing","floor":11,"gold_loss":0},{"damage_healed":0,"gold_gain":0,"player_choice":"Fought Bandits","damage_taken":0,"max_hp_gain":0,"max_hp_loss":0,"event_name":"Masked Bandits","floor":19,"gold_loss":0},{"damage_healed":0,"gold_gain":0,"player_choice":"Became a vampire","damage_taken":0,"max_hp_gain":0,"max_hp_loss":24,"event_name":"Vampires","floor":21,"gold_loss":0,"cards_obtained":["Bite","Bite","Bite","Bite","Bite"]},{"damage_healed":0,"gold_gain":0,"cards_transformed":["Defend_R"],"player_choice":"Transformed","damage_taken":0,"max_hp_gain":0,"max_hp_loss":0,"event_name":"Transmorgrifier","floor":27,"gold_loss":0,"cards_obtained":["Wild Strike"]}],"is_beta":false,"boss_relics":[{"not_picked":["Runic Dome","Cursed Key"],"picked":"Astrolabe"}],"items_purged_floors":[],"is_endless":false,"potions_floor_spawned":[1,6,7,10,16,18,19,25],"killed_by":"Slavers","ascension_level":0}