{"gold_per_floor":[364,539,539,119,137,137,147,164,211,40,53,3,3,3,3,100,100,117,117,132,58,58,58,58,87,156,156,5,5,5,20,20,124,124,140,140,140,66,85,85,113,113,139,168,188,188,188,221,221,221,221,221,1,30,30],"floor_reached":56,"playtime":3174,"items_purged":["Doubt","Strike_G","Strike_G","Defend_G"],"score":1766,"play_id":"c605cae6-2383-442f-8d3d-d7692c3e1053","local_time":"20190202231110","is_ascension_mode":true,"campfire_choices":[{"data":"Neutralize","floor":6.0,"key":"SMITH"},{"data":"Apotheosis","floor":13.0,"key":"SMITH"},{"data":"Noxious Fumes","floor":15.0,"key":"SMITH"},{"floor":23.0,"key":"REST"},{"floor":27.0,"key":"REST"},{"data":"Strike_G","floor":29.0,"key":"PURGE"},{"data":"Defend_G","floor":32.0,"key":"PURGE"},{"data":"Strike_G","floor":40,"key":"PURGE"},{"data":"Strike_G","floor":42,"key":"PURGE"},{"floor":46,"key":"RECALL"},{"floor":49,"key":"REST"},{"data":"Defend_G","floor":52,"key":"PURGE"}],"neow_cost":"CURSE","seed_source_timestamp":14463903702351,"circlet_count":0,"master_deck":["Survivor","Neutralize+1","Noxious Fumes+1","Accuracy","Flash of Steel","Well Laid Plans","Corpse Explosion","Footwork","Apotheosis+1","Dodge and Roll","Malaise","Blade Dance","Blur","Cloak And Dagger","Endless Agony","Backflip","Accuracy","Blade Dance","Acrobatics+1","PiercingWail+1","PiercingWail+1","Madness","Madness","Acrobatics+1","PiercingWail","Cloak And Dagger"],"special_seed":0,"relics":["Ring of the Serpent","Spirit Poop","Membership Card","Kunai","Blood Vial","Bronze Scales","Juzu Bracelet","Fusion Hammer","Tiny Chest","Paper Crane","Boot","Blue Candle","Peace Pipe","Mercury Hourglass","Pantograph","Regal Pillow","Vajra","Sundial"],"potions_floor_usage":[44,54,55,55],"damage_taken":[{"damage":16.0,"enemies":"Small Slimes","floor":1.0,"turns":6.0},{"damage":0.0,"enemies":"2 Louse","floor":5.0,"turns":4.0},{"damage":0.0,"enemies":"Cultist","floor":7.0,"turns":4.0},{"damage":4.0,"enemies":"Red Slaver","floor":8.0,"turns":4.0},{"damage":12.0,"enemies":"Exordium Thugs","floor":11.0,"turns":7.0},{"damage":15.0,"enemies":"The Guardian","floor":16.0,"turns":10.0},{"damage":12.0,"enemies":"Spheric Guardian","floor":18.0,"turns":6.0},{"damage":1.0,"enemies":"Colosseum Slavers","floor":19.0,"turns":5.0},{"damage":12.0,"enemies":"2 Thieves","floor":20.0,"turns":3.0},{"damage":28.0,"enemies":"Slavers","floor":25.0,"turns":5.0},{"damage":7.0,"enemies":"Snake Plant","floor":31.0,"turns":4.0},{"damage":0.0,"enemies":"Automaton","floor":33.0,"turns":10.0},{"damage":23.0,"enemies":"3 Darklings","floor":35.0,"turns":4.0},{"damage":1,"enemies":"3 Shapes","floor":39,"turns":3},{"damage":13,"enemies":"Nemesis","floor":41,"turns":7},{"damage":4,"enemies":"Reptomancer","floor":44,"turns":7},{"damage":7,"enemies":"Writhing Mass","floor":45,"turns":6},{"damage":0,"enemies":"Nemesis","floor":48,"turns":7},{"damage":19,"enemies":"Awakened One","floor":50,"turns":15},{"damage":15,"enemies":"Shield and Spear","floor":54,"turns":6},{"damage":54,"enemies":"The Heart","floor":55,"turns":12}],"seed_played":"5126592318657559993","potions_obtained":[{"floor":8.0,"key":"SteroidPotion"},{"floor":11.0,"key":"Poison Potion"},{"floor":16.0,"key":"SkillPotion"},{"floor":25.0,"key":"Energy Potion"},{"floor":31.0,"key":"PowerPotion"},{"floor":39,"key":"SkillPotion"},{"floor":48,"key":"Block Potion"}],"is_trial":false,"path_per_floor":["M","?","?","$","M","R","M","M","T","$","M","$","R","T","R","B",null,"M","?","M","$","?","R","T","E","T","R","$","R","?","M","R","B",null,"M","?","?","$","M","R","E","R","T","E","M","R","?","E","R","B",null,"R","$","E","B",null],"character_chosen":"THE_SILENT","items_purchased":["Membership Card","Kunai","Accuracy","Flash of Steel","Apotheosis","Bronze Scales","Cloak And Dagger","Tiny Chest","Peace Pipe","Blade Dance","Ancient Potion","Vajra","PiercingWail"],"campfire_rested":3,"item_purchase_floors":[4,4,4,4,10,10,21,21,28,38,53,53,53],"current_hp_per_floor":[47,47,47,47,47,47,47,43,43,43,33,33,33,33,33,20,58,48,49,39,39,39,60,60,34,34,55,55,55,55,50,50,52,66,45,45,45,45,46,46,35,35,35,33,28,28,19,21,57,51,65,65,65,52,16],"gold":30,"neow_bonus":"TWO_FIFTY_GOLD","is_prod":false,"is_daily":false,"chose_seed":false,"campfire_upgraded":3,"win_rate":0,"timestamp":1549177870,"path_taken":["M","?","?","$","?","R","M","M","T","?","M","?","R","?","R","BOSS","M","?","M","$","?","R","?","E","T","R","$","R","?","M","R","BOSS","M","?","?","$","M","R","E","R","T","E","M","R","?","E","R","BOSS","R","$","E","BOSS"],"build_version":"2019-01-23","purchased_purges":4,"victory":true,"max_hp_per_floor":[70,70,70,70,70,70,70,70,70,70,70,70,70,70,70,70,70,70,70,70,70,70,70,70,70,70,70,70,70,70,70,70,70,70,70,70,70,70,70,70,70,70,70,70,70,70,70,70,70,70,70,70,70,70,70],"card_choices":[{"not_picked":["Prepared","Sucker Punch"],"picked":"Noxious Fumes","floor":1.0},{"not_picked":["Flying Knee","Poisoned Stab"],"picked":"Well Laid Plans","floor":5.0},{"not_picked":["Dagger Spray","Bane"],"picked":"Corpse Explosion","floor":7.0},{"not_picked":["Sucker Punch","Underhanded Strike"],"picked":"Footwork","floor":8.0},{"not_picked":["Outmaneuver","Poisoned Stab"],"picked":"Dodge and Roll","floor":11.0},{"not_picked":["Die Die Die","Tools of the Trade"],"picked":"Malaise","floor":16.0},{"not_picked":["Backstab+1","Bouncing Flask+1"],"picked":"Blade Dance","floor":18.0},{"not_picked":["Poisoned Stab","Well Laid Plans"],"picked":"Blur","floor":20.0},{"not_picked":["Heel Hook","Tactician","Sucker Punch"],"picked":"SKIP","floor":25.0},{"not_picked":["Noxious Fumes+1","Escape Plan"],"picked":"Backflip","floor":31.0},{"not_picked":["Poisoned Stab","Prepared+1","Quick Slash+1"],"picked":"SKIP","floor":35.0},{"not_picked":["Distraction","Reflex"],"picked":"Acrobatics+1","floor":39},{"not_picked":["Dagger Spray","Poisoned Stab+1","Wraith Form v2"],"picked":"SKIP","floor":41},{"not_picked":["Blur+1","Sucker Punch"],"picked":"PiercingWail+1","floor":44},{"not_picked":["Poisoned Stab","Bouncing Flask"],"picked":"PiercingWail+1","floor":45},{"not_picked":["Flechettes+1","Dagger Spray"],"picked":"Acrobatics+1","floor":48},{"not_picked":["Predator+1","Blade Dance"],"picked":"Cloak And Dagger","floor":54}],"player_experience":352056,"relics_obtained":[{"floor":9.0,"key":"Blood Vial"},{"floor":14.0,"key":"Juzu Bracelet"},{"floor":24.0,"key":"Paper Crane"},{"floor":25.0,"key":"Boot"},{"floor":26.0,"key":"Blue Candle"},{"floor":41,"key":"Mercury Hourglass"},{"floor":44,"key":"Pantograph"},{"floor":48,"key":"Regal Pillow"},{"floor":54,"key":"Sundial"}],"event_choices":[{"damage_healed":0.0,"max_hp_gain":0.0,"max_hp_loss":0.0,"gold_gain":175.0,"event_name":"Liars Game","player_choice":"AGREE","floor":2.0,"gold_loss":0.0,"damage_taken":0.0,"cards_obtained":["Doubt"]},{"cards_removed":["Pain"],"damage_healed":0.0,"max_hp_gain":0.0,"max_hp_loss":0.0,"gold_gain":0.0,"event_name":"Bonfire Elementals","player_choice":"Offered Curse","floor":3.0,"gold_loss":0.0,"damage_taken":0.0,"relics_obtained":["Spirit Poop"]},{"damage_healed":0.0,"max_hp_gain":0.0,"max_hp_loss":0.0,"gold_gain":0.0,"event_name":"Colosseum","player_choice":"Fight","floor":19.0,"gold_loss":0.0,"damage_taken":0.0},{"damage_healed":0.0,"max_hp_gain":0.0,"max_hp_loss":0.0,"gold_gain":0.0,"event_name":"Colosseum","player_choice":"Fled From Nobs","floor":19.0,"gold_loss":0.0,"damage_taken":0.0},{"damage_healed":0.0,"max_hp_gain":0.0,"max_hp_loss":0.0,"gold_gain":0.0,"event_name":"Ghosts","player_choice":"Ignored","floor":22.0,"gold_loss":0.0,"damage_taken":0.0},{"damage_healed":0.0,"max_hp_gain":0.0,"max_hp_loss":0.0,"gold_gain":0.0,"cards_transformed":["Defend_G"],"event_name":"Transmorgrifier","player_choice":"Transformed","floor":30.0,"gold_loss":0.0,"damage_taken":0.0,"cards_obtained":["Endless Agony"]},{"damage_healed":0,"gold_gain":0,"player_choice":"Ignored","damage_taken":0,"max_hp_gain":0,"max_hp_loss":0,"event_name":"Mysterious Sphere","floor":36,"gold_loss":0},{"damage_healed":0,"gold_gain":0,"cards_transformed":["Defend_G"],"player_choice":"Transformed","damage_taken":0,"max_hp_gain":0,"max_hp_loss":0,"event_name":"Transmorgrifier","floor":37,"gold_loss":0,"cards_obtained":["Accuracy"]},{"damage_healed":0,"gold_gain":0,"player_choice":"Embrace Madness","damage_taken":9,"max_hp_gain":0,"max_hp_loss":0,"event_name":"Winding Halls","floor":47,"gold_loss":0,"cards_obtained":["Madness","Madness"]}],"is_beta":false,"boss_relics":[{"not_picked":["Snecko Eye","Sozu"],"picked":"Fusion Hammer"},{"not_picked":["Eternal Feather","Tiny House"],"picked":"Ring of the Serpent"}],"items_purged_floors":[4,12,38,53],"is_endless":false,"potions_floor_spawned":[8,11,16,25,31,39,48],"ascension_level":9}