{"gold_per_floor":[110,128,142,162,112,112,140,197,223,223,234,267,287,305,305,407,407,419,435,83,101,101],"floor_reached":22,"playtime":1727,"items_purged":["Strike_G"],"score":349,"play_id":"3220699a-cf30-4a13-8a66-f182e9860956","local_time":"20190327215525","is_ascension_mode":true,"campfire_choices":[{"data":"Neutralize","floor":6,"key":"SMITH"},{"floor":10,"key":"REST"},{"floor":15,"key":"REST"}],"neow_cost":"NONE","seed_source_timestamp":1030309511990789,"circlet_count":0,"master_deck":["AscendersBane","Defend_G","Defend_G","Defend_G","Defend_G","Defend_G","Strike_G","Strike_G","Strike_G","Survivor","Neutralize+1","Dagger Throw","All Out Attack","Corpse Explosion","Footwork","Adrenaline","Backflip","Noxious Fumes","A Thousand Cuts","Leg Sweep","Burst","PiercingWail+1","A Thousand Cuts"],"relics":["Ring of the Snake","Lantern","Bag of Marbles","Regal Pillow","PreservedInsect","Snecko Eye","Membership Card","Bottled Lightning"],"potions_floor_usage":[8,21,22],"damage_taken":[{"damage":1,"enemies":"Jaw Worm","floor":1,"turns":7},{"damage":3,"enemies":"Small Slimes","floor":2,"turns":4},{"damage":1,"enemies":"Cultist","floor":3,"turns":3},{"damage":11,"enemies":"Large Slime","floor":4,"turns":6},{"damage":20,"enemies":"3 Sentries","floor":7,"turns":4},{"damage":26,"enemies":"Lagavulin Event","floor":8,"turns":6},{"damage":0,"enemies":"Exordium Thugs","floor":11,"turns":3},{"damage":23,"enemies":"Gremlin Nob","floor":12,"turns":4},{"damage":0,"enemies":"Blue Slaver","floor":13,"turns":5},{"damage":0,"enemies":"Exordium Wildlife","floor":14,"turns":2},{"damage":27,"enemies":"The Guardian","floor":16,"turns":11},{"damage":30,"enemies":"Spheric Guardian","floor":18,"turns":12},{"damage":19,"enemies":"3 Byrds","floor":19,"turns":3},{"damage":19,"enemies":"Centurion and Healer","floor":21,"turns":8},{"damage":12,"enemies":"Shelled Parasite and Fungi","floor":22,"turns":4}],"seed_played":"-7525217867185555171","potions_obtained":[{"floor":0,"key":"Regen Potion"},{"floor":0,"key":"Poison Potion"},{"floor":7,"key":"Fire Potion"},{"floor":12,"key":"SkillPotion"},{"floor":16,"key":"FairyPotion"},{"floor":21,"key":"Block Potion"}],"is_trial":false,"path_per_floor":["?","?"],"character_chosen":"THE_SILENT","items_purchased":["Membership Card","Bottled Lightning"],"campfire_rested":2,"item_purchase_floors":[20,20],"current_hp_per_floor":[62,59,58,47,47,47,27,1,1,37,37,14,14,14,50,23,58,28,9,9,5,0],"gold":101,"neow_bonus":"THREE_SMALL_POTIONS","is_prod":false,"is_daily":false,"chose_seed":false,"campfire_upgraded":1,"win_rate":0,"timestamp":1553738125,"path_taken":["M","M","M","M","?","R","E","?","T","R","M","E","M","M","R","BOSS","M","M","$","M","M"],"build_version":"2019-01-23","purchased_purges":1,"victory":false,"max_hp_per_floor":[70,70,70,70,70,70,70,70,70,70,70,70,70,70,70,70,70,70,70,70,70,70],"card_choices":[{"not_picked":["PiercingWail","Dagger Spray"],"picked":"Dagger Throw","floor":1},{"not_picked":["Slice","Reflex"],"picked":"All Out Attack","floor":2},{"not_picked":["Blur","Masterful Stab"],"picked":"Corpse Explosion","floor":3},{"not_picked":["Eviscerate","Flying Knee"],"picked":"Footwork","floor":4},{"not_picked":["Outmaneuver","Sucker Punch"],"picked":"Adrenaline","floor":7},{"not_picked":["Outmaneuver","Dagger Spray"],"picked":"Backflip","floor":11},{"not_picked":["Finisher","Outmaneuver"],"picked":"Noxious Fumes","floor":12},{"not_picked":["Outmaneuver","Prepared"],"picked":"A Thousand Cuts","floor":13},{"not_picked":["Dash","Flying Knee"],"picked":"Leg Sweep","floor":14},{"not_picked":["Night Terror","Corpse Explosion"],"picked":"Burst","floor":16},{"not_picked":["Blade Dance","Flying Knee+1","All Out Attack+1"],"picked":"SKIP","floor":18},{"not_picked":["Deflect","Dodge and Roll"],"picked":"PiercingWail+1","floor":19},{"not_picked":["Dodge and Roll","Blade Dance+1"],"picked":"A Thousand Cuts","floor":21}],"player_experience":1110653,"relics_obtained":[{"floor":7,"key":"Lantern"},{"floor":8,"key":"Bag of Marbles"},{"floor":9,"key":"Regal Pillow"},{"floor":12,"key":"PreservedInsect"}],"event_choices":[{"cards_removed":["Strike_G"],"damage_healed":0,"gold_gain":0,"player_choice":"Card Removal","damage_taken":0,"max_hp_gain":0,"max_hp_loss":0,"event_name":"The Cleric","floor":5,"gold_loss":50},{"damage_healed":0,"gold_gain":30,"player_choice":"Searched \u00273\u0027 times","damage_taken":0,"max_hp_gain":0,"max_hp_loss":0,"event_name":"Dead Adventurer","floor":8,"gold_loss":0}],"is_beta":false,"boss_relics":[{"not_picked":["Orrery","Ectoplasm"],"picked":"Snecko Eye"}],"items_purged_floors":[20],"is_endless":false,"potions_floor_spawned":[1,4,7,12,13,16,19,21],"killed_by":"Shelled Parasite and Fungi","ascension_level":11}