{"gold_per_floor":[363,363,383,409,68,100,100,125,149,149,165,165,165,183,183,287,287,301,311,8,8,88,88,88,88,88,88,113,132,132,150,150,150],"floor_reached":33,"playtime":832,"items_purged":["Defend_B"],"score":351,"play_id":"0ef801c6-c3d2-4941-b5eb-84578fe75217","local_time":"20181202223639","is_ascension_mode":true,"campfire_choices":[{"data":"Gash","floor":7.0,"key":"SMITH"},{"data":"Gash","floor":10.0,"key":"SMITH"},{"floor":15.0,"key":"REST"},{"floor":23.0,"key":"REST"},{"floor":27,"key":"REST"},{"floor":32,"key":"REST"}],"neow_cost":"CURSE","seed_source_timestamp":118251254967176,"circlet_count":0,"master_deck":["Strike_B","Strike_B","Strike_B","Defend_B","Defend_B","Defend_B","Zap","Dualcast","Sweeping Beam","Gash+1","Reboot","Gash+1","Skim","Rebound","Seek","Beam Cell","Master of Strategy","Gash+1","Beam Cell+1","Reinforced Body"],"special_seed":0,"relics":["Cracked Core","Spirit Poop","Bag of Marbles","Pen Nib","Boot","Sundial","Oddly Smooth Stone","Fusion Hammer","Molten Egg 2","Bottled Lightning","Blood Vial"],"potions_floor_usage":[33],"damage_taken":[{"damage":1.0,"enemies":"2 Louse","floor":1.0,"turns":3.0},{"damage":1.0,"enemies":"Cultist","floor":3.0,"turns":3.0},{"damage":15.0,"enemies":"3 Sentries","floor":6.0,"turns":4.0},{"damage":30.0,"enemies":"Lagavulin","floor":8.0,"turns":5.0},{"damage":10.0,"enemies":"Small Slimes","floor":11.0,"turns":2.0},{"damage":0.0,"enemies":"Exordium Wildlife","floor":14.0,"turns":1.0},{"damage":32.0,"enemies":"The Guardian","floor":16.0,"turns":9.0},{"damage":2.0,"enemies":"Shell Parasite","floor":18.0,"turns":3.0},{"damage":6.0,"enemies":"Chosen","floor":19.0,"turns":3.0},{"damage":30,"enemies":"Gremlin Leader","floor":28,"turns":4},{"damage":0,"enemies":"Snecko","floor":29,"turns":2},{"damage":12,"enemies":"Chosen and Byrds","floor":31,"turns":2},{"damage":96,"enemies":"Automaton","floor":33,"turns":6}],"seed_played":"-1096378646856765920","potions_obtained":[{"floor":3.0,"key":"Fire Potion"},{"floor":6.0,"key":"Energy Potion"},{"floor":16.0,"key":"Strength Potion"},{"floor":19.0,"key":"Energy Potion"}],"is_trial":false,"path_per_floor":["M","?","M","T","$","E","R","E","T","R","M","?","?","M","R","B",null,"M","M","$","?","T","R","?","?","T","R","E","M","?","M","R","B"],"character_chosen":"DEFECT","items_purchased":["Gash","Pen Nib","Reboot","Master of Strategy","PowerPotion"],"campfire_rested":4,"item_purchase_floors":[5,5,5,20,20],"current_hp_per_floor":[67,67,66,66,66,51,51,21,21,21,11,11,11,11,33,1,57,55,49,49,35,35,59,59,59,59,80,50,52,52,42,66,0],"gold":150,"neow_bonus":"TWO_FIFTY_GOLD","is_prod":false,"is_daily":false,"chose_seed":false,"campfire_upgraded":2,"win_rate":0,"timestamp":1543808199,"path_taken":["M","?","?","?","$","E","R","E","T","R","M","?","?","M","R","BOSS","M","M","$","?","?","R","?","?","T","R","E","?","?","M","R","BOSS"],"build_version":"2018-11-15","purchased_purges":1,"victory":false,"max_hp_per_floor":[75,75,75,75,75,75,75,75,75,75,75,75,75,75,75,75,75,75,75,75,80,80,80,80,80,80,80,80,80,80,80,80,80],"card_choices":[{"not_picked":["Rip and Tear","FTL","Turbo"],"picked":"SKIP","floor":1.0},{"not_picked":["Melter","Skim"],"picked":"Sweeping Beam","floor":3.0},{"not_picked":["Consume","Amplify"],"picked":"Gash","floor":6.0},{"not_picked":["Sweeping Beam","Darkness"],"picked":"Skim","floor":8.0},{"not_picked":["Defragment","Cold Snap"],"picked":"Rebound","floor":11.0},{"not_picked":["Chill","Compile Driver","Streamline"],"picked":"SKIP","floor":14.0},{"not_picked":["Thunder Strike","Fission"],"picked":"Seek","floor":16.0},{"not_picked":["Lockon","Sweeping Beam","Double Energy"],"picked":"SKIP","floor":18.0},{"not_picked":["Sweeping Beam+1","Streamline"],"picked":"Beam Cell","floor":19.0},{"not_picked":["Fusion+1","Storm"],"picked":"Gash+1","floor":28},{"not_picked":["Barrage+1","Ball Lightning+1","Capacitor+1"],"picked":"SKIP","floor":29},{"not_picked":["Redo","Conserve Battery"],"picked":"Reinforced Body","floor":31}],"player_experience":482336,"relics_obtained":[{"floor":4.0,"key":"Bag of Marbles"},{"floor":6.0,"key":"Boot"},{"floor":8.0,"key":"Sundial"},{"floor":9.0,"key":"Oddly Smooth Stone"},{"floor":22.0,"key":"Molten Egg 2"},{"floor":26.0,"key":"Bottled Lightning"},{"floor":28,"key":"Blood Vial"}],"event_choices":[{"cards_removed":["Writhe"],"damage_healed":0.0,"max_hp_gain":0.0,"max_hp_loss":0.0,"gold_gain":0.0,"event_name":"Bonfire Elementals","player_choice":"Offered Curse","floor":2.0,"gold_loss":0.0,"damage_taken":0.0,"relics_obtained":["Spirit Poop"]},{"cards_removed":["Strike_B"],"damage_healed":0.0,"max_hp_gain":0.0,"max_hp_loss":0.0,"gold_gain":0.0,"event_name":"Living Wall","player_choice":"Forget","floor":12.0,"gold_loss":0.0,"damage_taken":0.0},{"damage_healed":0.0,"max_hp_gain":0.0,"max_hp_loss":0.0,"gold_gain":0.0,"event_name":"Dead Adventurer","player_choice":"Searched \u00271\u0027 times","floor":13.0,"gold_loss":0.0,"damage_taken":0.0},{"damage_healed":0.0,"max_hp_gain":5.0,"max_hp_loss":0.0,"gold_gain":0.0,"event_name":"Forgotten Altar","player_choice":"Shed Blood","floor":21.0,"gold_loss":0.0,"damage_taken":19.0},{"damage_healed":0.0,"max_hp_gain":0.0,"max_hp_loss":0.0,"gold_gain":0.0,"event_name":"Vampires","player_choice":"Ignored","floor":24.0,"gold_loss":0.0,"damage_taken":0.0},{"damage_healed":0.0,"max_hp_gain":0.0,"max_hp_loss":0.0,"gold_gain":0.0,"event_name":"Ghosts","player_choice":"Ignored","floor":25.0,"gold_loss":0.0,"damage_taken":0.0},{"damage_healed":0,"gold_gain":0,"player_choice":"Read","damage_taken":0,"max_hp_gain":0,"max_hp_loss":0,"event_name":"The Library","floor":30,"gold_loss":0,"cards_obtained":["Beam Cell"]}],"is_beta":true,"boss_relics":[{"not_picked":["Busted Crown","Cursed Key"],"picked":"Fusion Hammer"}],"items_purged_floors":[20],"is_endless":false,"potions_floor_spawned":[3,6,16,19,31],"killed_by":"Automaton","ascension_level":6}