{"gold_per_floor":[119,131,143,143,143,155,155,175,199,217,230,230,37,49,49,151,151,163,182,200,200,219,219,231,241,314,514,514,530,548,367,367,468,468,488,503,778,577,587,587,597,616,640,640,640,640,640,650,650,650],"floor_reached":50,"playtime":2451,"items_purged":["Regret"],"score":544,"play_id":"de2bfeea-fb97-4ec1-a080-def4d7ab5f99","local_time":"20190226114441","is_ascension_mode":false,"campfire_choices":[{"data":"Bouncing Flask","floor":7.0,"key":"SMITH"},{"data":"Noxious Fumes","floor":12.0,"key":"SMITH"},{"data":"Footwork","floor":15.0,"key":"SMITH"},{"data":"Venomology","floor":23.0,"key":"SMITH"},{"floor":28.0,"key":"REST"},{"floor":32.0,"key":"REST"},{"data":"Catalyst","floor":40.0,"key":"SMITH"},{"floor":44.0,"key":"REST"},{"data":"Bandage Up","floor":46.0,"key":"SMITH"},{"floor":49.0,"key":"REST"}],"neow_cost":"NONE","seed_source_timestamp":926326662193483,"circlet_count":0,"master_deck":["Defend_G","Defend_G","Defend_G","Defend_G","Defend_G","Strike_G","Strike_G","Strike_G","Strike_G","Survivor","Neutralize","Bouncing Flask","Bouncing Flask+1","Deadly Poison","Flying Knee","Deadly Poison","Deflect","Acrobatics","Noxious Fumes+1","Leg Sweep","Footwork+1","Good Instincts","Deflect","Venomology+1","Deadly Poison+1","Deflect+1","Leg Sweep+1","Catalyst+1","Catalyst+1","Dodge and Roll","Bandage Up+1","Footwork","Dodge and Roll","Terror+1","Escape Plan","Bane","Leg Sweep","Blur+1","Well Laid Plans+1","Deflect"],"special_seed":0,"relics":["Ring of the Serpent"],"potions_floor_usage":[50,50],"damage_taken":[{"damage":0.0,"enemies":"Jaw Worm","floor":1.0,"turns":6.0},{"damage":0.0,"enemies":"2 Louse","floor":2.0,"turns":3.0},{"damage":0.0,"enemies":"Small Slimes","floor":3.0,"turns":4.0},{"damage":6.0,"enemies":"3 Louse","floor":6.0,"turns":4.0},{"damage":12.0,"enemies":"Exordium Thugs","floor":8.0,"turns":5.0},{"damage":5.0,"enemies":"Red Slaver","floor":10.0,"turns":3.0},{"damage":0.0,"enemies":"Gremlin Gang","floor":11.0,"turns":1.0},{"damage":4.0,"enemies":"Exordium Wildlife","floor":14.0,"turns":5.0},{"damage":22.0,"enemies":"Hexaghost","floor":16.0,"turns":9.0},{"damage":3.0,"enemies":"3 Byrds","floor":18.0,"turns":4.0},{"damage":0.0,"enemies":"Spheric Guardian","floor":19.0,"turns":5.0},{"damage":11.0,"enemies":"Snecko","floor":20.0,"turns":4.0},{"damage":16.0,"enemies":"Snake Plant","floor":22.0,"turns":5.0},{"damage":12.0,"enemies":"Sentry and Sphere","floor":24.0,"turns":6.0},{"damage":9.0,"enemies":"Centurion and Healer","floor":25.0,"turns":9.0},{"damage":8.0,"enemies":"Snake Plant","floor":29.0,"turns":6.0},{"damage":0.0,"enemies":"Shelled Parasite and Fungi","floor":30.0,"turns":4.0},{"damage":7.0,"enemies":"Champ","floor":33.0,"turns":9.0},{"damage":0.0,"enemies":"3 Shapes","floor":35.0,"turns":5.0},{"damage":4.0,"enemies":"3 Darklings","floor":36.0,"turns":9.0},{"damage":19.0,"enemies":"4 Shapes","floor":39.0,"turns":6.0},{"damage":17.0,"enemies":"Jaw Worm Horde","floor":41.0,"turns":8.0},{"damage":14.0,"enemies":"Spire Growth","floor":42.0,"turns":5.0},{"damage":13.0,"enemies":"3 Darklings","floor":48.0,"turns":16.0},{"damage":77,"enemies":"Awakened One","floor":50,"turns":8}],"seed_played":"1936522816947259666","potions_obtained":[{"floor":3.0,"key":"Regen Potion"},{"floor":8.0,"key":"Energy Potion"},{"floor":10.0,"key":"Explosive Potion"},{"floor":16.0,"key":"Explosive Potion"},{"floor":18.0,"key":"LiquidBronze"},{"floor":24.0,"key":"LiquidBronze"},{"floor":30.0,"key":"Regen Potion"},{"floor":33.0,"key":"Dexterity Potion"},{"floor":35.0,"key":"Dexterity Potion"},{"floor":39.0,"key":"GhostInAJar"},{"floor":42.0,"key":"SteroidPotion"}],"is_trial":false,"path_per_floor":["M","M","M","?","?","M","R","M","T","M","M","R","$","M","R","B",null,"M","M","M","?","M","R","M","M","T","?","R","M","M","$","R","B",null,"M","M","?","$","M","R","M","M","T","R","?","R","?","M","R","B"],"character_chosen":"THE_SILENT","items_purchased":["Leg Sweep","Footwork","Good Instincts","Bandage Up","Footwork","Dodge and Roll","Bane","Leg Sweep"],"campfire_rested":4,"item_purchase_floors":[13,13,13,31,31,31,38,38],"current_hp_per_floor":[70,70,70,70,70,64,64,66,66,61,61,61,61,57,57,35,70,67,67,56,56,40,40,28,19,19,19,40,32,32,32,53,65,70,70,70,70,70,54,54,41,31,31,52,52,52,52,45,66,0],"gold":650,"neow_bonus":"TRANSFORM_CARD","is_prod":false,"is_daily":false,"chose_seed":false,"campfire_upgraded":6,"win_rate":0,"timestamp":1551206681,"path_taken":["M","M","M","?","?","M","R","M","T","M","M","R","$","M","R","BOSS","M","M","M","?","M","R","M","M","T","?","R","M","?","$","R","BOSS","M","M","?","$","M","R","?","M","T","R","?","R","?","M","R","BOSS"],"build_version":"2019-01-23","purchased_purges":1,"victory":false,"max_hp_per_floor":[70,70,70,70,70,70,70,70,70,70,70,70,70,70,70,70,70,70,70,70,70,70,70,70,70,70,70,70,70,70,70,70,70,70,70,70,70,70,70,70,70,70,70,70,70,70,70,70,70,70],"card_choices":[{"not_picked":["Prepared","PiercingWail"],"picked":"Bouncing Flask","floor":1.0},{"not_picked":["Slice","Endless Agony"],"picked":"Bouncing Flask","floor":2.0},{"not_picked":["Skewer","Infinite Blades"],"picked":"Deadly Poison","floor":3.0},{"not_picked":["Reflex","Acrobatics"],"picked":"Deadly Poison","floor":6.0},{"not_picked":["Distraction","Dagger Throw"],"picked":"Deflect","floor":8.0},{"not_picked":["Accuracy","Phantasmal Killer"],"picked":"Acrobatics","floor":10.0},{"not_picked":["Slice","Blade Dance"],"picked":"Noxious Fumes","floor":11.0},{"not_picked":["Acrobatics","Sucker Punch"],"picked":"Deflect","floor":14.0},{"not_picked":["Storm of Steel","A Thousand Cuts"],"picked":"Venomology","floor":16.0},{"not_picked":["Flying Knee","Terror"],"picked":"Deadly Poison+1","floor":18.0},{"not_picked":["Outmaneuver","Caltrops"],"picked":"Deflect+1","floor":19.0},{"not_picked":["Storm of Steel","Riddle With Holes+1"],"picked":"Dash","floor":20.0},{"not_picked":["Bouncing Flask","Flechettes"],"picked":"Leg Sweep+1","floor":22.0},{"not_picked":["Dagger Spray+1","Tactician"],"picked":"Catalyst","floor":24.0},{"not_picked":["Expertise+1","Reflex+1","Riddle With Holes"],"picked":"SKIP","floor":25.0},{"not_picked":["Acrobatics","All Out Attack"],"picked":"Catalyst+1","floor":29.0},{"not_picked":["Slice+1","Outmaneuver"],"picked":"Dodge and Roll","floor":30.0},{"not_picked":["Endless Agony","All Out Attack+1"],"picked":"Terror+1","floor":35.0},{"not_picked":["Deflect","Concentrate"],"picked":"Escape Plan","floor":36.0},{"not_picked":["Sucker Punch+1","Quick Slash","Cloak And Dagger"],"picked":"SKIP","floor":39.0},{"not_picked":["Dagger Throw","Blade Dance+1"],"picked":"Blur+1","floor":41.0},{"not_picked":["Dagger Spray+1","Prepared"],"picked":"Well Laid Plans+1","floor":42.0},{"not_picked":["PiercingWail","Flying Knee+1"],"picked":"Deflect","floor":48.0}],"player_experience":1599374,"relics_obtained":[],"event_choices":[{"damage_healed":0.0,"max_hp_gain":0.0,"max_hp_loss":0.0,"gold_gain":0.0,"cards_transformed":["Eviscerate"],"event_name":"Living Wall","player_choice":"Change","floor":4.0,"gold_loss":0.0,"damage_taken":0.0,"cards_obtained":["Flying Knee"]},{"damage_healed":0.0,"max_hp_gain":0.0,"max_hp_loss":0.0,"gold_gain":0.0,"event_name":"Golden Idol","player_choice":"Ignored","floor":5.0,"gold_loss":0.0,"damage_taken":0.0},{"damage_healed":0.0,"max_hp_gain":0.0,"max_hp_loss":0.0,"gold_gain":0.0,"event_name":"The Mausoleum","player_choice":"Ignored","floor":21.0,"gold_loss":0.0,"damage_taken":0.0},{"damage_healed":0.0,"max_hp_gain":0.0,"max_hp_loss":0.0,"gold_gain":200.0,"event_name":"Wheel of Change","player_choice":"Gold","floor":27.0,"gold_loss":0.0,"damage_taken":0.0},{"damage_healed":0.0,"max_hp_gain":0.0,"max_hp_loss":0.0,"gold_gain":275.0,"event_name":"Golden Shrine","player_choice":"Desecrate","floor":37.0,"gold_loss":0.0,"damage_taken":0.0,"cards_obtained":["Regret"]},{"cards_removed":["Dash"],"damage_healed":0.0,"max_hp_gain":0.0,"max_hp_loss":0.0,"gold_gain":0.0,"event_name":"Falling","player_choice":"Removed Attack","floor":45.0,"gold_loss":0.0,"damage_taken":0.0},{"damage_healed":0.0,"max_hp_gain":0.0,"max_hp_loss":0.0,"gold_gain":0.0,"event_name":"Tomb of Lord Red Mask","player_choice":"Ignored","floor":47.0,"gold_loss":0.0,"damage_taken":0.0}],"is_beta":false,"boss_relics":[{"not_picked":["Coffee Dripper","Eternal Feather","Pandora\u0027s Box"]},{"not_picked":["Philosopher\u0027s Stone","WristBlade"],"picked":"Ring of the Serpent"}],"items_purged_floors":[38],"is_endless":false,"potions_floor_spawned":[3,8,10,16,18,24,30,33,35,39,42],"killed_by":"Awakened One","ascension_level":0}