{"gold_per_floor":[113,32,49,49,15,15,47,47,72,102,102,117,117,117,117,191,191,209,51,51,69,85,85],"floor_reached":23,"playtime":751,"items_purged":[],"score":345,"play_id":"48f22471-32dd-46ce-b17f-a7878274b351","local_time":"20190411121250","is_ascension_mode":true,"campfire_choices":[{"data":"Sunder","floor":6,"key":"SMITH"},{"floor":8,"key":"REST"},{"data":"Loop","floor":11,"key":"SMITH"},{"data":"Static Discharge","floor":15,"key":"SMITH"}],"neow_cost":"NONE","seed_source_timestamp":2292330823995301,"circlet_count":0,"master_deck":["AscendersBane","Strike_B","Strike_B","Defend_B","Defend_B","Defend_B","Defend_B","Zap+1","Dualcast","Static Discharge+1","Sunder+1","Melter","Doom and Gloom","Loop+1","Seek","Ball Lightning+1","Bandage Up","Cold Snap","Coolheaded","Ball Lightning","Go for the Eyes"],"relics":["FrozenCore","Cables","Regal Pillow","Art of War","Vajra"],"potions_floor_usage":[10,23,23],"damage_taken":[{"damage":8,"enemies":"Small Slimes","floor":1,"turns":3},{"damage":1,"enemies":"Cultist","floor":3,"turns":4},{"damage":46,"enemies":"Lagavulin","floor":7,"turns":6},{"damage":2,"enemies":"Gremlin Nob","floor":10,"turns":3},{"damage":0,"enemies":"2 Louse","floor":12,"turns":3},{"damage":27,"enemies":"The Guardian","floor":16,"turns":8},{"damage":7,"enemies":"Spheric Guardian","floor":18,"turns":2},{"damage":3,"enemies":"3 Byrds","floor":21,"turns":3},{"damage":42,"enemies":"Shelled Parasite and Fungi","floor":22,"turns":3},{"damage":10,"enemies":"Gremlin Leader","floor":23,"turns":3}],"seed_played":"8102464973842823360","potions_obtained":[{"floor":3,"key":"Fire Potion"},{"floor":10,"key":"Swift Potion"},{"floor":21,"key":"EssenceOfSteel"},{"floor":22,"key":"Fire Potion"}],"is_trial":false,"path_per_floor":["?","$","?","?","?"],"character_chosen":"DEFECT","items_purchased":["Static Discharge","Melter","Bandage Up","Cold Snap","Coolheaded"],"campfire_rested":1,"item_purchase_floors":[2,5,19,19,19],"current_hp_per_floor":[56,56,55,55,55,55,9,30,30,28,28,28,28,28,28,1,54,47,47,47,48,10,0],"gold":85,"neow_bonus":"REMOVE_CARD","is_prod":false,"is_daily":false,"chose_seed":false,"campfire_upgraded":3,"win_rate":0,"timestamp":1554999170,"path_taken":["M","$","M","?","?","R","E","R","T","E","R","M","?","?","R","BOSS","M","$","?","M","M","E"],"build_version":"2019-01-23","purchased_purges":0,"victory":false,"max_hp_per_floor":[71,71,71,71,71,71,71,71,71,71,71,71,71,71,71,71,71,71,71,71,71,71,71],"card_choices":[{"not_picked":["Barrage","Hologram","Beam Cell"],"picked":"SKIP","floor":1},{"not_picked":["Compile Driver","Steam"],"picked":"Sunder","floor":3},{"not_picked":["Hello World","Recycle"],"picked":"Doom and Gloom","floor":7},{"not_picked":["Scrape","Cold Snap"],"picked":"Loop","floor":10},{"not_picked":["Hologram","Gash","Beam Cell"],"picked":"SKIP","floor":12},{"not_picked":["Rainbow","Reboot"],"picked":"Seek","floor":16},{"not_picked":["Sunder","Barrage+1"],"picked":"Ball Lightning+1","floor":18},{"not_picked":["Rebound+1","Redo+1"],"picked":"Ball Lightning","floor":21},{"not_picked":["Gash","Turbo"],"picked":"Go for the Eyes","floor":22}],"player_experience":1805035,"relics_obtained":[{"floor":7,"key":"Cables"},{"floor":9,"key":"Regal Pillow"},{"floor":10,"key":"Art of War"}],"event_choices":[{"cards_removed":["Strike_B"],"damage_healed":0,"gold_gain":0,"player_choice":"Offered Basic","damage_taken":0,"max_hp_gain":0,"max_hp_loss":0,"event_name":"Bonfire Elementals","floor":4,"gold_loss":0},{"damage_healed":0,"gold_gain":0,"player_choice":"Grow","damage_taken":0,"max_hp_gain":0,"max_hp_loss":0,"event_name":"Living Wall","floor":13,"gold_loss":0,"cards_upgraded":["Zap"]},{"damage_healed":0,"gold_gain":0,"player_choice":"Searched \u00271\u0027 times","damage_taken":0,"relics_obtained":["Vajra"],"max_hp_gain":0,"max_hp_loss":0,"event_name":"Dead Adventurer","floor":14,"gold_loss":0}],"is_beta":false,"boss_relics":[{"not_picked":["Ectoplasm","Philosopher\u0027s Stone"],"picked":"FrozenCore"}],"items_purged_floors":[],"is_endless":false,"potions_floor_spawned":[3,10,21,22],"killed_by":"Gremlin Leader","ascension_level":15}