{"gold_per_floor":[113,113,113,164,439,439,451,11,11,24,53,69,79,95,95,194,194,207,217,217,217,10,36,36,49,49,65,65,78,92,109,109,109],"floor_reached":33,"playtime":1247,"items_purged":["Regret"],"score":420,"play_id":"0566ef92-e396-4678-8c5d-9880e2c3af0e","local_time":"20181107142709","is_ascension_mode":true,"campfire_choices":[{"data":"Bash","floor":6,"key":"SMITH"},{"floor":15,"key":"REST"},{"floor":24,"key":"REST"},{"data":"Heavy Blade","floor":28,"key":"SMITH"},{"floor":32,"key":"REST"}],"neow_cost":"NONE","seed_source_timestamp":2410502204571166,"circlet_count":0,"master_deck":["AscendersBane","Strike_R","Strike_R","Strike_R","Strike_R","Strike_R","Defend_R","Defend_R","Defend_R","Defend_R","Bash+1","Pommel Strike+1","Twin Strike","Shrug It Off","Pommel Strike","Twin Strike","Heavy Blade+1","Spot Weakness","Wild Strike","Wild Strike","Impervious","Shockwave","Impervious","Seeing Red+1","Metallicize","Twin Strike"],"relics":["Burning Blood","NeowsBlessing","Anchor","Shuriken","Oddly Smooth Stone","Happy Flower","Busted Crown","NlothsMask","DollysMirror","Letter Opener"],"potions_floor_usage":[14,18,27,30,31,33],"damage_taken":[{"damage":0,"enemies":"Jaw Worm","floor":1,"turns":1},{"damage":0,"enemies":"Small Slimes","floor":7,"turns":1},{"damage":0,"enemies":"2 Louse","floor":10,"turns":1},{"damage":32,"enemies":"Gremlin Nob","floor":11,"turns":4},{"damage":0,"enemies":"Red Slaver","floor":12,"turns":3},{"damage":12,"enemies":"Exordium Thugs","floor":13,"turns":4},{"damage":6,"enemies":"Lots of Slimes","floor":14,"turns":5},{"damage":8,"enemies":"Slime Boss","floor":16,"turns":7},{"damage":15,"enemies":"3 Byrds","floor":18,"turns":3},{"damage":10,"enemies":"Shell Parasite","floor":19,"turns":3},{"damage":0,"enemies":"Colosseum Slavers","floor":20,"turns":3},{"damage":27,"enemies":"Gremlin Leader","floor":23,"turns":6},{"damage":6,"enemies":"Centurion and Healer","floor":25,"turns":4},{"damage":8,"enemies":"3 Cultists","floor":27,"turns":5},{"damage":24,"enemies":"Snake Plant","floor":29,"turns":5},{"damage":31,"enemies":"Centurion and Healer","floor":30,"turns":5},{"damage":10,"enemies":"Shelled Parasite and Fungi","floor":31,"turns":4},{"damage":61,"enemies":"Collector","floor":33,"turns":9}],"seed_played":"8901769047030563485","potions_obtained":[{"floor":12,"key":"Swift Potion"},{"floor":13,"key":"EssenceOfSteel"},{"floor":16,"key":"Poison Potion"},{"floor":23,"key":"Dexterity Potion"},{"floor":29,"key":"Poison Potion"},{"floor":30,"key":"LiquidBronze"}],"is_trial":false,"path_per_floor":["M","?","?","T","?","R","M","$","T","M","E","M","M","M","R","B",null,"M","M","?","?","$","E","R","M","T","M","R","M","M","M","R","B"],"character_chosen":"IRONCLAD","items_purchased":["Shrug It Off","Pommel Strike","Twin Strike","Shuriken","DollysMirror"],"campfire_rested":3,"item_purchase_floors":[8,8,8,8,22],"current_hp_per_floor":[78,78,78,78,78,78,80,80,80,80,54,60,54,54,78,76,79,70,66,72,72,72,51,75,75,75,73,73,55,30,26,50,0],"gold":109,"neow_bonus":"THREE_ENEMY_KILL","is_prod":false,"is_daily":false,"chose_seed":false,"campfire_upgraded":2,"win_rate":0,"timestamp":1541626029,"path_taken":["M","?","?","?","?","R","?","?","T","M","E","M","?","M","R","BOSS","M","M","?","?","$","E","R","M","T","M","R","M","M","M","R","BOSS"],"build_version":"2018-11-01","purchased_purges":1,"victory":false,"max_hp_per_floor":[80,80,80,80,80,80,80,80,80,80,80,80,80,80,80,80,80,80,80,80,80,80,80,80,80,80,80,80,80,80,80,80,80],"card_choices":[{"not_picked":["Battle Trance","Armaments"],"picked":"Pommel Strike","floor":1},{"not_picked":["Heavy Blade","Havoc"],"picked":"Twin Strike","floor":7},{"not_picked":["Sword Boomerang","Anger"],"picked":"Heavy Blade","floor":10},{"not_picked":["Feel No Pain","Sword Boomerang"],"picked":"Spot Weakness","floor":11},{"not_picked":["Sentinel","Carnage"],"picked":"Wild Strike","floor":12},{"not_picked":["Anger","Fire Breathing"],"picked":"Wild Strike","floor":13},{"not_picked":["Entrench","Second Wind","True Grit"],"picked":"SKIP","floor":14},{"not_picked":["Demon Form","Fiend Fire"],"picked":"Impervious","floor":16},{"not_picked":[],"picked":"Shockwave","floor":18},{"not_picked":["Hemokinesis"],"picked":"SKIP","floor":19},{"not_picked":[],"picked":"Seeing Red+1","floor":23},{"not_picked":["Infernal Blade"],"picked":"SKIP","floor":25},{"not_picked":[],"picked":"Metallicize","floor":27},{"not_picked":[],"picked":"Twin Strike","floor":29},{"not_picked":["Whirlwind+1"],"picked":"SKIP","floor":30},{"not_picked":["Second Wind+1"],"picked":"SKIP","floor":31}],"player_experience":1026678,"relics_obtained":[{"floor":4,"key":"Anchor"},{"floor":9,"key":"Oddly Smooth Stone"},{"floor":11,"key":"Happy Flower"},{"floor":23,"key":"Letter Opener"}],"event_choices":[{"damage_healed":0,"gold_gain":0,"player_choice":"Leave","damage_taken":0,"max_hp_gain":0,"max_hp_loss":0,"event_name":"The Cleric","floor":2,"gold_loss":0},{"damage_healed":0,"gold_gain":0,"player_choice":"Grow","damage_taken":0,"max_hp_gain":0,"max_hp_loss":0,"event_name":"Living Wall","floor":3,"gold_loss":0,"cards_upgraded":["Pommel Strike"]},{"damage_healed":0,"gold_gain":275,"player_choice":"Desecrate","damage_taken":0,"max_hp_gain":0,"max_hp_loss":0,"event_name":"Golden Shrine","floor":5,"gold_loss":0,"cards_obtained":["Regret"]},{"damage_healed":0,"gold_gain":0,"player_choice":"Fight","damage_taken":0,"max_hp_gain":0,"max_hp_loss":0,"event_name":"Colosseum","floor":20,"gold_loss":0},{"damage_healed":0,"gold_gain":0,"player_choice":"Fled From Nobs","damage_taken":0,"max_hp_gain":0,"max_hp_loss":0,"event_name":"Colosseum","floor":20,"gold_loss":0},{"damage_healed":0,"gold_gain":0,"player_choice":"Trade","damage_taken":0,"relics_obtained":["NlothsMask"],"max_hp_gain":0,"max_hp_loss":0,"event_name":"FaceTrader","floor":21,"gold_loss":0}],"is_beta":false,"boss_relics":[{"not_picked":["Orrery","Cursed Key"],"picked":"Busted Crown"}],"items_purged_floors":[8],"is_endless":false,"potions_floor_spawned":[12,13,16,20,23,25,29,30],"killed_by":"Collector","ascension_level":11}