{"gold_per_floor":[114,114,124,11,23,23,56,6,75,88,88,106,141,153,153,255,255,267,267,16,28,44,44,78,78,129,159,159],"floor_reached":28,"playtime":2086,"items_purged":["Pain","Strike_B"],"score":293,"play_id":"a319528e-056b-4c96-9ea2-9bda8b25d15b","local_time":"20190217164506","is_ascension_mode":false,"campfire_choices":[{"floor":6,"key":"RECALL"},{"data":"Redo","floor":11,"key":"SMITH"},{"floor":15,"key":"REST"},{"data":"Redo","floor":23,"key":"SMITH"},{"data":"Machine Learning","floor":25,"key":"SMITH"}],"neow_cost":"NONE","seed_source_timestamp":317001640320138,"circlet_count":0,"master_deck":["Strike_B","Strike_B","Defend_B+1","Defend_B+1","Zap","Dualcast","Gash","Gash","Sunder","Beam Cell","Redo+1","Gash","Go for the Eyes","Redo+1","Machine Learning+1","Gash","Steam","Redo","Steam"],"relics":["Cracked Core","WarpedTongs","Smiling Mask","Ornamental Fan","War Paint","Empty Cage","Symbiotic Virus","Boot","Ancient Tea Set"],"potions_floor_usage":[24,27,27],"damage_taken":[{"damage":0,"enemies":"2 Louse","floor":1,"turns":3},{"damage":3,"enemies":"Cultist","floor":3,"turns":4},{"damage":11,"enemies":"Jaw Worm","floor":5,"turns":2},{"damage":6,"enemies":"Gremlin Nob","floor":7,"turns":3},{"damage":13,"enemies":"Exordium Thugs","floor":10,"turns":3},{"damage":0,"enemies":"Large Slime","floor":12,"turns":3},{"damage":26,"enemies":"Lagavulin","floor":13,"turns":6},{"damage":1,"enemies":"3 Louse","floor":14,"turns":2},{"damage":24,"enemies":"Slime Boss","floor":16,"turns":8},{"damage":2,"enemies":"Chosen","floor":18,"turns":4},{"damage":5,"enemies":"3 Byrds","floor":21,"turns":3},{"damage":7,"enemies":"3 Cultists","floor":22,"turns":4},{"damage":15,"enemies":"Book of Stabbing","floor":24,"turns":4},{"damage":32,"enemies":"Slavers","floor":27,"turns":4},{"damage":17,"enemies":"Snake Plant","floor":28,"turns":2}],"seed_played":"-4696724770718289790","potions_obtained":[{"floor":5,"key":"GamblersBrew"},{"floor":10,"key":"LiquidBronze"},{"floor":12,"key":"Ancient Potion"},{"floor":14,"key":"Fire Potion"},{"floor":27,"key":"GamblersBrew"}],"is_trial":false,"path_per_floor":["?","M","?","$"],"character_chosen":"DEFECT","items_purchased":["Sunder","Symbiotic Virus"],"campfire_rested":1,"item_purchase_floors":[4,20],"current_hp_per_floor":[75,75,72,72,61,61,55,55,55,42,42,42,16,15,37,13,75,73,73,73,68,61,61,46,46,46,14,0],"gold":159,"neow_bonus":"THREE_CARDS","is_prod":false,"is_daily":false,"chose_seed":false,"campfire_upgraded":3,"win_rate":0,"timestamp":1550439906,"path_taken":["M","?","M","$","?","R","E","$","T","M","R","M","E","M","R","BOSS","M","?","?","M","M","R","E","R","T","E","M"],"build_version":"2019-01-23","purchased_purges":2,"victory":false,"max_hp_per_floor":[75,75,75,75,75,75,75,75,75,75,75,75,75,75,75,75,75,75,75,75,75,75,75,75,75,75,75,75],"card_choices":[{"not_picked":["Force Field","Consume"],"picked":"Gash","floor":0},{"not_picked":["Sweeping Beam","Coolheaded"],"picked":"Gash","floor":1},{"not_picked":["Streamline","BootSequence","Redo"],"picked":"SKIP","floor":3},{"not_picked":["Static Discharge","Compile Driver"],"picked":"Beam Cell","floor":5},{"not_picked":["Buffer","Cold Snap"],"picked":"Redo","floor":7},{"not_picked":["Beam Cell","Rebound"],"picked":"Gash","floor":10},{"not_picked":["Fusion","Stack"],"picked":"Go for the Eyes","floor":12},{"not_picked":["Compile Driver","Leap","Blizzard"],"picked":"SKIP","floor":13},{"not_picked":["Hologram","Hyperbeam"],"picked":"Redo","floor":14},{"not_picked":["Meteor Strike","Thunder Strike"],"picked":"Machine Learning","floor":16},{"not_picked":["Rebound","Turbo","Streamline"],"picked":"SKIP","floor":18},{"not_picked":["Compile Driver","Redo"],"picked":"Gash","floor":21},{"not_picked":["Rainbow","Skim"],"picked":"Steam","floor":22},{"not_picked":["Ball Lightning","Leap"],"picked":"Redo","floor":24},{"not_picked":["Turbo","Hyperbeam"],"picked":"Steam","floor":27}],"player_experience":478424,"relics_obtained":[{"floor":7,"key":"Smiling Mask"},{"floor":9,"key":"Ornamental Fan"},{"floor":13,"key":"War Paint"},{"floor":24,"key":"Boot"},{"floor":27,"key":"Ancient Tea Set"}],"event_choices":[{"damage_healed":0,"gold_gain":0,"player_choice":"Rummage","damage_taken":0,"relics_obtained":["WarpedTongs"],"max_hp_gain":0,"max_hp_loss":0,"event_name":"Accursed Blacksmith","floor":2,"gold_loss":0,"cards_obtained":["Pain"]},{"cards_removed":["Defend_B"],"damage_healed":0,"gold_gain":0,"player_choice":"Purged","damage_taken":0,"max_hp_gain":0,"max_hp_loss":0,"event_name":"Purifier","floor":19,"gold_loss":0}],"is_beta":false,"boss_relics":[{"not_picked":["Tiny House","Sozu"],"picked":"Empty Cage"}],"items_purged_floors":[4,8],"is_endless":false,"potions_floor_spawned":[5,10,12,14,16,22,27],"killed_by":"Snake Plant","ascension_level":0}