{"gold_per_floor":[111,111,123,123,138,171,171,205,205,205,230,243,254,269,269,367,367,380,396,50,50,63,63,83,83,129,129,140,170,185,185,185,283,283,302,313,52,107,0,0],"floor_reached":40,"playtime":5606,"items_purged":[],"score":478,"play_id":"6cc8d368-b569-4e00-a3e8-dcd5a0366761","local_time":"20190406142455","is_ascension_mode":false,"campfire_choices":[{"floor":10,"key":"REST"},{"floor":15,"key":"REST"},{"floor":23,"key":"REST"},{"floor":25,"key":"REST"},{"floor":27,"key":"DIG"},{"floor":32,"key":"DIG"}],"neow_cost":"NONE","seed_source_timestamp":0,"circlet_count":0,"master_deck":["Strike_B","Strike_B","Strike_B","Strike_B","Defend_B","Defend_B","Defend_B","Zap","Dualcast","Amplify","Auto Shields","Lockon","Double Energy","Ball Lightning","Doom and Gloom","Go for the Eyes","Hello World","Static Discharge","Force Field","Reprogram","Creative AI","Self Repair","Conserve Battery","Storm","Seek","Shame","Conserve Battery","Conserve Battery","Conserve Battery+1","Darkness+1","Loop","Amplify","Static Discharge+1","Stack+1","The Bomb","Self Repair","Double Energy+1"],"special_seed":0,"relics":["FrozenCore","Question Card","Mummified Hand","Ornamental Fan","Shovel","Pantograph","Dead Branch","Toolbox","Meat on the Bone","Boot","Symbiotic Virus","Art of War","Happy Flower","Oddly Smooth Stone","Nuclear Battery","Ginger","Red Mask"],"potions_floor_usage":[16,16,29,29,33,33,33],"damage_taken":[{"damage":6.0,"enemies":"2 Louse","floor":1.0,"turns":3.0},{"damage":1.0,"enemies":"Cultist","floor":3.0,"turns":3.0},{"damage":0.0,"enemies":"Small Slimes","floor":5.0,"turns":3.0},{"damage":9.0,"enemies":"3 Sentries","floor":6.0,"turns":8.0},{"damage":19.0,"enemies":"Gremlin Nob","floor":8.0,"turns":4.0},{"damage":27,"enemies":"3 Sentries","floor":11,"turns":6},{"damage":1,"enemies":"Blue Slaver","floor":12,"turns":3},{"damage":11,"enemies":"2 Fungi Beasts","floor":13,"turns":3},{"damage":8,"enemies":"Red Slaver","floor":14,"turns":2},{"damage":7,"enemies":"Hexaghost","floor":16,"turns":8},{"damage":28,"enemies":"Shell Parasite","floor":18,"turns":6},{"damage":19,"enemies":"Spheric Guardian","floor":19,"turns":5},{"damage":26,"enemies":"3 Cultists","floor":22,"turns":6},{"damage":17,"enemies":"Shelled Parasite and Fungi","floor":24,"turns":5},{"damage":9,"enemies":"Snake Plant","floor":28,"turns":3},{"damage":41,"enemies":"Slavers","floor":29,"turns":6},{"damage":3,"enemies":"Cultist and Chosen","floor":30,"turns":5},{"damage":7,"enemies":"Collector","floor":33,"turns":7},{"damage":27,"enemies":"Orb Walker","floor":35,"turns":3},{"damage":6,"enemies":"3 Shapes","floor":36,"turns":4},{"damage":34,"enemies":"2 Orb Walkers","floor":38,"turns":5},{"damage":48,"enemies":"Giant Head","floor":40,"turns":6}],"seed_played":"3422541702657510618","potions_obtained":[{"floor":1.0,"key":"SkillPotion"},{"floor":3.0,"key":"Block Potion"},{"floor":13,"key":"FearPotion"},{"floor":14,"key":"Poison Potion"},{"floor":18,"key":"Strength Potion"},{"floor":22,"key":"Swift Potion"},{"floor":28,"key":"AttackPotion"},{"floor":29,"key":"Fire Potion"},{"floor":30,"key":"GamblersBrew"}],"is_trial":false,"path_per_floor":["M","?","M","?","M","E","?","E","T","R","E","M","M","M","R","B",null,"M","M","$","?","M","R","M","R","T","R","M","E","M","?","R","B",null,"M","M","$","?","?","E"],"character_chosen":"DEFECT","items_purchased":["Storm","Toolbox","Seek","The Bomb","Self Repair"],"campfire_rested":4,"item_purchase_floors":[20,20,20,37,37],"current_hp_per_floor":[69,69,68,61,61,52,52,33,33,55,28,27,16,8,30,48,75,47,35,35,35,28,50,52,74,74,74,72,50,54,54,54,75,75,55,49,49,34,34,0],"gold":0,"neow_bonus":"ONE_RANDOM_RARE_CARD","is_prod":false,"is_daily":false,"chose_seed":false,"campfire_upgraded":0,"win_rate":0,"timestamp":1554557095,"path_taken":["M","?","M","?","M","E","?","E","T","R","E","M","?","M","R","BOSS","M","M","$","?","M","R","M","R","T","R","M","E","M","?","R","BOSS","M","M","$","?","?","E"],"build_version":"2019-01-23","purchased_purges":0,"victory":false,"max_hp_per_floor":[75,75,75,75,75,75,75,75,75,75,75,75,75,75,75,75,75,75,75,75,75,75,75,75,75,75,75,75,75,75,75,75,75,75,75,75,75,75,75,75],"card_choices":[{"not_picked":["Stack","Rebound"],"picked":"Auto Shields","floor":1.0},{"not_picked":["Barrage","Stack"],"picked":"Double Energy","floor":3.0},{"not_picked":["Heatsinks","Cold Snap","Redo"],"picked":"Ball Lightning","floor":5.0},{"not_picked":["Streamline","Core Surge","Darkness"],"picked":"Doom and Gloom","floor":6.0},{"not_picked":["Stack","Recycle","Chaos"],"picked":"Go for the Eyes","floor":8.0},{"not_picked":["Barrage","Coolheaded","Consume"],"picked":"Hello World","floor":11},{"not_picked":["Double Energy","Sweeping Beam","Beam Cell"],"picked":"Static Discharge","floor":12},{"not_picked":["Blizzard","Barrage","Rebound"],"picked":"Force Field","floor":13},{"not_picked":["Hologram","Leap","Gash"],"picked":"Reprogram","floor":14},{"not_picked":["Meteor Strike","Seek","Rainbow"],"picked":"Creative AI","floor":16},{"not_picked":["Reprogram","Compile Driver","Turbo"],"picked":"Self Repair","floor":18},{"not_picked":["Reinforced Body","Force Field+1","Recycle"],"picked":"Conserve Battery","floor":19},{"not_picked":["Redo","Cold Snap+1","Glacier"],"picked":"Conserve Battery","floor":22},{"not_picked":["Go for the Eyes","Steam","Hologram"],"picked":"Conserve Battery","floor":24},{"not_picked":["Hologram","Machine Learning","Reprogram"],"picked":"Conserve Battery+1","floor":28},{"not_picked":["Ball Lightning","Core Surge","Cold Snap"],"picked":"Darkness+1","floor":29},{"not_picked":["Chaos+1","Stack","Turbo"],"picked":"Loop","floor":30},{"not_picked":["Meteor Strike","Hyperbeam","Seek"],"picked":"Amplify","floor":33},{"not_picked":["Barrage","Sweeping Beam","Hologram+1"],"picked":"Static Discharge+1","floor":35},{"not_picked":["Consume+1","Conserve Battery","Sweeping Beam+1"],"picked":"Stack+1","floor":36},{"not_picked":["FTL+1","Rebound","Cold Snap+1"],"picked":"Double Energy+1","floor":38}],"player_experience":318791,"relics_obtained":[{"floor":6.0,"key":"Mummified Hand"},{"floor":7.0,"key":"Ornamental Fan"},{"floor":8.0,"key":"Shovel"},{"floor":9.0,"key":"Pantograph"},{"floor":11,"key":"Dead Branch"},{"floor":26,"key":"Boot"},{"floor":27,"key":"Symbiotic Virus"},{"floor":29,"key":"Art of War"},{"floor":32,"key":"Oddly Smooth Stone"},{"floor":38,"key":"Ginger"}],"event_choices":[{"damage_healed":0.0,"max_hp_gain":0.0,"max_hp_loss":0.0,"gold_gain":0.0,"cards_transformed":["Defend_B"],"event_name":"Living Wall","player_choice":"Change","floor":2.0,"gold_loss":0.0,"damage_taken":0.0,"cards_obtained":["Lockon"]},{"damage_healed":0.0,"max_hp_gain":0.0,"max_hp_loss":0.0,"gold_gain":0.0,"event_name":"Scrap Ooze","player_choice":"Success","floor":4.0,"gold_loss":0.0,"damage_taken":7.0,"relics_obtained":["Question Card"]},{"damage_healed":0.0,"max_hp_gain":0.0,"max_hp_loss":0.0,"gold_gain":0.0,"event_name":"Wheel of Change","player_choice":"Relic","floor":7.0,"gold_loss":0.0,"damage_taken":0.0},{"damage_healed":0,"gold_gain":0,"player_choice":"Stole Relic","damage_taken":0,"relics_obtained":["Meat on the Bone"],"max_hp_gain":0,"max_hp_loss":0,"event_name":"Addict","floor":21,"gold_loss":0,"cards_obtained":["Shame"]},{"damage_healed":0,"gold_gain":0,"player_choice":"Opened","damage_taken":0,"relics_obtained":["Happy Flower"],"max_hp_gain":0,"max_hp_loss":0,"event_name":"The Mausoleum","floor":31,"gold_loss":0},{"damage_healed":0,"gold_gain":0,"player_choice":"Fight","damage_taken":0,"max_hp_gain":0,"max_hp_loss":0,"event_name":"Mysterious Sphere","floor":38,"gold_loss":0},{"damage_healed":0,"gold_gain":0,"player_choice":"Paid","damage_taken":0,"relics_obtained":["Red Mask"],"max_hp_gain":0,"max_hp_loss":0,"event_name":"Tomb of Lord Red Mask","floor":39,"gold_loss":107}],"is_beta":false,"boss_relics":[{"not_picked":["Lizard Tail","Cursed Key"],"picked":"FrozenCore"},{"not_picked":["Runic Dome","Astrolabe"],"picked":"Nuclear Battery"}],"items_purged_floors":[],"is_endless":false,"potions_floor_spawned":[1,3,13,14,18,22,28,29,30],"killed_by":"Giant Head","ascension_level":0}