{"gold_per_floor":[117,131,150,166,185,185,214,214,214,12,87,87,120,131,131,226,226,244,46,46,66,86,116,116,126,126,140,157,157,175,175,175,279,279,297,160,160,175,175,207,207,223,223,223,223,237,237,272,272,272,272,272,30,55,55],"floor_reached":55,"playtime":2964,"items_purged":["Defend_B","Defend_B"],"score":739,"play_id":"af1bb29c-07a1-49ac-bd84-9388815c252e","local_time":"20181104223824","is_ascension_mode":false,"campfire_choices":[{"data":"Beam Cell","floor":6,"key":"SMITH"},{"data":"Chaos","floor":15,"key":"SMITH"},{"data":"Redo","floor":29,"key":"SMITH"},{"floor":32,"key":"REST"},{"floor":41,"key":"RECALL"},{"data":"Fusion","floor":47,"key":"SMITH"},{"data":"Defragment","floor":49,"key":"SMITH"},{"data":"Defragment","floor":52,"key":"SMITH"}],"neow_cost":"NONE","seed_source_timestamp":192626586576968,"circlet_count":0,"master_deck":["Defend_B","Zap","Dualcast","Reboot","Cold Snap","Leap","Beam Cell+1","Conserve Battery","Chaos+1","Defragment+1","Echo Form","Tempest+1","Ball Lightning+1","Coolheaded+1","Conserve Battery","Redo+1","Ball Lightning+1","Redo+1","Cold Snap","Defragment+1","Electrodynamics","Fusion+1","Writhe","Dark Shackles","Blind","Ball Lightning+1","Biased Cognition"],"relics":["Cracked Core","DataDisk","Ornamental Fan","Lee\u0027s Waffle","Turnip","Pear","Astrolabe","Bottled Tornado","Dream Catcher","Enchiridion","Busted Crown","Pantograph","Ginger","Letter Opener","Orichalcum","Chemical X","Potion Belt"],"potions_floor_usage":[3,7,23,23,23,23,50,50,50,54],"damage_taken":[{"damage":1,"enemies":"Cultist","floor":1,"turns":3},{"damage":4,"enemies":"Jaw Worm","floor":2,"turns":3},{"damage":7,"enemies":"Small Slimes","floor":3,"turns":3},{"damage":1,"enemies":"Looter","floor":4,"turns":3},{"damage":0,"enemies":"Exordium Wildlife","floor":5,"turns":3},{"damage":10,"enemies":"3 Sentries","floor":7,"turns":7},{"damage":22,"enemies":"Lagavulin","floor":13,"turns":8},{"damage":2,"enemies":"2 Fungi Beasts","floor":14,"turns":3},{"damage":4,"enemies":"The Guardian","floor":16,"turns":14},{"damage":12,"enemies":"2 Thieves","floor":18,"turns":4},{"damage":0,"enemies":"Spheric Guardian","floor":21,"turns":3},{"damage":10,"enemies":"Shelled Parasite and Fungi","floor":22,"turns":4},{"damage":10,"enemies":"Book of Stabbing","floor":23,"turns":3},{"damage":14,"enemies":"Chosen and Byrds","floor":25,"turns":4},{"damage":0,"enemies":"Snecko","floor":27,"turns":5},{"damage":0,"enemies":"Snake Plant","floor":28,"turns":3},{"damage":0,"enemies":"Sentry and Sphere","floor":30,"turns":3},{"damage":6,"enemies":"Automaton","floor":33,"turns":9},{"damage":3,"enemies":"Orb Walker","floor":35,"turns":3},{"damage":16,"enemies":"3 Darklings","floor":38,"turns":3},{"damage":46,"enemies":"Reptomancer","floor":40,"turns":5},{"damage":9,"enemies":"Spire Growth","floor":42,"turns":4},{"damage":0,"enemies":"Transient","floor":46,"turns":5},{"damage":8,"enemies":"Giant Head","floor":48,"turns":8},{"damage":53,"enemies":"Time Eater","floor":50,"turns":12},{"damage":15,"enemies":"Shield and Spear","floor":54,"turns":4},{"damage":80,"enemies":"The Heart","floor":55,"turns":6}],"seed_played":"-8684012893409492954","potions_obtained":[{"floor":2,"key":"Explosive Potion"},{"floor":3,"key":"FearPotion"},{"floor":13,"key":"FocusPotion"},{"floor":14,"key":"SkillPotion"},{"floor":16,"key":"EssenceOfSteel"},{"floor":22,"key":"Energy Potion"},{"floor":25,"key":"GamblersBrew"},{"floor":38,"key":"GamblersBrew"},{"floor":42,"key":"Poison Potion"},{"floor":48,"key":"Fire Potion"}],"is_trial":false,"path_per_floor":["M","M","M","M","M","R","E","?","T","$","?","T","E","M","R","B",null,"M","$","?","M","M","E","T","M","T","M","M","R","M","?","R","B",null,"M","$","?","M","?","E","R","M","T","?","?","M","R","E","R","B",null,"R","$","E","B"],"character_chosen":"DEFECT","items_purchased":["Lee\u0027s Waffle","EntropicBrew","Conserve Battery","Fusion","Chemical X","SkillPotion"],"campfire_rested":1,"item_purchase_floors":[10,19,19,36,53,53],"current_hp_per_floor":[74,70,63,62,62,62,52,45,45,82,71,71,59,57,57,53,92,80,80,80,80,70,60,60,46,46,46,46,46,46,30,57,51,92,89,89,89,73,92,46,46,37,37,80,70,70,70,62,62,27,80,80,80,65,0],"gold":55,"neow_bonus":"ONE_RANDOM_RARE_CARD","is_prod":false,"is_daily":false,"chose_seed":false,"campfire_upgraded":6,"win_rate":0,"timestamp":1541389104,"path_taken":["M","M","?","?","?","R","E","?","T","$","?","?","E","M","R","BOSS","M","$","?","M","M","E","?","M","T","M","M","R","M","?","R","BOSS","M","$","?","?","?","E","R","M","T","?","?","M","R","E","R","BOSS","R","$","E","BOSS"],"build_version":"2018-11-02","purchased_purges":2,"victory":false,"max_hp_per_floor":[75,75,75,75,75,75,75,75,75,82,82,82,92,92,92,92,92,92,92,92,92,92,92,92,92,92,92,92,92,92,92,92,92,92,92,92,92,92,92,92,92,92,92,80,80,80,80,80,80,80,80,80,80,80,80],"card_choices":[{"not_picked":["Go for the Eyes","Rip and Tear"],"picked":"Cold Snap","floor":1},{"not_picked":["Force Field","Beam Cell"],"picked":"Leap","floor":2},{"not_picked":["Reinforced Body","Steam"],"picked":"Beam Cell","floor":3},{"not_picked":["Streamline","Stack"],"picked":"Conserve Battery","floor":4},{"not_picked":["Turbo","Hello World","Barrage"],"picked":"SKIP","floor":5},{"not_picked":["Barrage","Steam","Amplify"],"picked":"SKIP","floor":7},{"not_picked":["Go for the Eyes","Chill"],"picked":"Chaos","floor":13},{"not_picked":["Barrage","Doom and Gloom"],"picked":"Defragment","floor":14},{"not_picked":["Rainbow","Meteor Strike"],"picked":"Echo Form","floor":16},{"not_picked":["Streamline","Beam Cell","Melter"],"picked":"SKIP","floor":18},{"not_picked":["Sweeping Beam","FTL","Go for the Eyes"],"picked":"SKIP","floor":21},{"not_picked":["Go for the Eyes+1","Reinforced Body"],"picked":"Redo+1","floor":22},{"not_picked":["Reinforced Body+1","Force Field+1","Melter"],"picked":"SKIP","floor":23},{"not_picked":["Barrage","Sweeping Beam","Hologram+1"],"picked":"SKIP","floor":25},{"not_picked":["All For One","Sunder"],"picked":"Ball Lightning+1","floor":27},{"not_picked":["Heatsinks","Barrage"],"picked":"Redo","floor":28},{"not_picked":["Static Discharge+1","Gash"],"picked":"Cold Snap","floor":30},{"not_picked":["Sweeping Beam","Hyperbeam"],"picked":"Defragment","floor":32},{"not_picked":["Amplify","Reboot"],"picked":"Electrodynamics","floor":33},{"not_picked":["Hologram"],"picked":"SKIP","floor":35},{"not_picked":["Redo"],"picked":"SKIP","floor":38},{"not_picked":["Gash+1"],"picked":"SKIP","floor":40},{"not_picked":["Rebound+1"],"picked":"SKIP","floor":42},{"not_picked":[],"picked":"Dark Shackles","floor":45},{"not_picked":[],"picked":"Blind","floor":45},{"not_picked":[],"picked":"Ball Lightning+1","floor":46},{"not_picked":["Barrage+1"],"picked":"SKIP","floor":48},{"not_picked":[],"picked":"Biased Cognition","floor":54}],"player_experience":441985,"relics_obtained":[{"floor":7,"key":"DataDisk"},{"floor":9,"key":"Ornamental Fan"},{"floor":12,"key":"Turnip"},{"floor":13,"key":"Pear"},{"floor":23,"key":"Bottled Tornado"},{"floor":26,"key":"Dream Catcher"},{"floor":31,"key":"Enchiridion"},{"floor":40,"key":"Ginger"},{"floor":43,"key":"Letter Opener"},{"floor":48,"key":"Orichalcum"},{"floor":54,"key":"Potion Belt"}],"event_choices":[{"cards_removed":["Strike_B"],"damage_healed":0,"gold_gain":0,"player_choice":"Card Removal","damage_taken":7,"max_hp_gain":0,"max_hp_loss":0,"event_name":"Golden Wing","floor":8,"gold_loss":0},{"damage_healed":0,"gold_gain":75,"player_choice":"Gather Gold","damage_taken":11,"max_hp_gain":0,"max_hp_loss":0,"event_name":"World of Goop","floor":11,"gold_loss":0},{"cards_removed":["Defend_B"],"damage_healed":0,"gold_gain":0,"player_choice":"Elegance","damage_taken":0,"max_hp_gain":0,"max_hp_loss":0,"event_name":"Back to Basics","floor":20,"gold_loss":0},{"damage_healed":0,"gold_gain":0,"player_choice":"Obtained Book","damage_taken":16,"max_hp_gain":0,"max_hp_loss":0,"event_name":"Cursed Tome","floor":31,"gold_loss":0},{"damage_healed":0,"gold_gain":0,"player_choice":"Gave Potion","damage_taken":0,"relics_obtained":["Pantograph"],"max_hp_gain":0,"max_hp_loss":0,"event_name":"WeMeetAgain","floor":37,"gold_loss":0},{"damage_healed":23,"gold_gain":0,"player_choice":"Writhe","damage_taken":0,"max_hp_gain":0,"max_hp_loss":0,"event_name":"Winding Halls","floor":39,"gold_loss":0,"cards_obtained":["Writhe"]},{"damage_healed":80,"gold_gain":0,"player_choice":"Heal","damage_taken":0,"max_hp_gain":0,"max_hp_loss":12,"event_name":"The Moai Head","floor":44,"gold_loss":0},{"damage_healed":0,"gold_gain":0,"player_choice":"Memory 3","damage_taken":10,"max_hp_gain":0,"max_hp_loss":0,"event_name":"SensoryStone","floor":45,"gold_loss":0}],"is_beta":true,"boss_relics":[{"not_picked":["Ectoplasm","Tiny House"],"picked":"Astrolabe"},{"not_picked":["Coffee Dripper","Sozu"],"picked":"Busted Crown"}],"items_purged_floors":[19,36],"is_endless":false,"potions_floor_spawned":[2,3,13,14,16,22,25,33,38,42,48],"killed_by":"The Heart","ascension_level":0}