{"path_per_floor":["M","$","M","?","M","R","M","M","T","R","M","E","M","M","R","B",null,"M","?","M","M","?","E","R","M","T","$","R","M","M","E","R","B",null,"M","?","?","M","?","R","M","M","T","$","M"],"character_chosen":"IRONCLAD","items_purchased":["Shrug It Off","Bottled Lightning","Evolve","Uppercut"],"gold_per_floor":[114,14,25,25,40,40,54,71,71,71,87,120,140,154,154,252,252,238,238,257,273,273,331,331,341,368,37,37,47,60,93,93,193,193,209,209,0,15,15,15,29,47,74,5,21],"floor_reached":46,"campfire_rested":0,"playtime":3728,"current_hp_per_floor":[80,80,80,64,68,68,60,64,64,64,62,55,59,62,62,60,80,73,73,74,60,56,47,47,49,49,49,49,55,56,56,56,39,56,36,36,36,24,66,66,51,61,61,61,29],"items_purged":["Strike_R"],"gold":21,"play_id":"08d2022a-d542-4181-b613-a0c43669dd76","is_prod":false,"is_daily":false,"is_ascension_mode":false,"campfire_upgraded":7,"path_taken":["M","?","M","?","M","R","M","M","T","R","M","E","M","?","R","BOSS","M","?","M","M","?","E","R","M","T","$","R","M","?","E","R","BOSS","M","?","?","M","?","R","?","M","T","?","M","E"],"build_version":"2018-02-01-PROD3","purchased_purges":1,"victory":false,"master_deck":["Defend_R+1","Defend_R","Defend_R","Defend_R","Bash+1","Inflame+1","Shrug It Off+1","Heavy Blade","Disarm","Disarm","Power Through","Metallicize","Shockwave+1","Exhume+1","Warcry+1","Normality","Metallicize+1","Bite","Bite","Bite","Bite","Bite","Seeing Red+1","Thunderclap","Evolve","Rupture","Dual Wield","Dual Wield+1","Pommel Strike+1","Dual Wield","Infernal Blade","Uppercut","Heavy Blade+1"],"max_hp_per_floor":[80,80,80,80,80,80,80,80,80,80,80,80,80,80,80,80,80,80,80,80,80,56,56,56,56,56,56,56,56,56,56,56,56,56,56,56,56,56,66,66,66,66,66,66,66],"relics":["Burning Blood","Whetstone","Champion Belt","Regal Pillow","Mark of Pain","Orichalcum","Tiny Chest","Vajra","Bottled Lightning","Dream Catcher","Sozu","Red Mask","Blood Vial"],"card_choices":[{"not_picked":["True Grit","Evolve"],"picked":"Inflame"},{"not_picked":["Pommel Strike","Clothesline"],"picked":"Heavy Blade"},{"not_picked":["Fire Breathing","Clothesline"],"picked":"Disarm"},{"not_picked":["Perfected Strike","Sword Boomerang"],"picked":"Heavy Blade"},{"not_picked":["Sentinel","Clash"],"picked":"Disarm"},{"not_picked":["True Grit","Juggernaut"],"picked":"Power Through"},{"not_picked":["Fire Breathing","Shockwave"],"picked":"Metallicize"},{"not_picked":["Body Slam","Pommel Strike"],"picked":"Shockwave"},{"not_picked":["Bludgeon","Juggernaut"],"picked":"Exhume"},{"not_picked":["Perfected Strike","Thunderclap"],"picked":"Warcry"},{"not_picked":["Wild Strike","Corruption"],"picked":"Metallicize"},{"not_picked":["True Grit","Clothesline"],"picked":"Seeing Red"},{"not_picked":["Havoc","Flame Barrier"],"picked":"Thunderclap"},{"not_picked":["Bludgeon","Clash"],"picked":"Rupture"},{"not_picked":["Intimidate","Metallicize"],"picked":"Dual Wield"},{"not_picked":["Wild Strike","Iron Wave"],"picked":"Dual Wield"},{"not_picked":["Juggernaut","Feed"],"picked":"Limit Break"},{"not_picked":["Anger","Battle Trance"],"picked":"Pommel Strike"},{"not_picked":["Blood for Blood","Anger"],"picked":"Dual Wield"},{"not_picked":["Cleave","Clash"],"picked":"Infernal Blade"},{"not_picked":["Shrug It Off","Thunderclap"],"picked":"Heavy Blade"}],"player_experience":86029,"potions_floor_usage":[8,12,16,21,23,23,33,33],"damage_taken":[{"damage":6,"enemies":"Blue Slaver","floor":1,"turns":4},{"damage":1,"enemies":"Cultist","floor":3,"turns":3},{"damage":2,"enemies":"2 Louse","floor":5,"turns":4},{"damage":14,"enemies":"Exordium Thugs","floor":7,"turns":4},{"damage":2,"enemies":"Looter","floor":8,"turns":3},{"damage":8,"enemies":"Red Slaver","floor":11,"turns":3},{"damage":13,"enemies":"Gremlin Nob","floor":12,"turns":4},{"damage":2,"enemies":"2 Fungi Beasts","floor":13,"turns":4},{"damage":3,"enemies":"Looter","floor":14,"turns":4},{"damage":8,"enemies":"Hexaghost","floor":16,"turns":10},{"damage":13,"enemies":"2 Thieves","floor":18,"turns":4},{"damage":5,"enemies":"Shell Parasite","floor":20,"turns":6},{"damage":20,"enemies":"Chosen and Byrds","floor":21,"turns":6},{"damage":31,"enemies":"Slavers","floor":23,"turns":9},{"damage":20,"enemies":"Cultist and Chosen","floor":25,"turns":8},{"damage":8,"enemies":"Sentry and Sphere","floor":29,"turns":7},{"damage":5,"enemies":"Snecko","floor":30,"turns":5},{"damage":2,"enemies":"Book of Stabbing","floor":31,"turns":7},{"damage":43,"enemies":"Automaton","floor":33,"turns":11},{"damage":30,"enemies":"3 Darklings","floor":35,"turns":6},{"damage":32,"enemies":"3 Shapes","floor":38,"turns":7},{"damage":33,"enemies":"3 Darklings","floor":41,"turns":10},{"damage":10,"enemies":"Maw","floor":42,"turns":9},{"damage":49,"enemies":"4 Shapes","floor":45,"turns":13},{"damage":66,"enemies":"Giant Head","floor":46,"turns":10}],"event_choices":[{"event_name":"Shining Light","player_choice":"Entered Light","floor":4,"damage_taken":0},{"event_name":"Accursed Blacksmith","player_choice":"Rummage","floor":19,"damage_taken":0},{"event_name":"Vampires","player_choice":"Became a vampire","floor":22,"damage_taken":0},{"event_name":"Tomb of Lord Red Mask","player_choice":"Paid","floor":37,"damage_taken":0},{"event_name":"Bonfire Elementals","player_choice":"RARE","floor":39,"damage_taken":0}],"boss_relics":[{"not_picked":["Calling Bell","Tiny House"],"picked":"Mark of Pain"},{"not_picked":["Cursed Key","Runic Dome"],"picked":"Sozu"}],"potions_floor_spawned":[3,7,8,12,16,20,23,29,31,42,45],"seed_played":"-6562079417857809226","killed_by":"Giant Head","ascension_level":0,"is_trial":false}