{"gold_per_floor":[10,21,40,40,40,69,69,89,89,107,123,140,140,156,156,257,257,271,290,290,290],"floor_reached":21,"playtime":691,"items_purged":[],"score":210,"play_id":"5c3f3b18-4caf-4d12-b051-14064f6a5fd7","local_time":"20190212223900","is_ascension_mode":false,"campfire_choices":[{"data":"Sword Boomerang","floor":7.0,"key":"SMITH"},{"data":"Pummel","floor":15.0,"key":"SMITH"}],"neow_cost":"NO_GOLD","seed_source_timestamp":11652394255689,"circlet_count":0,"master_deck":["Defend_R","Defend_R","Defend_R","Defend_R","Bash","Flash of Steel","Thinking Ahead","Spot Weakness+1","Sword Boomerang+1","Sword Boomerang","Sword Boomerang","Brutality","Shrug It Off","Thunderclap","Uppercut","Pummel+1","Feed","Shrug It Off","True Grit+1","Bite","Bite","Bite","Bite","Bite"],"special_seed":0,"relics":["Burning Blood"],"potions_floor_usage":[21],"damage_taken":[{"damage":6.0,"enemies":"Jaw Worm","floor":1.0,"turns":3.0},{"damage":6.0,"enemies":"Cultist","floor":2.0,"turns":3.0},{"damage":1.0,"enemies":"2 Louse","floor":3.0,"turns":2.0},{"damage":8.0,"enemies":"Gremlin Nob","floor":6.0,"turns":3.0},{"damage":6.0,"enemies":"Exordium Wildlife","floor":8.0,"turns":3.0},{"damage":16.0,"enemies":"Gremlin Gang","floor":10.0,"turns":3.0},{"damage":5.0,"enemies":"3 Louse","floor":11.0,"turns":3.0},{"damage":7.0,"enemies":"Exordium Wildlife","floor":12.0,"turns":3.0},{"damage":10.0,"enemies":"Looter","floor":14.0,"turns":2.0},{"damage":26.0,"enemies":"Hexaghost","floor":16.0,"turns":6.0},{"damage":23.0,"enemies":"3 Byrds","floor":18.0,"turns":3.0},{"damage":28.0,"enemies":"Spheric Guardian","floor":19.0,"turns":5.0},{"damage":57,"enemies":"Centurion and Healer","floor":21,"turns":7}],"seed_played":"-737283144145802835","potions_obtained":[{"floor":1.0,"key":"Ancient Potion"},{"floor":8.0,"key":"PowerPotion"},{"floor":12.0,"key":"Dexterity Potion"},{"floor":14.0,"key":"LiquidBronze"},{"floor":16.0,"key":"LiquidBronze"}],"is_trial":false,"path_per_floor":["M","M","M","$","?","E","R","M","T","M","M","M","?","M","R","B",null,"M","M","?","M"],"character_chosen":"IRONCLAD","items_purchased":[],"campfire_rested":0,"item_purchase_floors":[],"current_hp_per_floor":[80,80,80,80,80,78,78,78,78,68,69,68,68,64,64,44,80,63,41,41,0],"gold":290,"neow_bonus":"RANDOM_COLORLESS_2","is_prod":false,"is_daily":false,"chose_seed":false,"campfire_upgraded":2,"win_rate":0,"timestamp":1550036340,"path_taken":["M","M","M","$","?","E","R","M","T","M","M","M","?","M","R","BOSS","M","M","?","M"],"build_version":"2019-01-23","purchased_purges":0,"victory":false,"max_hp_per_floor":[80,80,80,80,80,80,80,80,80,80,80,80,80,80,80,80,80,80,80,56,56],"card_choices":[{"not_picked":["Headbutt","Armaments"],"picked":"Spot Weakness","floor":1.0},{"not_picked":["Entrench","Flex"],"picked":"Sword Boomerang","floor":2.0},{"not_picked":["Clash","Havoc"],"picked":"Sword Boomerang","floor":3.0},{"not_picked":["Wild Strike","Iron Wave"],"picked":"Sword Boomerang","floor":6.0},{"not_picked":["Clash","Carnage"],"picked":"Brutality","floor":8.0},{"not_picked":["Rampage","Warcry"],"picked":"Shrug It Off","floor":10.0},{"not_picked":["Twin Strike","Headbutt"],"picked":"Thunderclap","floor":11.0},{"not_picked":["Entrench","Warcry"],"picked":"Uppercut","floor":12.0},{"not_picked":["Thunderclap","Warcry"],"picked":"Pummel","floor":14.0},{"not_picked":["Bludgeon","Offering"],"picked":"Feed","floor":16.0},{"not_picked":["Sentinel+1","Thunderclap"],"picked":"Shrug It Off","floor":18.0},{"not_picked":["Carnage+1","Sentinel"],"picked":"True Grit+1","floor":19.0}],"player_experience":1452774,"relics_obtained":[],"event_choices":[{"damage_healed":0.0,"max_hp_gain":0.0,"max_hp_loss":0.0,"gold_gain":0.0,"event_name":"Living Wall","player_choice":"Grow","floor":5.0,"gold_loss":0.0,"damage_taken":0.0,"cards_upgraded":["Spot Weakness"]},{"damage_healed":0.0,"max_hp_gain":0.0,"max_hp_loss":0.0,"gold_gain":0.0,"event_name":"WeMeetAgain","player_choice":"Ignored","floor":13.0,"gold_loss":0.0,"damage_taken":0.0},{"damage_healed":0.0,"max_hp_gain":0.0,"max_hp_loss":24.0,"gold_gain":0.0,"event_name":"Vampires","player_choice":"Became a vampire","floor":20.0,"gold_loss":0.0,"damage_taken":0.0,"cards_obtained":["Bite","Bite","Bite","Bite","Bite"]}],"is_beta":false,"boss_relics":[{"not_picked":["Lizard Tail","Tiny House","Snecko Eye"]}],"items_purged_floors":[],"is_endless":false,"potions_floor_spawned":[1,8,12,14,16],"killed_by":"Centurion and Healer","ascension_level":0}