{"path_per_floor":["M","M","?","M","?","R","M","R","T","R","M","E","M","M","R","B",null,"M","?","$","M","?","E","M","M","T","$","R","$","M","?","R","B",null,"M","?","$","M","M","R","M","M","T","R","M","M","$","?","R"],"character_chosen":"IRONCLAD","items_purchased":["Dropkick","Inflame","Swift Potion","Swift Potion","Warcry","Inflame","Bloodletting","Strength Potion","Warcry"],"gold_per_floor":[119,135,135,151,151,151,174,174,174,174,197,230,243,259,259,380,380,400,325,68,81,81,106,116,136,136,45,45,10,27,27,27,123,123,140,140,16,35,49,49,67,79,79,79,92,107,84,0,0],"floor_reached":50,"campfire_rested":3,"playtime":3083,"current_hp_per_floor":[75,74,74,74,74,74,69,69,69,69,68,64,63,63,63,23,76,63,63,63,50,50,27,21,7,14,14,38,38,53,53,77,37,83,81,81,81,61,53,53,34,30,30,30,33,27,27,27,53],"items_purged":["Defend_R"],"gold":0,"play_id":"2cfe41e9-c44b-428c-9c37-5c1c6a724648","is_prod":false,"is_daily":false,"campfire_rituals":0,"campfire_upgraded":6,"is_hardmode":false,"path_taken":["M","M","?","M","?","R","M","R","T","R","?","E","M","M","R","BOSS","M","?","$","M","?","E","M","M","T","?","R","$","M","?","R","BOSS","M","?","?","M","M","R","M","M","T","R","M","M","$","?","R","BOSS"],"build_version":"2018-01-04-PROD1","purchased_purges":1,"victory":false,"master_deck":["Strike_R","Strike_R","Strike_R","Strike_R","Strike_R","Defend_R","Bash","Rage","Armaments","Iron Wave","Clash","Blood for Blood","Flex","Inflame","Blood for Blood","Limit Break","Perfected Strike","Dropkick","Inflame","Thunderclap","Rage","Seeing Red","Metallicize","Warcry","Inflame","Perfected Strike","Bloodletting","Headbutt","Shrug It Off","Impervious","Perfected Strike","Pommel Strike","Spot Weakness","Feed","Rage","Inflame","Warcry","Shrug It Off"],"max_hp_per_floor":[80,80,80,80,76,76,76,76,76,76,76,76,76,76,76,76,76,76,76,76,76,76,76,76,76,83,83,83,83,83,83,83,83,83,83,83,83,83,83,83,83,86,86,86,86,89,89,89,89],"relics":["Runic Dome","Bloody Idol","Dream Catcher","Orichalcum","White Beast Statue","Matryoshka","Strawberry","Meat on the Bone","Runic Pyramid","Gambling Chip","Oddly Smooth Stone","Red Mask"],"campfire_meditates":0,"card_choices":[{"not_picked":["Shockwave","Thunderclap"],"picked":"Rage"},{"not_picked":["Dual Wield","Clothesline"],"picked":"Armaments"},{"not_picked":["Perfected Strike","Headbutt"],"picked":"Iron Wave"},{"not_picked":["Twin Strike","Second Wind"],"picked":"Clash"},{"not_picked":["Juggernaut","Whirlwind"],"picked":"Blood for Blood"},{"not_picked":["Twin Strike","Fire Breathing"],"picked":"Flex"},{"not_picked":["Iron Wave","Feel No Pain"],"picked":"Inflame"},{"not_picked":["Perfected Strike","Clash"],"picked":"Blood for Blood"},{"not_picked":["Barricade","Double Tap"],"picked":"Limit Break"},{"not_picked":["Thunderclap","Cleave"],"picked":"Perfected Strike"},{"not_picked":["Seeing Red","Anger"],"picked":"Thunderclap"},{"not_picked":["Body Slam","Pummel"],"picked":"Rage"},{"not_picked":["Feed","Body Slam"],"picked":"Seeing Red"},{"not_picked":["Hemokinesis","Rampage"],"picked":"Metallicize"},{"not_picked":["Reckless Charge","Thunderclap"],"picked":"Perfected Strike"},{"not_picked":["Seeing Red","Clash"],"picked":"Headbutt"},{"not_picked":["Feed","Whirlwind"],"picked":"Shrug It Off"},{"not_picked":["Demon Form","Reaper"],"picked":"Impervious"},{"not_picked":["Sword Boomerang","Anger"],"picked":"Perfected Strike"},{"not_picked":["Thunderclap","Body Slam"],"picked":"Pommel Strike"},{"not_picked":["Sever Soul","Whirlwind"],"picked":"Spot Weakness"},{"not_picked":["Twin Strike","Rampage"],"picked":"Feed"},{"not_picked":["Thunderclap","Twin Strike"],"picked":"Rage"},{"not_picked":["Sword Boomerang","Intimidate"],"picked":"Inflame"},{"not_picked":["Clash","Body Slam"],"picked":"Shrug It Off"}],"player_experience":14738,"potions_floor_usage":[18,18,23,23,24,24,25,30,33,42,42,45,50],"damage_taken":[{"damage":5,"enemies":"Small Slimes","floor":1,"turns":4},{"damage":1,"enemies":"Jaw Worm","floor":2,"turns":3},{"damage":0,"enemies":"Cultist","floor":4,"turns":3},{"damage":5,"enemies":"Looter","floor":7,"turns":2},{"damage":1,"enemies":"2 Fungi Beasts","floor":11,"turns":3},{"damage":4,"enemies":"3 Sentries","floor":12,"turns":6},{"damage":1,"enemies":"Exordium Thugs","floor":13,"turns":4},{"damage":0,"enemies":"3 Louse","floor":14,"turns":2},{"damage":40,"enemies":"Slime Boss","floor":16,"turns":8},{"damage":13,"enemies":"3 Byrds","floor":18,"turns":5},{"damage":13,"enemies":"2 Thieves","floor":21,"turns":3},{"damage":28,"enemies":"Book of Stabbing","floor":23,"turns":4},{"damage":11,"enemies":"Snake Plant","floor":24,"turns":3},{"damage":19,"enemies":"Sentry and Sphere","floor":25,"turns":4},{"damage":2,"enemies":"Snecko","floor":30,"turns":3},{"damage":57,"enemies":"Automaton","floor":33,"turns":10},{"damage":7,"enemies":"Orb Walker","floor":35,"turns":4},{"damage":25,"enemies":"3 Shapes","floor":38,"turns":4},{"damage":25,"enemies":"Maw","floor":39,"turns":7},{"damage":36,"enemies":"4 Shapes","floor":41,"turns":5},{"damage":39,"enemies":"Sphere and 2 Shapes","floor":42,"turns":6},{"damage":14,"enemies":"3 Darklings","floor":45,"turns":4},{"damage":26,"enemies":"Maw","floor":46,"turns":7},{"damage":61,"enemies":"Awakened One","floor":50,"turns":5}],"event_choices":[{"event_name":"Living Wall","player_choice":"Grow","floor":3,"damage_taken":0},{"event_name":"Golden Idol","player_choice":"Lose Max HP","floor":5,"damage_taken":0},{"event_name":"Beggar","player_choice":"Gave Gold","floor":19,"damage_taken":0},{"event_name":"Forgotten Altar","player_choice":"Gave Idol","floor":22,"damage_taken":0},{"event_name":"Back to Basics","player_choice":"Simplicity","floor":31,"damage_taken":0},{"event_name":"Tomb of Lord Red Mask","player_choice":"Paid","floor":48,"damage_taken":0}],"boss_relics":[{"not_picked":["Snecko Eye","Lizard Tail"],"picked":"White Beast Statue"},{"not_picked":["Tiny House","Cursed Key"],"picked":"Runic Pyramid"}],"potions_floor_spawned":[1,7,11,16,18,21,23,24,25,30,33,35,38,39,41,42,45,46],"seed_played":"5645518225389868600","killed_by":"Awakened One","is_trial":false}