{"gold_per_floor":[114,129,304,33,48,108,123,153,153,153,153,21,21,51,51,151,151,166,8,8,23,38,68,83,83,83,113,33,48,48,48,48,148,148,163,163,163,178,196,196,211,241,241,241,256,286,301,316,316,316],"floor_reached":51,"playtime":4748,"items_purged":["Doubt"],"score":915,"play_id":"a6015256-3530-42a6-9b25-3892a99446de","local_time":"20180903145745","daily_mods":["Insanity","Elite Swarm","Binary"],"is_ascension_mode":false,"campfire_choices":[{"floor":11.0,"key":"REST"},{"floor":13.0,"key":"REST"},{"floor":15.0,"key":"REST"},{"floor":25,"key":"REST"},{"floor":30,"key":"REST"},{"data":"Turbo","floor":32,"key":"SMITH"},{"floor":40,"key":"REST"},{"floor":44,"key":"REST"},{"floor":49,"key":"REST"}],"neow_cost":"","seed_source_timestamp":0,"circlet_count":0,"master_deck":["Thunder Strike","Machine Learning","Core Surge","Blizzard","Core Surge","Redo","Barrage","Auto Shields","Defragment","Melter","Glacier","Reprogram","Dualcast","Loop+1","Consume","Fission","Stack","Echo Form","Coolheaded","Fission","Dualcast","Self Repair","Go for the Eyes","Reinforced Body","Turbo","Compile Driver","Defragment","Steam","Force Field","Beam Cell","Meteor Strike","Compile Driver","Streamline","BootSequence","Chaos","Barrage","Undo","Aggregate","Amplify","Amplify","Defragment","Seek","Beam Cell+1","Echo Form","Heatsinks","Cold Snap","Reinforced Body","Thunder Strike","Conserve Battery","Loop","Double Energy","Steam","Metamorphosis","Beam Cell","Turbo+1","Seek","Turbo","Sweeping Beam","Compile Driver","All For One","Echo Form","Force Field+1","Coolheaded","Defragment","Scrape","Chill+1","Compile Driver+1","Reboot","Sunder+1","Writhe","Rainbow","Aggregate","Reinforced Body+1","Bite","Bite","Bite","Bite","Bite","Rainbow","Redo+1","Madness","Madness","Force Field","Redo+1","Defragment+1","Hologram+1","Core Surge","Steam+1","Steam+1"],"special_seed":17777,"relics":["Cracked Core","Tiny Chest","Bottled Tornado","Pear","Darkstone Periapt","Cursed Key","Symbiotic Virus","Strawberry","Cables","Omamori","Inserter","Unceasing Top","Oddly Smooth Stone","Toxic Egg 2","Vajra"],"potions_floor_usage":[33,42,47,48],"damage_taken":[{"damage":0.0,"enemies":"Cultist","floor":1.0,"turns":4.0},{"damage":0.0,"enemies":"2 Louse","floor":2.0,"turns":3.0},{"damage":0.0,"enemies":"Small Slimes","floor":5.0,"turns":3.0},{"damage":20.0,"enemies":"Lagavulin","floor":6.0,"turns":7.0},{"damage":0.0,"enemies":"Red Slaver","floor":7.0,"turns":6.0},{"damage":39.0,"enemies":"Gremlin Nob","floor":8.0,"turns":6.0},{"damage":28.0,"enemies":"Lagavulin","floor":14.0,"turns":6.0},{"damage":0.0,"enemies":"Slime Boss","floor":16.0,"turns":8.0},{"damage":2.0,"enemies":"Chosen","floor":18.0,"turns":5.0},{"damage":14.0,"enemies":"2 Thieves","floor":21.0,"turns":4.0},{"damage":2.0,"enemies":"Snecko","floor":22.0,"turns":6.0},{"damage":21.0,"enemies":"Book of Stabbing","floor":23.0,"turns":7.0},{"damage":0.0,"enemies":"Centurion and Healer","floor":24.0,"turns":7.0},{"damage":10,"enemies":"Slavers","floor":27,"turns":5},{"damage":31,"enemies":"Cultist and Chosen","floor":29,"turns":6},{"damage":13,"enemies":"Automaton","floor":33,"turns":13},{"damage":14,"enemies":"Orb Walker","floor":35,"turns":3},{"damage":7,"enemies":"3 Darklings","floor":38,"turns":7},{"damage":30,"enemies":"Mysterious Sphere","floor":39,"turns":5},{"damage":13,"enemies":"Sphere and 2 Shapes","floor":41,"turns":3},{"damage":6,"enemies":"Nemesis","floor":42,"turns":11},{"damage":3,"enemies":"Spire Growth","floor":45,"turns":5},{"damage":20,"enemies":"2 Orb Walkers","floor":46,"turns":5},{"damage":48,"enemies":"Maw","floor":47,"turns":6},{"damage":10,"enemies":"Transient","floor":48,"turns":5},{"damage":16,"enemies":"Time Eater","floor":50,"turns":13}],"seed_played":"5443678004288961897","potions_obtained":[{"floor":5.0,"key":"Energy Potion"},{"floor":8.0,"key":"FairyPotion"},{"floor":16.0,"key":"Strength Potion"},{"floor":18.0,"key":"Dexterity Potion"},{"floor":23.0,"key":"Swift Potion"},{"floor":29,"key":"Dexterity Potion"},{"floor":41,"key":"LiquidBronze"},{"floor":45,"key":"Swift Potion"},{"floor":47,"key":"SpeedPotion"}],"is_trial":false,"path_per_floor":["M","M","?","$","M","E","M","E","T","?","R","$","R","E","R","B",null,"M","$","?","M","M","E","M","R","T","E","$","M","R","?","R","B",null,"M","?","?","M","?","R","M","E","T","R","M","E","M","M","R","B"],"character_chosen":"DEFECT","items_purchased":["Metamorphosis","Turbo","Sweeping Beam","Compile Driver","Coolheaded","Defragment","Scrape","Aggregate"],"campfire_rested":8,"item_purchase_floors":[4,12,12,12,19,19,19,28],"current_hp_per_floor":[75,75,75,75,75,55,62,30,40,23,48,48,73,45,70,70,85,83,83,89,75,73,59,59,88,94,84,84,67,98,72,72,72,72,62,53,53,50,22,43,30,30,30,51,66,72,30,26,47,44],"gold":316,"neow_bonus":"","is_prod":false,"is_daily":true,"chose_seed":false,"campfire_upgraded":1,"win_rate":0,"timestamp":1536008265,"path_taken":["M","M","?","$","?","E","M","E","T","?","R","?","R","E","R","BOSS","M","$","?","M","M","E","M","R","T","E","$","M","R","?","R","BOSS","M","?","?","M","?","R","M","E","T","R","?","E","M","M","R","BOSS"],"build_version":"2018-08-30","purchased_purges":1,"victory":true,"max_hp_per_floor":[75,75,75,75,75,75,75,75,85,85,85,85,85,85,85,85,85,85,85,91,91,91,98,98,98,104,104,104,104,104,72,72,72,72,72,72,72,72,72,72,72,72,72,72,72,72,72,72,72,72],"card_choices":[{"not_picked":["Barrage"],"picked":"Double Energy","floor":1.0},{"not_picked":["Rebound"],"picked":"Steam","floor":2.0},{"not_picked":["Barrage"],"picked":"Beam Cell","floor":5.0},{"not_picked":["Amplify","Biased Cognition"],"picked":"SKIP","floor":6.0},{"not_picked":["Steam"],"picked":"Turbo","floor":7.0},{"not_picked":["Machine Learning"],"picked":"Seek","floor":8.0},{"not_picked":["Amplify"],"picked":"All For One","floor":14.0},{"not_picked":["Hyperbeam"],"picked":"Echo Form","floor":16.0},{"not_picked":["Barrage"],"picked":"Force Field+1","floor":18.0},{"not_picked":["Sweeping Beam+1"],"picked":"Chill+1","floor":21.0},{"not_picked":["Barrage+1"],"picked":"Compile Driver+1","floor":22.0},{"not_picked":["Core Surge"],"picked":"Reboot","floor":23.0},{"not_picked":["Capacitor+1"],"picked":"Sunder+1","floor":24},{"not_picked":["Meteor Strike"],"picked":"Rainbow","floor":27},{"not_picked":["Loop"],"picked":"Reinforced Body+1","floor":29},{"not_picked":["Seek"],"picked":"Rainbow","floor":33},{"not_picked":["Steam Power+1"],"picked":"Redo+1","floor":35},{"not_picked":["Fusion"],"picked":"Force Field","floor":38},{"not_picked":["Turbo"],"picked":"Redo+1","floor":39},{"not_picked":["Beam Cell"],"picked":"Defragment+1","floor":41},{"not_picked":["Thunder Strike","Amplify"],"picked":"SKIP","floor":42},{"not_picked":["Barrage+1"],"picked":"Hologram+1","floor":45},{"not_picked":["Thunder Strike"],"picked":"Core Surge","floor":46},{"not_picked":["Loop+1"],"picked":"Steam+1","floor":47},{"not_picked":["Streamline+1"],"picked":"Steam+1","floor":48}],"player_experience":453747,"relics_obtained":[{"floor":6.0,"key":"Tiny Chest"},{"floor":8.0,"key":"Bottled Tornado"},{"floor":9.0,"key":"Pear"},{"floor":14.0,"key":"Darkstone Periapt"},{"floor":23.0,"key":"Strawberry"},{"floor":26,"key":"Cables"},{"floor":27,"key":"Omamori"},{"floor":39,"key":"Unceasing Top"},{"floor":42,"key":"Oddly Smooth Stone"},{"floor":43,"key":"Toxic Egg 2"},{"floor":46,"key":"Vajra"}],"event_choices":[{"event_name":"Liars Game","player_choice":"agreed","floor":3.0,"damage_taken":0.0},{"event_name":"Shining Light","player_choice":"Entered Light","floor":10.0,"damage_taken":0.0},{"event_name":"Addict","player_choice":"Stole Relic","floor":20.0,"damage_taken":0.0},{"event_name":"Vampires","player_choice":"Became a vampire","floor":31,"damage_taken":0},{"event_name":"Winding Halls","player_choice":"Embrace Madness","floor":36,"damage_taken":0},{"event_name":"Purifier","player_choice":"One Purge","floor":37,"damage_taken":0},{"event_name":"Mysterious Sphere","player_choice":"Fight","floor":39,"damage_taken":0}],"is_beta":false,"boss_relics":[{"not_picked":["Pandora\u0027s Box","Black Star"],"picked":"Cursed Key"},{"not_picked":["Busted Crown","Velvet Choker"],"picked":"Inserter"}],"items_purged_floors":[4],"is_endless":false,"potions_floor_spawned":[5,8,16,18,23,29,41,45,47],"ascension_level":0}