{"gold_per_floor":[111,131,81,6,22,22,51,51,74,94,112,145,197,197,197,298,298,317,329,329,347,358,358,376,407,407,407,441,455,474,3,3,3],"floor_reached":33,"playtime":5579,"items_purged":[],"score":299,"play_id":"aea3be54-1861-4148-bad1-f5f4298b4f6e","local_time":"20180804002745","daily_mods":["Uncertain Future"],"is_ascension_mode":false,"campfire_choices":[{"data":"Defragment","floor":6,"key":"SMITH"},{"data":"Streamline","floor":8,"key":"SMITH"},{"floor":15,"key":"REST"},{"floor":23,"key":"REST"},{"floor":27,"key":"REST"},{"floor":32,"key":"REST"}],"neow_cost":"","seed_source_timestamp":0,"circlet_count":0,"master_deck":["Zap","Dualcast","Conserve Battery","Fusion","Defragment+1","Conserve Battery","Streamline+1","Barrage","Genetic Algorithm+1","Cold Snap","Echo Form","Tempest","Steam","Steam","Hologram","Skim","Capacitor","Hello World","Chaos","Conserve Battery+1","Undo+1","Cold Snap+1","Rebound","Cold Snap+1","Redo","Self Repair+1","Rebound","Melter","Storm","Apotheosis","Finesse","Genetic Algorithm+1"],"relics":["Cracked Core","Regal Pillow","Bag of Marbles","Lantern","Pandora\u0027s Box","StoneCalendar","Blood Vial","Peace Pipe","The Courier","DollysMirror"],"potions_floor_usage":[12,25,28],"damage_taken":[{"damage":9,"enemies":"2 Louse","floor":1,"turns":3},{"damage":5,"enemies":"Small Slimes","floor":2,"turns":5},{"damage":3,"enemies":"Cultist","floor":5,"turns":5},{"damage":15,"enemies":"3 Sentries","floor":7,"turns":9},{"damage":3,"enemies":"Large Slime","floor":10,"turns":4},{"damage":8,"enemies":"Looter","floor":11,"turns":3},{"damage":16,"enemies":"Lagavulin","floor":12,"turns":6},{"damage":42,"enemies":"The Guardian","floor":16,"turns":11},{"damage":12,"enemies":"Spheric Guardian","floor":18,"turns":4},{"damage":9,"enemies":"3 Byrds","floor":19,"turns":4},{"damage":23,"enemies":"Cultist and Chosen","floor":21,"turns":8},{"damage":14,"enemies":"Sentry and Sphere","floor":22,"turns":7},{"damage":8,"enemies":"Snecko","floor":24,"turns":6},{"damage":24,"enemies":"Slavers","floor":25,"turns":7},{"damage":21,"enemies":"Book of Stabbing","floor":28,"turns":6},{"damage":17,"enemies":"Snake Plant","floor":29,"turns":7},{"damage":26,"enemies":"Slaver and Parasite","floor":30,"turns":7},{"damage":52,"enemies":"Champ","floor":33,"turns":9}],"seed_played":"219","potions_obtained":[{"floor":2,"key":"SteroidPotion"},{"floor":5,"key":"LiquidBronze"},{"floor":11,"key":"GamblersBrew"},{"floor":19,"key":"EssenceOfSteel"},{"floor":24,"key":"Swift Potion"}],"is_trial":true,"path_per_floor":["M","M","?","$","M","R","E","R","T","M","M","E","?","?","R","B",null,"M","M","?","M","M","R","M","E","T","R","E","M","M","$","R"],"character_chosen":"DEFECT","items_purchased":["Defragment","Melter","Storm","Apotheosis","Finesse","DollysMirror"],"campfire_rested":4,"item_purchase_floors":[4,31,31,31,31,31],"current_hp_per_floor":[66,61,61,61,58,58,43,43,43,40,32,16,16,16,53,11,75,63,54,54,31,17,54,46,22,22,59,40,25,11,11,48,0],"gold":3,"neow_bonus":"","is_prod":false,"is_daily":false,"chose_seed":true,"campfire_upgraded":2,"win_rate":0,"timestamp":1533364065,"path_taken":["M","M","?","$","M","R","E","R","T","M","M","E","?","?","R","BOSS","M","?","?","M","M","R","?","E","T","R","E","M","M","$","R","BOSS"],"build_version":"2018-08-02","purchased_purges":0,"victory":false,"max_hp_per_floor":[75,75,75,75,75,75,75,75,75,75,75,75,75,75,75,75,75,75,75,75,75,75,75,75,75,75,75,75,75,75,75,75,75],"card_choices":[{"not_picked":["Cold Snap","Steam"],"picked":"Conserve Battery","floor":1},{"not_picked":["Conserve Battery","Lockon"],"picked":"Fusion","floor":2},{"not_picked":["Reinforced Body","Leap"],"picked":"Conserve Battery","floor":5},{"not_picked":["Lockon","Barrage"],"picked":"Streamline","floor":7},{"not_picked":["Leap","Hologram"],"picked":"Barrage","floor":10},{"not_picked":["Gash","White Noise"],"picked":"Genetic Algorithm","floor":11},{"not_picked":["Reinforced Body","Barrage"],"picked":"Cold Snap","floor":12},{"not_picked":["All For One","Hyperbeam"],"picked":"Echo Form","floor":16},{"not_picked":["Leap","Turbo"],"picked":"Chaos","floor":18},{"not_picked":["Compile Driver","Reprogram"],"picked":"Conserve Battery+1","floor":19},{"not_picked":["Consume","Scrape+1"],"picked":"Undo+1","floor":21},{"not_picked":["Go for the Eyes","Barrage"],"picked":"Cold Snap+1","floor":22},{"not_picked":["Leap+1","Steam"],"picked":"Rebound","floor":24},{"not_picked":["Buffer","Go for the Eyes"],"picked":"Cold Snap+1","floor":25},{"not_picked":["Conserve Battery+1","Sweeping Beam"],"picked":"Redo","floor":28},{"not_picked":["Melter","Barrage"],"picked":"Self Repair+1","floor":29},{"not_picked":["Stack","Multi-Cast"],"picked":"Rebound","floor":30}],"player_experience":166291,"relics_obtained":[{"floor":7,"key":"Regal Pillow"},{"floor":9,"key":"Bag of Marbles"},{"floor":12,"key":"Lantern"},{"floor":25,"key":"Blood Vial"},{"floor":26,"key":"Peace Pipe"},{"floor":28,"key":"The Courier"}],"event_choices":[{"event_name":"The Cleric","player_choice":"Card Removal","floor":3,"damage_taken":0},{"event_name":"Golden Wing","player_choice":"Gained Gold","floor":13,"damage_taken":0},{"event_name":"Living Wall","player_choice":"Grow","floor":14,"damage_taken":0},{"event_name":"The Mausoleum","player_choice":"Yes","floor":20,"damage_taken":0}],"is_beta":false,"boss_relics":[{"not_picked":["Runic Dome","Lizard Tail"],"picked":"Pandora\u0027s Box"}],"items_purged_floors":[],"is_endless":false,"potions_floor_spawned":[2,5,11,19,22,24],"killed_by":"Champ","ascension_level":1}