{"gold_per_floor":[114,17,17,17,32,62,62,92,92,122,137,137,137,156,156,281,281,300,300,319,319,338,338,338,376,426,464,379,379,398,417,417,542,542,561,561,290,290,0,0,38,57,57,57,76,76,76,76,76,76],"floor_reached":51,"playtime":2584,"items_purged":[],"score":804,"play_id":"a8cf69a8-d83d-4771-8250-f305e24ddf56","local_time":"20180910203805","daily_mods":["Brewmaster","Elite Swarm","Night Terrors"],"is_ascension_mode":false,"campfire_choices":[{"data":"Bullet Time","floor":7,"key":"SMITH"},{"floor":13,"key":"REST"},{"data":"Envenom","floor":15,"key":"SMITH"},{"floor":23,"key":"REST"},{"floor":32,"key":"REST"},{"data":"Acrobatics","floor":40,"key":"PURGE"},{"data":"Injury","floor":44,"key":"PURGE"},{"floor":49,"key":"REST"}],"neow_cost":"","seed_source_timestamp":0,"circlet_count":0,"master_deck":["Survivor","Neutralize","Venomology+1","Venomology","Venomology","Venomology","Blade Dance","Infinite Blades","Dagger Spray","Dagger Spray","Bullet Time+1","Envenom+1","Storm of Steel+1","PiercingWail","Blade Dance","Envenom+1","Cloak And Dagger+1","Leg Sweep+1","Poisoned Stab+1","Bullet Time","Envenom","Bouncing Flask+1","Backstab","Tools of the Trade","Backflip","PiercingWail","Slice","Catalyst","Flying Knee","PiercingWail","Dagger Throw","Deflect+1","Venomology+1","Accuracy","Good Instincts","Finisher","Terror","Cloak And Dagger+1","After Image","Blade Dance+1","Bane+1","Mind Blast"],"special_seed":17785,"relics":["Ring of the Snake","White Beast Statue","Question Card","Anchor","Pantograph","Lantern","Golden Idol","Fusion Hammer","Blood Vial","Ninja Scroll","Snake Skull","War Paint","Juzu Bracelet","Nilry\u0027s Codex","Pandora\u0027s Box","Peace Pipe","Red Mask","Happy Flower","Letter Opener"],"potions_floor_usage":[1,1,1,1,6,6,6,6,8,8,8,8,10,10,10,10,16,16,16,16,18,18,18,20,20,20,22,22,22,22,25,25,27,27,27,27,30,30,30,31,31,31,31,33,33,33,33,35,38,38,41,41,41,41,41,42,42,42,42,42,45,45,45,45,50,50,50,50,50,50],"damage_taken":[{"damage":6,"enemies":"Jaw Worm","floor":1,"turns":4},{"damage":11,"enemies":"2 Louse","floor":5,"turns":3},{"damage":19,"enemies":"Gremlin Nob","floor":6,"turns":5},{"damage":30,"enemies":"3 Sentries","floor":8,"turns":6},{"damage":4,"enemies":"Lagavulin","floor":10,"turns":5},{"damage":0,"enemies":"Small Slimes","floor":11,"turns":3},{"damage":0,"enemies":"Red Slaver","floor":14,"turns":2},{"damage":2,"enemies":"Slime Boss","floor":16,"turns":11},{"damage":11,"enemies":"2 Thieves","floor":18,"turns":5},{"damage":11,"enemies":"Spheric Guardian","floor":20,"turns":4},{"damage":17,"enemies":"Chosen and Byrds","floor":22,"turns":5},{"damage":3,"enemies":"Slavers","floor":25,"turns":5},{"damage":6,"enemies":"Gremlin Leader","floor":27,"turns":6},{"damage":0,"enemies":"Snake Plant","floor":30,"turns":3},{"damage":0,"enemies":"Snecko","floor":31,"turns":2},{"damage":83,"enemies":"Collector","floor":33,"turns":8},{"damage":17,"enemies":"3 Darklings","floor":35,"turns":5},{"damage":5,"enemies":"Mind Bloom Boss Battle","floor":38,"turns":4},{"damage":33,"enemies":"Nemesis","floor":41,"turns":5},{"damage":0,"enemies":"Orb Walker","floor":42,"turns":4},{"damage":23,"enemies":"3 Darklings","floor":45,"turns":6},{"damage":60,"enemies":"Donu and Deca","floor":50,"turns":8}],"seed_played":"-1622456894830768675","potions_obtained":[{"floor":1,"key":"Ancient Potion"},{"floor":5,"key":"Explosive Potion"},{"floor":6,"key":"EssenceOfSteel"},{"floor":8,"key":"SneckoOil"},{"floor":10,"key":"SpeedPotion"},{"floor":11,"key":"GhostInAJar"},{"floor":16,"key":"Strength Potion"},{"floor":18,"key":"Fire Potion"},{"floor":20,"key":"PowerPotion"},{"floor":22,"key":"Fire Potion"},{"floor":25,"key":"Poison Potion"},{"floor":30,"key":"Regen Potion"},{"floor":31,"key":"Regen Potion"},{"floor":33,"key":"GhostInAJar"},{"floor":35,"key":"Weak Potion"},{"floor":38,"key":"SneckoOil"},{"floor":41,"key":"Regen Potion"},{"floor":42,"key":"Strength Potion"},{"floor":45,"key":"Fruit Juice"}],"is_trial":false,"path_per_floor":["M","$","?","?","M","E","R","E","T","E","M","?","R","M","R","B",null,"M","?","M","?","M","R","?","E","T","E","?","?","M","M","R","B",null,"M","?","$","?","?","R","E","M","T","R","M","?","?","?","R","B"],"character_chosen":"THE_SILENT","items_purchased":["Infinite Blades","Dagger Spray","Accuracy","Good Instincts","Finisher","Terror"],"campfire_rested":4,"item_purchase_floors":[2,2,37,37,37,37],"current_hp_per_floor":[64,64,57,80,69,50,50,20,20,16,16,16,75,75,75,73,75,64,64,53,53,38,70,70,67,67,63,63,47,49,60,65,7,65,48,48,48,60,60,60,29,60,60,60,44,44,44,44,65,5],"gold":76,"neow_bonus":"","is_prod":false,"is_daily":true,"chose_seed":false,"campfire_upgraded":2,"win_rate":0,"timestamp":1536633485,"path_taken":["M","$","?","?","M","E","R","E","T","E","M","?","R","M","R","BOSS","M","?","M","?","?","R","?","E","T","E","?","?","M","M","R","BOSS","M","?","$","?","?","R","E","M","T","R","M","?","?","?","R","BOSS"],"build_version":"2018-09-06","purchased_purges":0,"victory":true,"max_hp_per_floor":[70,70,70,80,80,80,80,80,80,80,80,80,75,75,75,75,75,75,75,75,75,75,70,70,70,70,70,70,70,70,70,65,65,65,65,65,65,65,65,65,65,65,65,65,70,70,70,70,65,65],"card_choices":[{"not_picked":["Dagger Spray","Prepared"],"picked":"Blade Dance","floor":1},{"not_picked":["Calculated Gamble","Dodge and Roll"],"picked":"Dagger Spray","floor":5},{"not_picked":["Grand Finale","Burst"],"picked":"Bullet Time","floor":6},{"not_picked":["Corpse Explosion","Storm of Steel","Unload"],"picked":"Envenom","floor":8},{"not_picked":["Phantasmal Killer","Night Terror","Doppelganger"],"picked":"Storm of Steel","floor":10},{"not_picked":["Deadly Poison","Sucker Punch","Predator"],"picked":"PiercingWail","floor":11},{"not_picked":["Escape Plan","Dash","Poisoned Stab"],"picked":"Blade Dance","floor":14},{"not_picked":["Tools of the Trade","Corpse Explosion","A Thousand Cuts"],"picked":"Envenom","floor":16},{"not_picked":["Prepared","Skewer+1","Blade Dance+1"],"picked":"Cloak And Dagger+1","floor":18},{"not_picked":["Acrobatics","Underhanded Strike+1","Sucker Punch"],"picked":"Leg Sweep","floor":20},{"not_picked":["Storm of Steel","Finisher","Underhanded Strike"],"picked":"Poisoned Stab+1","floor":22},{"not_picked":["Tools of the Trade","Wraith Form v2","Unload"],"picked":"Bullet Time","floor":25},{"not_picked":["Glass Knife","Doppelganger","Wraith Form v2"],"picked":"Envenom","floor":27},{"not_picked":["Underhanded Strike","Backflip","Expertise"],"picked":"Bouncing Flask+1","floor":30},{"not_picked":["Terror","Skewer","Dagger Throw"],"picked":"Backstab","floor":31},{"not_picked":["Night Terror","Phantasmal Killer","Malaise"],"picked":"Tools of the Trade","floor":33},{"not_picked":["Dodge and Roll+1","All Out Attack","Outmaneuver"],"picked":"Deflect+1","floor":35},{"not_picked":["Dodge and Roll+1","Noxious Fumes","Skewer"],"picked":"Cloak And Dagger+1","floor":38},{"not_picked":["Burst","Tools of the Trade","Malaise"],"picked":"After Image","floor":41},{"not_picked":["Slice+1","Terror+1","Deflect+1"],"picked":"Blade Dance+1","floor":42},{"not_picked":["Accuracy","Flying Knee+1","Flechettes"],"picked":"Bane+1","floor":45},{"not_picked":["Flash of Steel","Thinking Ahead","Deep Breath"],"picked":"Mind Blast","floor":47}],"player_experience":496853,"relics_obtained":[{"floor":6,"key":"Question Card"},{"floor":8,"key":"Anchor"},{"floor":9,"key":"Pantograph"},{"floor":10,"key":"Lantern"},{"floor":25,"key":"Ninja Scroll"},{"floor":26,"key":"Snake Skull"},{"floor":27,"key":"War Paint"},{"floor":29,"key":"Nilry\u0027s Codex"},{"floor":38,"key":"Peace Pipe"},{"floor":41,"key":"Happy Flower"},{"floor":43,"key":"Letter Opener"}],"event_choices":[{"event_name":"Golden Wing","player_choice":"Card Removal","floor":3,"damage_taken":0},{"event_name":"Bonfire Elementals","player_choice":"RARE","floor":4,"damage_taken":0},{"event_name":"Golden Idol","player_choice":"Take Wound","floor":12,"damage_taken":0},{"event_name":"Accursed Blacksmith","player_choice":"Forge","floor":19,"damage_taken":0},{"event_name":"The Mausoleum","player_choice":"Yes","floor":21,"damage_taken":0},{"event_name":"Upgrade Shrine","player_choice":"Upgraded","floor":24,"damage_taken":0},{"event_name":"Addict","player_choice":"Obtained Relic","floor":28,"damage_taken":0},{"event_name":"Cursed Tome","player_choice":"Obtained Book","floor":29,"damage_taken":0},{"event_name":"Duplicator","player_choice":"One dupe","floor":36,"damage_taken":0},{"event_name":"MindBloom","player_choice":"Fight","floor":38,"damage_taken":0},{"event_name":"Tomb of Lord Red Mask","player_choice":"Paid","floor":39,"damage_taken":0},{"event_name":"Mysterious Sphere","player_choice":"Ignore","floor":46,"damage_taken":0},{"event_name":"SensoryStone","player_choice":"Memory 1","floor":47,"damage_taken":0},{"event_name":"Purifier","player_choice":"One Purge","floor":48,"damage_taken":0}],"is_beta":false,"boss_relics":[{"not_picked":["HoveringKite","Runic Pyramid"],"picked":"Fusion Hammer"},{"not_picked":["Empty Cage","Calling Bell"],"picked":"Pandora\u0027s Box"}],"items_purged_floors":[],"is_endless":false,"potions_floor_spawned":[1,5,6,8,10,11,14,16,18,20,22,25,27,30,31,33,35,38,41,42,45],"ascension_level":0}