{"gold_per_floor":[110,185,185,5,20,20,40,40,40,56,156,168,187,187,187,187],"floor_reached":16,"playtime":685,"items_purged":[],"score":92,"play_id":"15f6a19a-003f-420c-abd3-02beffa65768","local_time":"20180729193322","is_ascension_mode":false,"campfire_choices":[{"data":"Genetic Algorithm","floor":6,"key":"SMITH"},{"data":"Storm","floor":8,"key":"SMITH"},{"floor":15,"key":"REST"}],"neow_cost":"","seed_source_timestamp":265151513103791,"circlet_count":0,"master_deck":["Strike_B","Strike_B","Strike_B","Strike_B","Defend_B","Defend_B","Defend_B","Defend_B","Zap","Dualcast","Genetic Algorithm+1","Storm+1","Go for the Eyes","Madness","Capacitor","Beam Cell","Biased Cognition","Gash","Steam","Parasite"],"relics":["Cracked Core","NlothsMask"],"potions_floor_usage":[13],"damage_taken":[{"damage":0,"enemies":"Small Slimes","floor":1,"turns":4},{"damage":2,"enemies":"Jaw Worm","floor":5,"turns":5},{"damage":2,"enemies":"Cultist","floor":7,"turns":5},{"damage":7,"enemies":"Exordium Thugs","floor":10,"turns":5},{"damage":7,"enemies":"Blue Slaver","floor":12,"turns":3},{"damage":33,"enemies":"Gremlin Gang","floor":13,"turns":5},{"damage":58,"enemies":"Hexaghost","floor":16,"turns":12}],"seed_played":"-3098067869861443834","potions_obtained":[{"floor":1,"key":"FearPotion"},{"floor":7,"key":"LiquidBronze"},{"floor":10,"key":"EssenceOfSteel"}],"is_trial":false,"path_per_floor":["M","?","?","$","M","R","M","R","T","M","?","M","M","?","R"],"character_chosen":"DEFECT","items_purchased":["Storm","Go for the Eyes","Madness"],"campfire_rested":1,"item_purchase_floors":[4,4,4],"current_hp_per_floor":[75,64,64,64,62,62,60,60,60,53,53,46,13,31,53,0],"gold":187,"neow_bonus":"","is_prod":false,"is_daily":false,"chose_seed":false,"campfire_upgraded":2,"win_rate":0,"timestamp":1532914402,"path_taken":["M","?","?","$","?","R","M","R","T","M","?","M","M","?","R","BOSS"],"build_version":"2018-07-26","purchased_purges":0,"victory":false,"max_hp_per_floor":[75,75,75,75,75,75,75,75,75,75,75,75,75,75,75,75],"card_choices":[{"not_picked":["Blizzard","Sweeping Beam"],"picked":"Genetic Algorithm","floor":1},{"not_picked":["Turbo","White Noise"],"picked":"Capacitor","floor":5},{"not_picked":["Barrage","Turbo"],"picked":"Beam Cell","floor":7},{"not_picked":["BootSequence","Rebound"],"picked":"Biased Cognition","floor":10},{"not_picked":["Hologram","Beam Cell"],"picked":"Gash","floor":12},{"not_picked":["Hello World","Reinforced Body"],"picked":"Steam","floor":13}],"player_experience":80151,"relics_obtained":[],"event_choices":[{"event_name":"World of Goop","player_choice":"Gather Gold","floor":2,"damage_taken":0},{"event_name":"FaceTrader","player_choice":"Trade","floor":3,"damage_taken":0},{"event_name":"Golden Shrine","player_choice":"Pray","floor":11,"damage_taken":0},{"event_name":"Mushrooms","player_choice":"Healed and dodged fight","floor":14,"damage_taken":0}],"is_beta":false,"boss_relics":[],"items_purged_floors":[],"is_endless":false,"potions_floor_spawned":[1,7,10],"killed_by":"Hexaghost","ascension_level":0}