{"gold_per_floor":[112,130,130,146,156,156,184,199,199,199,224,254,254,254,254,351,351,365,380,380,398,313,340,350,365,365,384,418,418,429,458,458,561,561,574,590,609,1009,385,417,417,433,433,433,447,463,492,512,512,512],"floor_reached":51,"playtime":3678,"items_purged":["Strike_R"],"score":808,"play_id":"aab4d9bf-7674-4878-be65-65af89adb11d","local_time":"20190411194643","is_ascension_mode":false,"campfire_choices":[{"data":"Bash","floor":6,"key":"SMITH"},{"data":"Uppercut","floor":10,"key":"SMITH"},{"data":"Carnage","floor":13,"key":"SMITH"},{"data":"Pommel Strike","floor":15,"key":"SMITH"},{"data":"Clothesline","floor":29,"key":"SMITH"},{"floor":32,"key":"REST"},{"data":"Bludgeon","floor":41,"key":"SMITH"},{"data":"Armaments","floor":44,"key":"SMITH"},{"floor":49,"key":"REST"}],"neow_cost":"PERCENT_DAMAGE","seed_source_timestamp":0,"circlet_count":0,"master_deck":["Strike_R","Strike_R+1","Strike_R","Strike_R","Defend_R","Defend_R","Defend_R","Defend_R+1","Bash+1","Dramatic Entrance","Flash of Steel+1","Twin Strike","Pommel Strike+1","Shrug It Off","Power Through","Uppercut+1","Carnage+1","Demon Form+1","Reaper","Anger+1","Spot Weakness","Warcry+1","Ghostly Armor","Clothesline+1","Feel No Pain","Pummel+1","Armaments+1","Headbutt","Bludgeon+1","Headbutt+1","Burning Pact","Iron Wave","Clothesline+1","Armaments+1","Ghostly Armor","Iron Wave+1","Warcry+1","Power Through+1","Pommel Strike+1"],"relics":["Burning Blood","Blood Vial","Bottled Flame","Odd Mushroom","Pear","Runic Dome","MutagenicStrength","Regal Pillow","Strawberry","Lantern","Whetstone","Unceasing Top","Cursed Key","Old Coin","Vajra","Centennial Puzzle","DollysMirror","Omamori","Molten Egg 2","Ancient Tea Set"],"potions_floor_usage":[7,12,18,21,50,50],"damage_taken":[{"damage":2,"enemies":"2 Louse","floor":1,"turns":2},{"damage":0,"enemies":"Small Slimes","floor":2,"turns":2},{"damage":0,"enemies":"Cultist","floor":4,"turns":2},{"damage":0,"enemies":"Exordium Wildlife","floor":5,"turns":3},{"damage":11,"enemies":"3 Sentries","floor":7,"turns":7},{"damage":0,"enemies":"3 Louse","floor":8,"turns":3},{"damage":8,"enemies":"The Mushroom Lair","floor":11,"turns":3},{"damage":6,"enemies":"Gremlin Nob","floor":12,"turns":4},{"damage":2,"enemies":"Slime Boss","floor":16,"turns":7},{"damage":10,"enemies":"3 Byrds","floor":18,"turns":5},{"damage":17,"enemies":"Shell Parasite","floor":19,"turns":4},{"damage":4,"enemies":"Shelled Parasite and Fungi","floor":21,"turns":3},{"damage":20,"enemies":"Gremlin Leader","floor":23,"turns":7},{"damage":5,"enemies":"Snecko","floor":24,"turns":4},{"damage":15,"enemies":"Centurion and Healer","floor":25,"turns":8},{"damage":6,"enemies":"Snake Plant","floor":27,"turns":3},{"damage":7,"enemies":"Book of Stabbing","floor":28,"turns":4},{"damage":4,"enemies":"Sentry and Sphere","floor":30,"turns":4},{"damage":50,"enemies":"Gremlin Leader","floor":31,"turns":8},{"damage":25,"enemies":"Champ","floor":33,"turns":9},{"damage":16,"enemies":"3 Darklings","floor":35,"turns":5},{"damage":9,"enemies":"3 Shapes","floor":36,"turns":3},{"damage":0,"enemies":"Transient","floor":37,"turns":5},{"damage":5,"enemies":"Mind Bloom Boss Battle","floor":38,"turns":6},{"damage":13,"enemies":"Giant Head","floor":40,"turns":5},{"damage":12,"enemies":"Spire Growth","floor":42,"turns":4},{"damage":38,"enemies":"Maw","floor":45,"turns":8},{"damage":0,"enemies":"Sphere and 2 Shapes","floor":46,"turns":2},{"damage":48,"enemies":"Nemesis","floor":47,"turns":6},{"damage":7,"enemies":"Transient","floor":48,"turns":5},{"damage":57,"enemies":"Awakened One","floor":50,"turns":10}],"seed_played":"-4195002139995351185","potions_obtained":[{"floor":4,"key":"Fire Potion"},{"floor":7,"key":"SteroidPotion"},{"floor":11,"key":"Explosive Potion"},{"floor":16,"key":"Strength Potion"},{"floor":18,"key":"Weak Potion"},{"floor":23,"key":"AttackPotion"},{"floor":25,"key":"SteroidPotion"},{"floor":30,"key":"FearPotion"},{"floor":46,"key":"AttackPotion"}],"is_trial":false,"path_per_floor":["M","M","?","M","M","R","E","M","T","R","?","E","R","?","R","B",null,"M","M","?","M","?","E","M","M","T","M","E","R","M","E","R","B",null,"M","M","M","?","$","E","R","M","T","R","M","M","E","M","R","B",null],"character_chosen":"IRONCLAD","items_purchased":["Vajra","Centennial Puzzle","Strength Potion","DollysMirror"],"campfire_rested":2,"item_purchase_floors":[39,39,39,39],"current_hp_per_floor":[60,66,50,56,62,62,57,65,65,65,65,77,77,77,77,83,90,86,88,88,90,90,83,93,91,91,93,94,94,97,53,97,78,97,97,96,97,97,97,90,90,94,94,94,97,97,55,56,97,46],"gold":512,"neow_bonus":"RANDOM_COLORLESS_2","is_prod":false,"is_daily":false,"chose_seed":true,"campfire_upgraded":7,"win_rate":1,"timestamp":1555037203,"path_taken":["M","M","?","M","M","R","E","M","T","R","?","E","R","?","R","BOSS","M","M","?","M","?","E","M","M","T","M","E","R","M","E","R","BOSS","M","M","M","?","$","E","R","M","T","R","M","M","E","M","R","BOSS"],"build_version":"2019-01-23","purchased_purges":1,"victory":true,"max_hp_per_floor":[80,80,80,80,80,80,80,80,80,80,80,90,90,90,90,90,90,90,90,90,90,90,97,97,97,97,97,97,97,97,97,97,97,97,97,97,97,97,97,97,97,97,97,97,97,97,97,97,97,97],"card_choices":[{"not_picked":["Thunderclap","Sentinel"],"picked":"Twin Strike","floor":1},{"not_picked":["Sword Boomerang","Dropkick"],"picked":"Pommel Strike","floor":2},{"not_picked":["Blood for Blood","Fire Breathing"],"picked":"Shrug It Off","floor":4},{"not_picked":["Havoc","Body Slam"],"picked":"Power Through","floor":5},{"not_picked":["Bloodletting","Combust"],"picked":"Uppercut","floor":7},{"not_picked":["Cleave","Thunderclap"],"picked":"Carnage","floor":8},{"not_picked":["Battle Trance","True Grit"],"picked":"Demon Form","floor":12},{"not_picked":["Brutality","Bludgeon"],"picked":"Reaper","floor":16},{"not_picked":["Wild Strike","Blood for Blood"],"picked":"Anger","floor":18},{"not_picked":["Clothesline+1","Hemokinesis"],"picked":"Spot Weakness","floor":19},{"not_picked":["Body Slam","Heavy Blade"],"picked":"Warcry+1","floor":21},{"not_picked":["Cleave","Entrench"],"picked":"Ghostly Armor","floor":23},{"not_picked":["Twin Strike","Combust"],"picked":"Clothesline","floor":24},{"not_picked":["Rampage","Thunderclap"],"picked":"Feel No Pain","floor":25},{"not_picked":["Sentinel+1","Entrench"],"picked":"Pummel+1","floor":27},{"not_picked":["Bloodletting+1","Perfected Strike","Flex"],"picked":"SKIP","floor":28},{"not_picked":["Cleave","Wild Strike"],"picked":"Armaments","floor":30},{"not_picked":["Infernal Blade","Carnage"],"picked":"Headbutt","floor":31},{"not_picked":["Fiend Fire","Demon Form"],"picked":"Bludgeon","floor":33},{"not_picked":["Body Slam","Searing Blow+1"],"picked":"Headbutt+1","floor":35},{"not_picked":["Havoc","Dropkick","Perfected Strike+1"],"picked":"SKIP","floor":36},{"not_picked":["Havoc","Dropkick","Perfected Strike+1"],"picked":"SKIP","floor":36},{"not_picked":["Uppercut","Havoc+1"],"picked":"Burning Pact","floor":37},{"not_picked":["Body Slam+1","Anger+1"],"picked":"Iron Wave","floor":38},{"not_picked":["Corruption","Anger+1"],"picked":"Armaments+1","floor":40},{"not_picked":["Twin Strike+1","Barricade"],"picked":"Ghostly Armor","floor":42},{"not_picked":["Feel No Pain","Rupture"],"picked":"Iron Wave+1","floor":45},{"not_picked":["Thunderclap+1","Rage+1"],"picked":"Warcry+1","floor":46},{"not_picked":["Pummel+1","Body Slam+1"],"picked":"Power Through+1","floor":47},{"not_picked":["Rage","Twin Strike+1"],"picked":"Pommel Strike+1","floor":48}],"player_experience":305063,"relics_obtained":[{"floor":7,"key":"Blood Vial"},{"floor":9,"key":"Bottled Flame"},{"floor":11,"key":"Odd Mushroom"},{"floor":12,"key":"Pear"},{"floor":23,"key":"Strawberry"},{"floor":26,"key":"Lantern"},{"floor":28,"key":"Whetstone"},{"floor":31,"key":"Unceasing Top"},{"floor":38,"key":"Old Coin"},{"floor":40,"key":"Omamori"},{"floor":43,"key":"Molten Egg 2"},{"floor":47,"key":"Ancient Tea Set"}],"event_choices":[{"damage_healed":0,"gold_gain":0,"player_choice":"Entered Light","damage_taken":16,"max_hp_gain":0,"max_hp_loss":0,"event_name":"Shining Light","floor":3,"gold_loss":0,"cards_upgraded":["Defend_R","Strike_R"]},{"damage_healed":0,"gold_gain":0,"player_choice":"Fought Mushrooms","damage_taken":0,"max_hp_gain":0,"max_hp_loss":0,"event_name":"Mushrooms","floor":11,"gold_loss":0},{"damage_healed":0,"gold_gain":0,"player_choice":"Grow","damage_taken":0,"max_hp_gain":0,"max_hp_loss":0,"event_name":"Living Wall","floor":14,"gold_loss":0,"cards_upgraded":["Demon Form"]},{"damage_healed":0,"gold_gain":0,"player_choice":"Inject Mutagens","damage_taken":0,"relics_obtained":["MutagenicStrength"],"max_hp_gain":0,"max_hp_loss":0,"event_name":"Drug Dealer","floor":20,"gold_loss":0},{"damage_healed":0,"gold_gain":0,"player_choice":"Obtained Relic","damage_taken":0,"relics_obtained":["Regal Pillow"],"max_hp_gain":0,"max_hp_loss":0,"event_name":"Addict","floor":22,"gold_loss":85},{"damage_healed":0,"gold_gain":0,"player_choice":"Fight","damage_taken":0,"max_hp_gain":0,"max_hp_loss":0,"event_name":"MindBloom","floor":38,"gold_loss":0}],"is_beta":false,"boss_relics":[{"not_picked":["Runic Cube","Sozu"],"picked":"Runic Dome"},{"not_picked":["Coffee Dripper","Black Blood"],"picked":"Cursed Key"}],"items_purged_floors":[39],"is_endless":false,"potions_floor_spawned":[4,7,11,16,18,23,25,30,33,36,37,42,46],"ascension_level":0}