{"gold_per_floor":[10,10,21,21,21,21,49,49,124,137,137,155,187,201,201,297,347,365,50,50,62,62,62,89,33,33,33,64,74,74,45,45,150,150,170,183,183,40,51,51,86,98,98,113,113,50,50,65,65,65],"floor_reached":51,"playtime":2332,"items_purged":["Defend_B","Strike_B"],"score":1051,"play_id":"45fc0f62-2b9b-44b2-9c42-7eb270a5738e","local_time":"20190101041428","is_ascension_mode":true,"campfire_choices":[{"data":"Tempest","floor":6.0,"key":"SMITH"},{"data":"Blizzard","floor":8.0,"key":"SMITH"},{"data":"Loop","floor":15.0,"key":"SMITH"},{"data":"Loop","floor":23.0,"key":"SMITH"},{"floor":27.0,"key":"REST"},{"data":"Consume","floor":30,"key":"SMITH"},{"floor":32,"key":"REST"},{"floor":40,"key":"RECALL"},{"floor":45,"key":"REST"},{"floor":47,"key":"REST"},{"floor":49,"key":"REST"}],"neow_cost":"NO_GOLD","seed_source_timestamp":30699931009157,"circlet_count":0,"master_deck":["Defend_B+1","Defend_B","Defend_B","Zap","Dualcast","Core Surge","Stack","Tempest+1","Blizzard+1","Glacier","Loop+1","Chill","Multi-Cast","Hologram","Coolheaded","Loop+1","Writhe","Seek","Coolheaded","Cold Snap","Loop","Consume+1","Defragment","Seek","Buffer","Defragment","Cold Snap","Glacier","Parasite","Loop","Sweeping Beam+1"],"special_seed":0,"relics":["Cracked Core","Letter Opener","Matryoshka","Anchor","Cables","Meat on the Bone","Tiny House","Lee\u0027s Waffle","The Courier","Lantern","Centennial Puzzle","Blood Vial","Pen Nib","Fusion Hammer","Potion Belt","Bottled Lightning"],"potions_floor_usage":[28,50,50,50,50,50],"damage_taken":[{"damage":9.0,"enemies":"Jaw Worm","floor":1.0,"turns":3.0},{"damage":0.0,"enemies":"Cultist","floor":3.0,"turns":3.0},{"damage":7.0,"enemies":"3 Sentries","floor":7.0,"turns":6.0},{"damage":0.0,"enemies":"2 Louse","floor":10.0,"turns":2.0},{"damage":0.0,"enemies":"Looter","floor":12.0,"turns":3.0},{"damage":7.0,"enemies":"Lagavulin","floor":13.0,"turns":5.0},{"damage":16.0,"enemies":"Exordium Thugs","floor":14.0,"turns":4.0},{"damage":15.0,"enemies":"Hexaghost","floor":16.0,"turns":13.0},{"damage":17.0,"enemies":"Spheric Guardian","floor":18.0,"turns":4.0},{"damage":18.0,"enemies":"2 Thieves","floor":21.0,"turns":5.0},{"damage":42.0,"enemies":"Gremlin Leader","floor":24.0,"turns":9.0},{"damage":58,"enemies":"Book of Stabbing","floor":28,"turns":9},{"damage":2,"enemies":"Snake Plant","floor":29,"turns":7},{"damage":15,"enemies":"Automaton","floor":33,"turns":10},{"damage":0,"enemies":"3 Darklings","floor":35,"turns":6},{"damage":0,"enemies":"3 Shapes","floor":36,"turns":4},{"damage":7,"enemies":"Transient","floor":39,"turns":5},{"damage":0,"enemies":"Giant Head","floor":41,"turns":19},{"damage":26,"enemies":"3 Darklings","floor":42,"turns":7},{"damage":1,"enemies":"Writhing Mass","floor":44,"turns":14},{"damage":24,"enemies":"Spire Growth","floor":48,"turns":7},{"damage":39,"enemies":"Awakened One","floor":50,"turns":22}],"seed_played":"2174800078989768056","potions_obtained":[{"floor":3.0,"key":"Dexterity Potion"},{"floor":10.0,"key":"Block Potion"},{"floor":12.0,"key":"SpeedPotion"},{"floor":13.0,"key":"Block Potion"},{"floor":17.0,"key":"Explosive Potion"},{"floor":21.0,"key":"Ancient Potion"},{"floor":24.0,"key":"Weak Potion"},{"floor":33,"key":"Ancient Potion"},{"floor":35,"key":"Weak Potion"},{"floor":41,"key":"LiquidBronze"},{"floor":42,"key":"PowerPotion"}],"is_trial":false,"path_per_floor":["M","?","M","?","$","R","E","R","T","M","?","M","E","M","R","B",null,"M","$","?","M","?","R","E","$","T","R","M","R","$","R","B",null,"M","M","?","$","M","R","E","M","T","M","R","$","R","M","R","B",null],"character_chosen":"DEFECT","items_purchased":["Loop","Lee\u0027s Waffle","Coolheaded","Cold Snap","Defragment","Defragment","Loop"],"campfire_rested":5,"item_purchase_floors":[19,19,25,25,31,38,46],"current_hp_per_floor":[59,59,59,56,56,56,49,49,49,49,49,49,42,38,38,35,70,53,87,87,69,69,69,39,39,39,65,21,33,33,33,59,46,77,79,81,81,81,76,76,78,54,54,55,81,81,87,63,87,48],"gold":65,"neow_bonus":"TRANSFORM_TWO_CARDS","is_prod":false,"is_daily":false,"chose_seed":false,"campfire_upgraded":5,"win_rate":0,"timestamp":1546334068,"path_taken":["M","?","?","?","$","R","E","R","T","M","?","M","E","M","R","BOSS","M","$","?","M","?","R","E","$","T","R","E","M","R","$","R","BOSS","M","M","?","?","M","R","E","?","T","?","R","$","R","M","R","BOSS"],"build_version":"2018-12-25","purchased_purges":2,"victory":true,"max_hp_per_floor":[75,75,75,75,75,75,75,75,75,75,75,75,75,75,75,75,80,80,87,87,87,87,87,87,87,87,87,87,87,87,87,87,87,87,87,87,87,87,87,87,87,87,87,87,87,87,87,87,87,87],"card_choices":[{"not_picked":["Rebound","Compile Driver"],"picked":"Tempest","floor":1.0},{"not_picked":["Gash","Steam"],"picked":"Blizzard","floor":3.0},{"not_picked":["BootSequence","Cold Snap"],"picked":"Glacier","floor":7.0},{"not_picked":["Genetic Algorithm","Hello World"],"picked":"Loop","floor":10.0},{"not_picked":["Compile Driver","Sweeping Beam","Skim"],"picked":"SKIP","floor":12.0},{"not_picked":["Steam","Ball Lightning","Gash"],"picked":"SKIP","floor":13.0},{"not_picked":["Static Discharge","Self Repair"],"picked":"Chill","floor":14.0},{"not_picked":["All For One","Hyperbeam"],"picked":"Multi-Cast","floor":16.0},{"not_picked":["Conserve Battery","Chaos"],"picked":"Hologram","floor":17.0},{"not_picked":["Aggregate+1","Genetic Algorithm"],"picked":"Coolheaded","floor":18.0},{"not_picked":["Conserve Battery","Rip and Tear"],"picked":"Seek","floor":21.0},{"not_picked":["Steam","Rebound","Melter"],"picked":"SKIP","floor":24.0},{"not_picked":["Fusion","Conserve Battery"],"picked":"Loop","floor":28},{"not_picked":["Coolheaded","Redo+1"],"picked":"Consume","floor":29},{"not_picked":["Multi-Cast","Amplify"],"picked":"Seek","floor":33},{"not_picked":["Compile Driver","Leap","Melter+1"],"picked":"SKIP","floor":35},{"not_picked":["Compile Driver","Hologram"],"picked":"Buffer","floor":36},{"not_picked":["Sunder","Stack"],"picked":"Cold Snap","floor":39},{"not_picked":["Go for the Eyes","Genetic Algorithm+1","Beam Cell+1"],"picked":"SKIP","floor":41},{"not_picked":["Chaos+1","Ball Lightning+1"],"picked":"Glacier","floor":42},{"not_picked":["Lockon+1","Ball Lightning+1","Turbo"],"picked":"SKIP","floor":44},{"not_picked":["Beam Cell","Reinforced Body"],"picked":"Sweeping Beam+1","floor":48}],"player_experience":490849,"relics_obtained":[{"floor":7.0,"key":"Matryoshka"},{"floor":9.0,"key":"Anchor"},{"floor":9.0,"key":"Cables"},{"floor":13.0,"key":"Meat on the Bone"},{"floor":24.0,"key":"Lantern"},{"floor":26.0,"key":"Centennial Puzzle"},{"floor":26.0,"key":"Blood Vial"},{"floor":28,"key":"Pen Nib"},{"floor":41,"key":"Potion Belt"},{"floor":43,"key":"Bottled Lightning"}],"event_choices":[{"cards_removed":["Strike_B"],"damage_healed":0.0,"max_hp_gain":0.0,"max_hp_loss":0.0,"gold_gain":0.0,"event_name":"Purifier","player_choice":"Purged","floor":2.0,"gold_loss":0.0,"damage_taken":0.0},{"damage_healed":0.0,"max_hp_gain":0.0,"max_hp_loss":0.0,"gold_gain":0.0,"event_name":"Scrap Ooze","player_choice":"Success","floor":4.0,"gold_loss":0.0,"damage_taken":3.0,"relics_obtained":["Letter Opener"]},{"damage_healed":0.0,"max_hp_gain":0.0,"max_hp_loss":0.0,"gold_gain":0.0,"event_name":"Liars Game","player_choice":"Ignored","floor":11.0,"gold_loss":0.0,"damage_taken":0.0},{"damage_healed":0.0,"max_hp_gain":0.0,"max_hp_loss":0.0,"gold_gain":0.0,"event_name":"The Mausoleum","player_choice":"Opened","floor":20.0,"gold_loss":0.0,"damage_taken":0.0,"relics_obtained":["The Courier"],"cards_obtained":["Writhe"]},{"damage_healed":0.0,"max_hp_gain":0.0,"max_hp_loss":0.0,"gold_gain":0.0,"event_name":"Vampires","player_choice":"Ignored","floor":22.0,"gold_loss":0.0,"damage_taken":0.0},{"damage_healed":0,"gold_gain":0,"player_choice":"Ignored","damage_taken":0,"max_hp_gain":0,"max_hp_loss":0,"event_name":"Tomb of Lord Red Mask","floor":37,"gold_loss":0}],"is_beta":true,"boss_relics":[{"not_picked":["Eternal Feather","Astrolabe"],"picked":"Tiny House"},{"not_picked":["White Beast Statue","FrozenCore"],"picked":"Fusion Hammer"}],"items_purged_floors":[19,38],"is_endless":false,"potions_floor_spawned":[3,10,12,13,21,24,33,35,41,42],"ascension_level":7}