{"gold_per_floor":[111,129,129,129,145,174,187,220,220,252,59,24,24,24,24,122,122,132,132,132,132,148,148],"floor_reached":23,"playtime":5304,"items_purged":[],"score":248,"play_id":"48440cf3-66c7-4b0c-906e-0ac86213903f","local_time":"20190411174204","is_ascension_mode":true,"campfire_choices":[{"floor":13,"key":"REST"},{"floor":15,"key":"REST"}],"neow_cost":"CURSE","seed_source_timestamp":91098960774767,"circlet_count":0,"master_deck":["Strike_R","Strike_R","Strike_R","Defend_R","Defend_R","Defend_R","Bash","Deep Breath","Dark Shackles","Shockwave","Headbutt","Shockwave","Flex","Limit Break+1","Flex","Exhume","Mayhem","Demon Form","Havoc+1","Hemokinesis+1","Bloodletting+1","Feel No Pain","Necronomicurse"],"relics":["Burning Blood","Mercury Hourglass","Kunai","Juzu Bracelet","Boot","Astrolabe","Necronomicon"],"potions_floor_usage":[6,10,16,23],"damage_taken":[{"damage":3,"enemies":"Small Slimes","floor":1,"turns":6},{"damage":7,"enemies":"Jaw Worm","floor":2,"turns":4},{"damage":11,"enemies":"Cultist","floor":5,"turns":4},{"damage":24,"enemies":"Lagavulin","floor":6,"turns":6},{"damage":3,"enemies":"Looter","floor":7,"turns":3},{"damage":21,"enemies":"3 Sentries","floor":8,"turns":7},{"damage":33,"enemies":"Lagavulin","floor":10,"turns":7},{"damage":59,"enemies":"Hexaghost","floor":16,"turns":10},{"damage":41,"enemies":"Spheric Guardian","floor":18,"turns":5},{"damage":10,"enemies":"Chosen","floor":22,"turns":4},{"damage":43,"enemies":"Gremlin Leader","floor":23,"turns":3}],"seed_played":"-3441814094320272021","potions_obtained":[{"floor":2,"key":"Poison Potion"},{"floor":7,"key":"FearPotion"},{"floor":10,"key":"Energy Potion"},{"floor":16,"key":"Ancient Potion"},{"floor":22,"key":"Swift Potion"}],"is_trial":false,"path_per_floor":["M","M","?","?","M","E","M","E","T","E","$","?","R","$","R","B",null,"M","?","?","?","M","E"],"character_chosen":"IRONCLAD","items_purchased":["Mayhem"],"campfire_rested":2,"item_purchase_floors":[11],"current_hp_per_floor":[80,79,72,69,64,46,49,34,34,7,7,27,51,51,75,22,80,45,29,29,29,25,0],"gold":148,"neow_bonus":"RANDOM_COLORLESS_2","is_prod":false,"is_daily":false,"chose_seed":false,"campfire_upgraded":0,"win_rate":0,"timestamp":1555000924,"path_taken":["M","M","?","?","M","E","M","E","T","E","?","?","R","$","R","BOSS","M","?","?","?","M","E"],"build_version":"2019-01-23","purchased_purges":0,"victory":false,"max_hp_per_floor":[80,80,80,80,80,80,80,80,80,80,80,80,80,80,80,80,80,80,80,80,80,80,80],"card_choices":[{"not_picked":["Sword Boomerang","True Grit"],"picked":"Shockwave","floor":1},{"not_picked":["True Grit","Perfected Strike"],"picked":"Headbutt","floor":2},{"not_picked":["Clothesline","Body Slam"],"picked":"Shockwave","floor":5},{"not_picked":["Clothesline","Reckless Charge"],"picked":"Flex","floor":6},{"not_picked":["Body Slam","Blood for Blood"],"picked":"Limit Break","floor":7},{"not_picked":["Headbutt","Clothesline"],"picked":"Flex","floor":8},{"not_picked":["Cleave","Twin Strike"],"picked":"Exhume","floor":10},{"not_picked":["Barricade","Juggernaut"],"picked":"Demon Form","floor":16},{"not_picked":["Ghostly Armor+1","Armaments"],"picked":"Feel No Pain","floor":18},{"not_picked":["Blood for Blood","Perfected Strike+1","Havoc"],"picked":"SKIP","floor":22}],"player_experience":416107,"relics_obtained":[{"floor":6,"key":"Kunai"},{"floor":8,"key":"Juzu Bracelet"},{"floor":10,"key":"Boot"},{"floor":19,"key":"Necronomicon"}],"event_choices":[{"cards_removed":["Doubt"],"damage_healed":0,"gold_gain":0,"player_choice":"Card Removal","damage_taken":7,"max_hp_gain":0,"max_hp_loss":0,"event_name":"Golden Wing","floor":3,"gold_loss":0},{"damage_healed":0,"gold_gain":0,"player_choice":"Success","damage_taken":3,"relics_obtained":["Mercury Hourglass"],"max_hp_gain":0,"max_hp_loss":0,"event_name":"Scrap Ooze","floor":4,"gold_loss":0},{"damage_healed":20,"gold_gain":0,"player_choice":"Healed","damage_taken":0,"max_hp_gain":0,"max_hp_loss":0,"event_name":"The Cleric","floor":12,"gold_loss":35},{"damage_healed":0,"gold_gain":0,"player_choice":"Obtained Book","damage_taken":16,"max_hp_gain":0,"max_hp_loss":0,"event_name":"Cursed Tome","floor":19,"gold_loss":0},{"damage_healed":0,"gold_gain":0,"player_choice":"Ignored","damage_taken":0,"max_hp_gain":0,"max_hp_loss":0,"event_name":"Beggar","floor":20,"gold_loss":0},{"damage_healed":0,"gold_gain":0,"player_choice":"Forge","damage_taken":0,"max_hp_gain":0,"max_hp_loss":0,"event_name":"Accursed Blacksmith","floor":21,"gold_loss":0,"cards_upgraded":["Limit Break"]}],"is_beta":false,"boss_relics":[{"not_picked":["Philosopher\u0027s Stone","Black Blood"],"picked":"Astrolabe"}],"items_purged_floors":[],"is_endless":false,"potions_floor_spawned":[2,7,10,16,22],"killed_by":"Gremlin Leader","ascension_level":4}