{"gold_per_floor":[210,160,85,160,60,60,75,75,75,107,107,107,107,441,441,441],"floor_reached":16,"playtime":596,"items_purged":["Defend_G","Defend_G"],"score":104,"play_id":"018e56d0-268a-41d9-bd0b-d561fa20ca56","local_time":"20190105191620","is_ascension_mode":false,"campfire_choices":[{"data":"Neutralize","floor":6,"key":"SMITH"},{"data":"Cloak And Dagger","floor":8,"key":"SMITH"},{"floor":11,"key":"REST"},{"floor":15,"key":"REST"}],"neow_cost":"NONE","seed_source_timestamp":355867425794347,"circlet_count":0,"master_deck":["Defend_G","Defend_G","Defend_G","Strike_G","Strike_G","Strike_G","Strike_G","Survivor","Neutralize+1","Cloak And Dagger+1","Backstab"],"relics":["Ring of the Snake","Matryoshka","Omamori","Golden Idol","Old Coin"],"potions_floor_usage":[10],"damage_taken":[{"damage":5,"enemies":"Jaw Worm","floor":1,"turns":5},{"damage":5,"enemies":"2 Louse","floor":7,"turns":4},{"damage":27,"enemies":"Lagavulin","floor":10,"turns":10},{"damage":20,"enemies":"3 Sentries","floor":14,"turns":10},{"damage":45,"enemies":"Slime Boss","floor":16,"turns":12}],"seed_played":"-1007133371668516573","potions_obtained":[{"floor":1,"key":"Ancient Potion"}],"is_trial":false,"path_per_floor":["M","?","$","?","$","R","M","R","T","E","R","?","$","E","R","B"],"character_chosen":"THE_SILENT","items_purchased":[],"campfire_rested":2,"item_purchase_floors":[],"current_hp_per_floor":[65,65,65,54,54,54,49,49,49,22,43,43,43,23,42,0],"gold":441,"neow_bonus":"HUNDRED_GOLD","is_prod":false,"is_daily":false,"chose_seed":false,"campfire_upgraded":2,"win_rate":0,"timestamp":1546744580,"path_taken":["M","?","$","?","$","R","M","R","T","E","R","?","?","E","R","BOSS"],"build_version":"2019-01-03v4","purchased_purges":2,"victory":false,"max_hp_per_floor":[70,70,70,70,70,70,70,70,70,70,70,65,65,65,65,65],"card_choices":[{"not_picked":["Masterful Stab","Sucker Punch","Bouncing Flask"],"picked":"SKIP","floor":1},{"not_picked":["Poisoned Stab","Quick Slash"],"picked":"Cloak And Dagger","floor":7},{"not_picked":["Glass Knife","Outmaneuver"],"picked":"Backstab","floor":10},{"not_picked":["Cloak And Dagger","Tactician","Slice"],"picked":"SKIP","floor":14}],"player_experience":113242,"relics_obtained":[{"floor":9,"key":"Matryoshka"},{"floor":10,"key":"Omamori"},{"floor":14,"key":"Old Coin"}],"event_choices":[{"cards_removed":["Strike_G"],"damage_healed":0,"gold_gain":0,"player_choice":"Card Removal","damage_taken":0,"max_hp_gain":0,"max_hp_loss":0,"event_name":"The Cleric","floor":2,"gold_loss":50},{"damage_healed":0,"gold_gain":75,"player_choice":"Gather Gold","damage_taken":11,"max_hp_gain":0,"max_hp_loss":0,"event_name":"World of Goop","floor":4,"gold_loss":0},{"damage_healed":0,"gold_gain":0,"player_choice":"Lose Max HP","damage_taken":0,"relics_obtained":["Golden Idol"],"max_hp_gain":0,"max_hp_loss":5,"event_name":"Golden Idol","floor":12,"gold_loss":0}],"is_beta":false,"boss_relics":[],"items_purged_floors":[3,5],"is_endless":false,"potions_floor_spawned":[1],"killed_by":"Slime Boss","ascension_level":0}