{"path_per_floor":["M","?","M","M","?","E","?","M","T","R","M","M","R","E","R","B",null,"M","?","?","M","M","R"],"character_chosen":"IRONCLAD","items_purchased":[],"gold_per_floor":[113,113,129,147,147,173,173,187,187,187,206,218,218,243,243,338,338,357,357,272,290,300,300],"floor_reached":24,"campfire_rested":3,"playtime":1599,"current_hp_per_floor":[80,80,70,76,73,24,44,40,40,64,55,45,69,50,74,9,80,56,56,56,48,31,31],"items_purged":[],"gold":300,"play_id":"88aefbae-02dd-48e0-b8ab-9d81ddd12733","is_prod":false,"is_daily":false,"is_ascension_mode":false,"campfire_upgraded":1,"path_taken":["M","?","M","M","?","E","?","M","T","R","M","M","R","E","R","BOSS","M","?","?","M","M","R","M"],"build_version":"2018-01-25-PROD3","purchased_purges":0,"victory":false,"master_deck":["Strike_R","Strike_R","Strike_R","Strike_R","Defend_R","Defend_R","Defend_R","Defend_R","Bash","Flame Barrier","Bloodletting","Flex","Parasite","Bloodletting","Inflame","Twin Strike","Pommel Strike+1","Demon Form","Shrug It Off","Battle Trance","Warcry","Pommel Strike"],"max_hp_per_floor":[80,80,80,80,80,80,80,80,80,80,80,80,80,80,80,80,80,80,80,80,80,80,80],"relics":["Burning Blood","Matryoshka","Kunai","Happy Flower","Lantern","Bottled Flame","Sozu","Blood Vial"],"card_choices":[{"not_picked":["Perfected Strike","Sword Boomerang"],"picked":"Sentinel"},{"not_picked":["Clothesline","Perfected Strike"],"picked":"Bloodletting"},{"not_picked":["Armaments","Thunderclap"],"picked":"Flex"},{"not_picked":["Anger","Havoc"],"picked":"Bloodletting"},{"not_picked":["Evolve","Sword Boomerang"],"picked":"Inflame"},{"not_picked":["Dual Wield","Havoc"],"picked":"Twin Strike"},{"not_picked":["Exhume","Perfected Strike"],"picked":"Pommel Strike"},{"not_picked":["Exhume","Offering"],"picked":"Demon Form"},{"not_picked":["Headbutt","Cleave"],"picked":"Shrug It Off"},{"not_picked":["Havoc","Wild Strike"],"picked":"Warcry"},{"not_picked":["Cleave","Wild Strike"],"picked":"Pommel Strike"}],"player_experience":70173,"potions_floor_usage":[14],"damage_taken":[{"damage":1,"enemies":"Cultist","floor":1,"turns":6},{"damage":16,"enemies":"Blue Slaver","floor":3,"turns":5},{"damage":0,"enemies":"Small Slimes","floor":4,"turns":3},{"damage":55,"enemies":"Lagavulin","floor":6,"turns":9},{"damage":10,"enemies":"Looter","floor":8,"turns":3},{"damage":15,"enemies":"Exordium Wildlife","floor":11,"turns":8},{"damage":16,"enemies":"Large Slime","floor":12,"turns":6},{"damage":25,"enemies":"3 Sentries","floor":14,"turns":6},{"damage":71,"enemies":"Slime Boss","floor":16,"turns":13},{"damage":30,"enemies":"2 Thieves","floor":18,"turns":5},{"damage":16,"enemies":"Spheric Guardian","floor":21,"turns":5},{"damage":25,"enemies":"3 Cultists","floor":22,"turns":6},{"damage":34,"enemies":"Chosen and Byrds","floor":24,"turns":6}],"event_choices":[{"event_name":"Bonfire Elementals","player_choice":"UNCOMMON","floor":2,"damage_taken":0},{"event_name":"Scrap Ooze","player_choice":"success","floor":5,"damage_taken":3},{"event_name":"Mushrooms","player_choice":"Healed and dodged fight","floor":7,"damage_taken":0},{"event_name":"The Library","player_choice":"Read","floor":19,"damage_taken":0},{"event_name":"Addict","player_choice":"Obtained Relic","floor":20,"damage_taken":0}],"boss_relics":[{"not_picked":["Lizard Tail","Runic Pyramid"],"picked":"Sozu"}],"potions_floor_spawned":[1,12,16,21],"seed_played":"-6661979133910844240","killed_by":"Chosen and Byrds","ascension_level":0,"is_trial":false}