{"gold_per_floor":[213,213,213,226,236,264,264,292,292,292,311,325,325,345,345,444,444,444,444,444,44,44,44,44,44,44,44,44,44,44,44,44,44,44,44,44,44,44,44,44,44,44,44,44,44,44,44,44,44,44],"floor_reached":51,"playtime":2898,"items_purged":[],"score":789,"play_id":"7f611254-6086-42b8-bc93-75a223954ed4","local_time":"20190411184110","is_ascension_mode":false,"campfire_choices":[{"data":"Shockwave","floor":7,"key":"SMITH"},{"data":"Clothesline","floor":10,"key":"SMITH"},{"data":"Whirlwind","floor":15,"key":"SMITH"},{"data":"Immolate","floor":23,"key":"SMITH"},{"data":"Inflame","floor":25,"key":"SMITH"},{"data":"Bash","floor":27,"key":"SMITH"},{"data":"Sword Boomerang","floor":29,"key":"SMITH"},{"data":"Armaments","floor":32,"key":"SMITH"},{"data":"Feed","floor":41,"key":"SMITH"},{"data":"Discovery","floor":44,"key":"SMITH"},{"floor":49,"key":"REST"}],"neow_cost":"NONE","seed_source_timestamp":0,"circlet_count":0,"master_deck":["Strike_R","Strike_R","Strike_R","Strike_R+1","Strike_R","Defend_R","Defend_R+1","Defend_R","Bash+1","Clothesline+1","Inflame+1","Sword Boomerang+1","Shockwave+1","Headbutt","Seeing Red","Whirlwind+1","Immolate+1","Perfected Strike+1","True Grit+1","Anger+1","Armaments+1","Corruption+1","Feed+1","Feel No Pain+1","Spot Weakness+1","Discovery+1","Feel No Pain+1","Headbutt","Headbutt+1"],"relics":["Burning Blood","Bronze Scales","Frozen Egg 2","PreservedInsect","Ectoplasm","ClockworkSouvenir","Pen Nib","Singing Bowl","Kunai","Eternal Feather","Old Coin","The Courier","Dead Branch","Dream Catcher"],"potions_floor_usage":[6,24,33,37,48,50,50],"damage_taken":[{"damage":2,"enemies":"2 Louse","floor":1,"turns":4},{"damage":2,"enemies":"Small Slimes","floor":4,"turns":4},{"damage":1,"enemies":"Cultist","floor":5,"turns":3},{"damage":18,"enemies":"3 Sentries","floor":6,"turns":8},{"damage":15,"enemies":"Lagavulin","floor":8,"turns":7},{"damage":7,"enemies":"Blue Slaver","floor":11,"turns":3},{"damage":0,"enemies":"Exordium Wildlife","floor":12,"turns":4},{"damage":1,"enemies":"Lots of Slimes","floor":14,"turns":4},{"damage":34,"enemies":"Hexaghost","floor":16,"turns":9},{"damage":0,"enemies":"3 Byrds","floor":18,"turns":1},{"damage":10,"enemies":"Shell Parasite","floor":22,"turns":4},{"damage":2,"enemies":"Slavers","floor":24,"turns":2},{"damage":0,"enemies":"Snecko","floor":28,"turns":3},{"damage":0,"enemies":"Snake Plant","floor":30,"turns":2},{"damage":1,"enemies":"Chosen and Byrds","floor":31,"turns":3},{"damage":19,"enemies":"Champ","floor":33,"turns":11},{"damage":2,"enemies":"Orb Walker","floor":35,"turns":2},{"damage":15,"enemies":"3 Shapes","floor":36,"turns":8},{"damage":15,"enemies":"3 Darklings","floor":37,"turns":7},{"damage":13,"enemies":"4 Shapes","floor":38,"turns":10},{"damage":38,"enemies":"Giant Head","floor":40,"turns":7},{"damage":0,"enemies":"Maw","floor":45,"turns":6},{"damage":21,"enemies":"Mind Bloom Boss Battle","floor":46,"turns":5},{"damage":12,"enemies":"Jaw Worm Horde","floor":47,"turns":2},{"damage":0,"enemies":"Nemesis","floor":48,"turns":3},{"damage":22,"enemies":"Donu and Deca","floor":50,"turns":6}],"seed_played":"4051932254552076315","potions_obtained":[{"floor":1,"key":"Poison Potion"},{"floor":6,"key":"Block Potion"},{"floor":8,"key":"SmokeBomb"},{"floor":14,"key":"Swift Potion"},{"floor":22,"key":"FearPotion"},{"floor":31,"key":"SteroidPotion"},{"floor":33,"key":"LiquidBronze"},{"floor":36,"key":"Swift Potion"},{"floor":37,"key":"LiquidBronze"},{"floor":45,"key":"Swift Potion"}],"is_trial":false,"path_per_floor":["M","?","?","M","M","E","R","E","T","R","M","M","?","M","R","B",null,"M","?","?","$","M","R","E","R","T","R","M","R","M","M","R","B",null,"M","M","M","M","?","E","R","?","T","R","M","?","M","E","R","B",null],"character_chosen":"IRONCLAD","items_purchased":["ClockworkSouvenir","SpeedPotion","Pen Nib"],"campfire_rested":1,"item_purchase_floors":[21,21,21],"current_hp_per_floor":[80,64,64,68,73,61,61,52,52,52,51,57,57,62,62,34,80,80,65,65,65,61,61,67,67,67,67,73,73,79,84,84,71,87,89,80,71,69,69,39,54,54,54,69,79,68,64,76,112,100],"gold":44,"neow_bonus":"HUNDRED_GOLD","is_prod":false,"is_daily":false,"chose_seed":true,"campfire_upgraded":10,"win_rate":1,"timestamp":1555033270,"path_taken":["M","?","?","M","M","E","R","E","T","R","?","M","?","M","R","BOSS","M","?","?","$","?","R","E","R","T","R","M","R","M","M","R","BOSS","M","M","M","M","?","E","R","?","T","R","M","?","M","E","R","BOSS"],"build_version":"2019-01-23","purchased_purges":0,"victory":true,"max_hp_per_floor":[80,80,80,80,80,80,80,80,80,80,80,80,80,80,80,80,80,80,85,85,85,85,85,87,87,87,87,87,87,87,87,87,87,87,89,89,89,94,94,96,96,96,96,96,100,104,106,112,112,116],"card_choices":[{"not_picked":["Iron Wave","True Grit"],"picked":"Clothesline","floor":1},{"not_picked":["Anger","True Grit"],"picked":"Inflame","floor":4},{"not_picked":["Entrench","Clothesline"],"picked":"Sword Boomerang","floor":5},{"not_picked":["True Grit","Fire Breathing"],"picked":"Shockwave","floor":6},{"not_picked":["Warcry","Combust"],"picked":"Headbutt","floor":8},{"not_picked":["Searing Blow","Havoc"],"picked":"Seeing Red","floor":11},{"not_picked":["Dual Wield","Clash","Thunderclap"],"picked":"SKIP","floor":12},{"not_picked":["Thunderclap","Blood for Blood"],"picked":"Whirlwind","floor":14},{"not_picked":["Bludgeon","Fiend Fire"],"picked":"Immolate","floor":16},{"not_picked":["Thunderclap","Body Slam"],"picked":"Perfected Strike+1","floor":18},{"not_picked":["Sword Boomerang","Body Slam"],"picked":"True Grit+1","floor":22},{"not_picked":["Rage+1","Perfected Strike","Clothesline"],"picked":"Singing Bowl","floor":24},{"not_picked":["Warcry","Rupture+1"],"picked":"Anger+1","floor":28},{"not_picked":["Body Slam","Wild Strike"],"picked":"Armaments","floor":30},{"not_picked":["Iron Wave+1","Searing Blow"],"picked":"Corruption+1","floor":31},{"not_picked":["Immolate","Exhume"],"picked":"Feed","floor":33},{"not_picked":["Clash+1","Searing Blow+1","Pommel Strike"],"picked":"Singing Bowl","floor":35},{"not_picked":["Pommel Strike","Spot Weakness+1"],"picked":"Feel No Pain+1","floor":36},{"not_picked":["Heavy Blade","Entrench+1"],"picked":"Spot Weakness+1","floor":37},{"not_picked":["Infernal Blade+1","Flex","Brutality+1"],"picked":"Singing Bowl","floor":38},{"not_picked":["Intimidate+1","Entrench+1","Perfected Strike"],"picked":"Singing Bowl","floor":40},{"not_picked":["Finesse","HandOfGreed"],"picked":"Discovery","floor":42},{"not_picked":["Clothesline+1","Iron Wave+1"],"picked":"Feel No Pain+1","floor":45},{"not_picked":["Body Slam+1","Intimidate"],"picked":"Headbutt","floor":46},{"not_picked":["True Grit+1","Thunderclap+1","Wild Strike"],"picked":"Singing Bowl","floor":47},{"not_picked":["Feed","Iron Wave","Blood for Blood"],"picked":"Singing Bowl","floor":48},{"not_picked":["Burning Pact","Iron Wave"],"picked":"Headbutt+1","floor":49}],"player_experience":302165,"relics_obtained":[{"floor":6,"key":"Bronze Scales"},{"floor":8,"key":"Frozen Egg 2"},{"floor":9,"key":"PreservedInsect"},{"floor":24,"key":"Singing Bowl"},{"floor":26,"key":"Kunai"},{"floor":40,"key":"Old Coin"},{"floor":43,"key":"The Courier"},{"floor":46,"key":"Dead Branch"},{"floor":48,"key":"Dream Catcher"}],"event_choices":[{"damage_healed":0,"gold_gain":0,"player_choice":"Entered Light","damage_taken":16,"max_hp_gain":0,"max_hp_loss":0,"event_name":"Shining Light","floor":2,"gold_loss":0,"cards_upgraded":["Defend_R","Strike_R"]},{"damage_healed":0,"gold_gain":0,"player_choice":"Ignored","damage_taken":0,"max_hp_gain":0,"max_hp_loss":0,"event_name":"NoteForYourself","floor":3,"gold_loss":0},{"damage_healed":0,"gold_gain":0,"player_choice":"Ignored","damage_taken":0,"max_hp_gain":0,"max_hp_loss":0,"event_name":"Liars Game","floor":13,"gold_loss":0},{"damage_healed":0,"gold_gain":0,"player_choice":"Shed Blood","damage_taken":20,"max_hp_gain":5,"max_hp_loss":0,"event_name":"Forgotten Altar","floor":19,"gold_loss":0},{"damage_healed":0,"gold_gain":100,"player_choice":"Pray","damage_taken":0,"max_hp_gain":0,"max_hp_loss":0,"event_name":"Golden Shrine","floor":20,"gold_loss":0},{"cards_removed":["Defend_R"],"damage_healed":0,"gold_gain":0,"player_choice":"Removed Skill","damage_taken":0,"max_hp_gain":0,"max_hp_loss":0,"event_name":"Falling","floor":39,"gold_loss":0},{"damage_healed":0,"gold_gain":0,"player_choice":"Memory 1","damage_taken":0,"max_hp_gain":0,"max_hp_loss":0,"event_name":"SensoryStone","floor":42,"gold_loss":0},{"damage_healed":0,"gold_gain":0,"player_choice":"Fight","damage_taken":0,"max_hp_gain":0,"max_hp_loss":0,"event_name":"MindBloom","floor":46,"gold_loss":0}],"is_beta":false,"boss_relics":[{"not_picked":["Calling Bell","Fusion Hammer"],"picked":"Ectoplasm"},{"not_picked":["Black Blood","Velvet Choker"],"picked":"Eternal Feather"}],"items_purged_floors":[],"is_endless":false,"potions_floor_spawned":[1,6,8,14,22,31,33,36,37,45,46,47],"ascension_level":0}