{"gold_per_floor":[16,30,30,105,126,170,170,125,125,125,154,168,207,230,230,359,359,375,375,80,80,101,135,135,153,179,203,203,217,217,230,230,349,349,368,368,701,276,287,287,94,128,128,128,55,65,92,105,105,105],"floor_reached":51,"playtime":2752,"items_purged":["Injury","Decay"],"score":863,"play_id":"2d6bb6de-9082-4bee-bebd-bd65114e183c","local_time":"20180827173345","is_ascension_mode":true,"campfire_choices":[{"floor":7,"key":"REST"},{"data":"Reaper","floor":10,"key":"SMITH"},{"floor":15,"key":"REST"},{"data":"Infernal Blade","floor":24,"key":"SMITH"},{"data":"Spot Weakness","floor":28,"key":"SMITH"},{"data":"Metallicize","floor":32,"key":"SMITH"},{"floor":40,"key":"REST"},{"floor":44,"key":"REST"},{"data":"1","floor":49,"key":"LIFT"}],"neow_cost":"NO_GOLD","seed_source_timestamp":920262054737266,"circlet_count":0,"master_deck":["Strike_R+1","Strike_R+1","Strike_R+1","Strike_R+1","Defend_R+1","Defend_R+1","Defend_R+1","Bash","Double Tap","Dual Wield","Shrug It Off","Flex","Infernal Blade+1","Reaper+1","Spot Weakness+1","Rampage","Intimidate","Heavy Blade","Impervious","Uppercut","Metallicize+1","Anger","Thunderclap","Iron Wave","Impervious","Clothesline+1","Bludgeon","Parasite","Injury","Anger+1","Rage","Shrug It Off","Madness","Perfected Strike","Wild Strike","Blood for Blood","Bludgeon","Thunderclap+1","Feel No Pain+1"],"relics":["Burning Blood","Oddly Smooth Stone","Bottled Flame","Odd Mushroom","Orichalcum","Busted Crown","Self Forming Clay","Vajra","Enchiridion","Juzu Bracelet","Red Skull","Calling Bell","Bird Faced Urn","Kunai","Centennial Puzzle","Bottled Tornado","Bronze Scales","Bottled Lightning","Girya"],"potions_floor_usage":[6,11,12,22,23,23,27,39,42,47,48],"damage_taken":[{"damage":6,"enemies":"Cultist","floor":1,"turns":3},{"damage":10,"enemies":"Small Slimes","floor":2,"turns":5},{"damage":6,"enemies":"Jaw Worm","floor":5,"turns":3},{"damage":42,"enemies":"3 Sentries","floor":6,"turns":7},{"damage":7,"enemies":"Looter","floor":8,"turns":5},{"damage":29,"enemies":"The Mushroom Lair","floor":11,"turns":6},{"damage":13,"enemies":"3 Louse","floor":12,"turns":2},{"damage":37,"enemies":"Gremlin Nob","floor":13,"turns":5},{"damage":9,"enemies":"Blue Slaver","floor":14,"turns":3},{"damage":64,"enemies":"The Guardian","floor":16,"turns":12},{"damage":7,"enemies":"Spheric Guardian","floor":18,"turns":5},{"damage":15,"enemies":"2 Thieves","floor":22,"turns":4},{"damage":28,"enemies":"Book of Stabbing","floor":23,"turns":6},{"damage":0,"enemies":"Centurion and Healer","floor":25,"turns":5},{"damage":28,"enemies":"Shelled Parasite and Fungi","floor":27,"turns":5},{"damage":13,"enemies":"Snake Plant","floor":29,"turns":4},{"damage":1,"enemies":"Centurion and Healer","floor":31,"turns":6},{"damage":26,"enemies":"Collector","floor":33,"turns":9},{"damage":23,"enemies":"3 Darklings","floor":35,"turns":6},{"damage":11,"enemies":"3 Shapes","floor":39,"turns":3},{"damage":50,"enemies":"Nemesis","floor":42,"turns":7},{"damage":18,"enemies":"Sphere and 2 Shapes","floor":46,"turns":4},{"damage":57,"enemies":"Giant Head","floor":47,"turns":10},{"damage":4,"enemies":"4 Shapes","floor":48,"turns":3},{"damage":68,"enemies":"Time Eater","floor":50,"turns":11}],"seed_played":"-315168433176670828","potions_obtained":[{"floor":1,"key":"EssenceOfSteel"},{"floor":5,"key":"LiquidBronze"},{"floor":6,"key":"SmokeBomb"},{"floor":12,"key":"Fruit Juice"},{"floor":16,"key":"Swift Potion"},{"floor":18,"key":"PowerPotion"},{"floor":22,"key":"AttackPotion"},{"floor":25,"key":"Regen Potion"},{"floor":31,"key":"FairyPotion"},{"floor":35,"key":"Explosive Potion"},{"floor":39,"key":"GamblersBrew"},{"floor":42,"key":"Regen Potion"},{"floor":47,"key":"Fire Potion"}],"is_trial":false,"path_per_floor":["M","M","?","?","M","E","R","M","T","R","?","M","E","M","R","B",null,"M","?","$","?","M","E","R","M","T","M","R","M","?","M","R","B",null,"M","?","?","$","M","R","$","E","T","R","$","M","E","M","R","B"],"character_chosen":"IRONCLAD","items_purchased":["Vajra","Metallicize","Bottled Tornado","Rage","Madness","Perfected Strike","Wild Strike","Bludgeon"],"campfire_rested":4,"item_purchase_floors":[20,20,38,38,41,41,41,45],"current_hp_per_floor":[80,76,76,65,65,29,53,58,58,58,56,78,47,49,74,27,85,84,84,84,68,74,69,69,85,85,72,72,65,65,85,85,65,85,68,60,60,60,59,84,84,41,41,66,66,70,34,75,75,19],"gold":105,"neow_bonus":"TRANSFORM_TWO_CARDS","is_prod":false,"is_daily":false,"chose_seed":false,"campfire_upgraded":4,"win_rate":0,"timestamp":1535412825,"path_taken":["M","M","?","?","M","E","R","M","T","R","?","M","E","M","R","BOSS","M","?","$","?","?","E","R","M","T","M","R","M","?","M","R","BOSS","M","?","?","$","M","R","$","E","T","R","$","M","E","M","R","BOSS"],"build_version":"2018-08-23v2","purchased_purges":2,"victory":true,"max_hp_per_floor":[80,80,80,80,80,80,80,80,80,80,80,85,85,85,85,85,85,85,85,85,85,85,85,85,85,85,85,85,85,85,85,85,85,85,85,85,85,85,85,85,85,85,85,85,85,85,85,85,85,85],"card_choices":[{"not_picked":["Second Wind","Perfected Strike"],"picked":"Shrug It Off","floor":1},{"not_picked":["Bloodletting","Feel No Pain"],"picked":"Flex","floor":2},{"not_picked":["Shrug It Off","Body Slam"],"picked":"Infernal Blade","floor":5},{"not_picked":["Brutality","Rage"],"picked":"Reaper","floor":6},{"not_picked":["Rage","Whirlwind"],"picked":"Spot Weakness","floor":8},{"not_picked":["Ghostly Armor","Fire Breathing"],"picked":"Rampage","floor":11},{"not_picked":["Body Slam","Wild Strike"],"picked":"Intimidate","floor":12},{"not_picked":["Searing Blow","Second Wind","Clash"],"picked":"SKIP","floor":13},{"not_picked":["Havoc","Clash"],"picked":"Heavy Blade","floor":14},{"not_picked":["Fiend Fire","Limit Break"],"picked":"Impervious","floor":16},{"not_picked":[],"picked":"Uppercut","floor":18},{"not_picked":[],"picked":"Anger","floor":22},{"not_picked":[],"picked":"Thunderclap","floor":23},{"not_picked":[],"picked":"Iron Wave","floor":25},{"not_picked":["Havoc"],"picked":"SKIP","floor":27},{"not_picked":[],"picked":"Impervious","floor":29},{"not_picked":[],"picked":"Clothesline+1","floor":31},{"not_picked":[],"picked":"Bludgeon","floor":33},{"not_picked":[],"picked":"Anger+1","floor":35},{"not_picked":[],"picked":"Shrug It Off","floor":39},{"not_picked":[],"picked":"Blood for Blood","floor":42},{"not_picked":[],"picked":"Thunderclap+1","floor":46},{"not_picked":["Blood for Blood"],"picked":"SKIP","floor":47},{"not_picked":[],"picked":"Feel No Pain+1","floor":48}],"player_experience":354191,"relics_obtained":[{"floor":6,"key":"Oddly Smooth Stone"},{"floor":9,"key":"Bottled Flame"},{"floor":11,"key":"Odd Mushroom"},{"floor":13,"key":"Orichalcum"},{"floor":21,"key":"Enchiridion"},{"floor":23,"key":"Juzu Bracelet"},{"floor":26,"key":"Red Skull"},{"floor":34,"key":"Bird Faced Urn"},{"floor":34,"key":"Kunai"},{"floor":34,"key":"Centennial Puzzle"},{"floor":42,"key":"Bronze Scales"},{"floor":43,"key":"Bottled Lightning"},{"floor":47,"key":"Girya"}],"event_choices":[{"event_name":"Golden Idol","player_choice":"Take Wound","floor":3,"damage_taken":0},{"event_name":"World of Goop","player_choice":"Gather Gold","floor":4,"damage_taken":0},{"event_name":"Mushrooms","player_choice":"Fought Mushrooms","floor":11,"damage_taken":0},{"event_name":"The Mausoleum","player_choice":"Yes","floor":19,"damage_taken":0},{"event_name":"Cursed Tome","player_choice":"Obtained Book","floor":21,"damage_taken":0},{"event_name":"Back to Basics","player_choice":"Simplicity","floor":30,"damage_taken":0},{"event_name":"Wheel of Change","player_choice":"Damage","floor":36,"damage_taken":0},{"event_name":"The Moai Head","player_choice":"Gave Idol","floor":37,"damage_taken":0}],"is_beta":false,"boss_relics":[{"not_picked":["Sozu","Tiny House"],"picked":"Busted Crown"},{"not_picked":["Snecko Eye","Runic Pyramid"],"picked":"Calling Bell"}],"items_purged_floors":[20,38],"is_endless":false,"potions_floor_spawned":[1,5,6,12,16,18,22,25,31,35,39,42,47],"ascension_level":3}