{"gold_per_floor":[112,112,126,37,5,5,15,15,15,31,44,44,64,78,78,78],"floor_reached":16,"playtime":404,"items_purged":[],"score":94,"play_id":"c6d385c4-497a-4c78-9600-f8a9308df0c1","local_time":"20190214105548","is_ascension_mode":false,"campfire_choices":[{"data":"Shrug It Off","floor":6,"key":"SMITH"},{"data":"Bash","floor":15,"key":"SMITH"}],"neow_cost":"NONE","seed_source_timestamp":142646089208556,"circlet_count":0,"master_deck":["Strike_R","Strike_R","Strike_R","Strike_R","Defend_R","Defend_R","Defend_R","Defend_R","Bash+1","Deep Breath","Cleave","Intimidate","Shrug It Off+1","Reckless Charge","Corruption","Twin Strike","Flex","Cleave","Twin Strike"],"relics":["Burning Blood"],"potions_floor_usage":[13,16],"damage_taken":[{"damage":7,"enemies":"2 Louse","floor":1,"turns":3},{"damage":8,"enemies":"Jaw Worm","floor":3,"turns":4},{"damage":0,"enemies":"Cultist","floor":7,"turns":3},{"damage":0,"enemies":"Exordium Wildlife","floor":10,"turns":4},{"damage":1,"enemies":"Lots of Slimes","floor":11,"turns":2},{"damage":7,"enemies":"3 Louse","floor":13,"turns":3},{"damage":11,"enemies":"Exordium Thugs","floor":14,"turns":6},{"damage":74,"enemies":"Hexaghost","floor":16,"turns":11}],"seed_played":"-2859116564077217835","potions_obtained":[{"floor":3,"key":"Fire Potion"},{"floor":10,"key":"FearPotion"},{"floor":11,"key":"Swift Potion"},{"floor":13,"key":"Dexterity Potion"}],"is_trial":false,"path_per_floor":["M","?","M","$","?","R","M","$","T","M","M","T","M","M","R","B"],"character_chosen":"IRONCLAD","items_purchased":["Shrug It Off","Reckless Charge"],"campfire_rested":0,"item_purchase_floors":[4,4],"current_hp_per_floor":[79,72,70,70,70,70,76,76,76,80,80,80,79,74,74,0],"gold":78,"neow_bonus":"RANDOM_COLORLESS","is_prod":false,"is_daily":false,"chose_seed":false,"campfire_upgraded":2,"win_rate":0,"timestamp":1550166948,"path_taken":["M","?","M","$","?","R","M","$","T","M","M","?","M","M","R","BOSS"],"build_version":"2019-01-23","purchased_purges":0,"victory":false,"max_hp_per_floor":[80,80,80,80,80,80,80,80,80,80,80,80,80,80,80,80],"card_choices":[{"not_picked":["Carnage","Dual Wield"],"picked":"Cleave","floor":1},{"not_picked":["Bloodletting","Clothesline"],"picked":"Intimidate","floor":3},{"not_picked":["Headbutt","Rampage"],"picked":"Corruption","floor":7},{"not_picked":["True Grit","Headbutt"],"picked":"Twin Strike","floor":10},{"not_picked":["Iron Wave","Perfected Strike"],"picked":"Flex","floor":11},{"not_picked":["Corruption","Juggernaut"],"picked":"Cleave","floor":13},{"not_picked":["Anger","Second Wind"],"picked":"Twin Strike","floor":14}],"player_experience":1473610,"relics_obtained":[],"event_choices":[{"cards_removed":["Strike_R"],"damage_healed":0,"gold_gain":0,"player_choice":"Card Removal","damage_taken":7,"max_hp_gain":0,"max_hp_loss":0,"event_name":"Golden Wing","floor":2,"gold_loss":0},{"damage_healed":0,"gold_gain":0,"player_choice":"Left Gold","damage_taken":0,"max_hp_gain":0,"max_hp_loss":0,"event_name":"World of Goop","floor":5,"gold_loss":32}],"is_beta":false,"boss_relics":[],"items_purged_floors":[],"is_endless":false,"potions_floor_spawned":[3,10,11,13],"killed_by":"Hexaghost","ascension_level":0}