{"gold_per_floor":[116,48,48,48,65,65,99,99,99,99,133,153,178,189,189,290,290,306,306,10,20,32,63,82,82,82,113,125,145,173,188,188,288,288,304,315,327,377,393,427,438,464,510,545,561,581,592,517,517,517,517,517,5,33,33],"floor_reached":56,"playtime":4573,"items_purged":["Strike_B","Defend_B"],"score":1768,"play_id":"6060d535-eb86-49a3-9a8c-056f9d3528c3","local_time":"20190318155857","is_ascension_mode":true,"campfire_choices":[{"data":"Zap","floor":6,"key":"SMITH"},{"floor":8,"key":"REST"},{"floor":10,"key":"REST"},{"data":"Double Energy","floor":15,"key":"SMITH"},{"data":"White Noise","floor":32,"key":"SMITH"},{"floor":49,"key":"RECALL"},{"data":"Storm","floor":52,"key":"SMITH"}],"neow_cost":"NONE","seed_source_timestamp":228464170974472,"circlet_count":0,"master_deck":["Strike_B","Strike_B","Defend_B+1","Defend_B","Zap+1","Dualcast+1","FTL","Defragment","Stack","Biased Cognition","Creative AI","Gash","Heatsinks","Double Energy+1","Echo Form","Double Energy+1","Storm+1","Go for the Eyes","Capacitor","BootSequence+1","Go for the Eyes","White Noise+1","Beam Cell","Gash","Steam+1","Beam Cell+1","Gash","Go for the Eyes","White Noise+1","Defragment","Recycle+1","Gash+1"],"relics":["Cracked Core","Omamori","Unceasing Top","Mummified Hand","Dead Branch","Nuclear Battery","Cables","Singing Bowl","Dodecahedron","Pen Nib","Symbiotic Virus","Coffee Dripper","Gambling Chip","Strawberry","Molten Egg 2","Blood Vial","Anchor","HandDrill","Bottled Lightning"],"potions_floor_usage":[14,23,50,55,55,55],"damage_taken":[{"damage":0,"enemies":"Small Slimes","floor":1,"turns":4},{"damage":5,"enemies":"2 Louse","floor":5,"turns":2},{"damage":27,"enemies":"3 Sentries","floor":7,"turns":7},{"damage":16,"enemies":"Gremlin Nob","floor":11,"turns":3},{"damage":0,"enemies":"Cultist","floor":12,"turns":3},{"damage":12,"enemies":"3 Sentries","floor":13,"turns":5},{"damage":0,"enemies":"Gremlin Gang","floor":14,"turns":1},{"damage":11,"enemies":"The Guardian","floor":16,"turns":7},{"damage":0,"enemies":"3 Byrds","floor":18,"turns":2},{"damage":33,"enemies":"2 Thieves","floor":21,"turns":3},{"damage":5,"enemies":"Snecko","floor":22,"turns":3},{"damage":19,"enemies":"Book of Stabbing","floor":23,"turns":4},{"damage":0,"enemies":"Sentry and Sphere","floor":24,"turns":1},{"damage":0,"enemies":"Gremlin Leader","floor":27,"turns":4},{"damage":0,"enemies":"Centurion and Healer","floor":28,"turns":3},{"damage":0,"enemies":"Snecko","floor":29,"turns":3},{"damage":0,"enemies":"Slavers","floor":30,"turns":1},{"damage":0,"enemies":"Snake Plant","floor":31,"turns":2},{"damage":9,"enemies":"Champ","floor":33,"turns":4},{"damage":0,"enemies":"3 Shapes","floor":35,"turns":1},{"damage":0,"enemies":"3 Darklings","floor":36,"turns":3},{"damage":0,"enemies":"Jaw Worm Horde","floor":37,"turns":2},{"damage":0,"enemies":"2 Orb Walkers","floor":38,"turns":3},{"damage":0,"enemies":"Maw","floor":39,"turns":2},{"damage":0,"enemies":"Reptomancer","floor":40,"turns":3},{"damage":0,"enemies":"Transient","floor":41,"turns":2},{"damage":0,"enemies":"Nemesis","floor":42,"turns":1},{"damage":0,"enemies":"Reptomancer","floor":44,"turns":1},{"damage":10,"enemies":"4 Shapes","floor":45,"turns":3},{"damage":0,"enemies":"Maw","floor":46,"turns":2},{"damage":0,"enemies":"Spire Growth","floor":47,"turns":1},{"damage":0,"enemies":"Awakened One","floor":50,"turns":3},{"damage":0,"enemies":"Shield and Spear","floor":54,"turns":1},{"damage":45,"enemies":"The Heart","floor":55,"turns":4}],"seed_played":"3878385985816698660","potions_obtained":[{"floor":7,"key":"Weak Potion"},{"floor":11,"key":"FearPotion"},{"floor":12,"key":"Explosive Potion"},{"floor":16,"key":"SkillPotion"},{"floor":18,"key":"AttackPotion"},{"floor":22,"key":"Energy Potion"},{"floor":23,"key":"PowerPotion"},{"floor":38,"key":"PowerPotion"}],"is_trial":false,"path_per_floor":["?","?","?","M","M","?","?"],"character_chosen":"DEFECT","items_purchased":["Defragment","Storm","Cables","Anchor","HandDrill","SteroidPotion"],"campfire_rested":2,"item_purchase_floors":[2,20,20,53,53,53],"current_hp_per_floor":[75,75,60,60,55,55,28,50,50,72,56,56,44,44,44,33,75,75,75,75,42,37,18,20,20,20,20,20,20,20,22,22,15,81,81,83,83,85,85,94,94,94,94,94,86,88,90,90,90,92,96,96,96,98,53],"gold":33,"neow_bonus":"REMOVE_CARD","is_prod":false,"is_daily":false,"chose_seed":false,"campfire_upgraded":4,"win_rate":0,"timestamp":1552939137,"path_taken":["M","$","?","?","M","R","E","R","T","R","E","M","E","M","R","BOSS","M","?","$","M","?","E","?","?","T","E","M","M","E","M","R","BOSS","M","M","M","?","M","E","M","E","T","E","M","M","M","$","R","BOSS","R","$","E","BOSS"],"build_version":"2019-01-23","purchased_purges":2,"victory":true,"max_hp_per_floor":[75,75,75,75,75,75,75,75,75,75,75,75,75,75,75,75,75,75,75,75,75,75,75,77,77,77,77,77,77,77,79,79,81,81,81,83,83,85,85,94,94,94,94,94,96,96,96,96,96,96,96,96,96,98,98],"card_choices":[{"not_picked":["Ball Lightning","Stack"],"picked":"FTL","floor":1},{"not_picked":["Turbo","Recycle","Chaos"],"picked":"SKIP","floor":5},{"not_picked":["Fusion","Force Field"],"picked":"Biased Cognition","floor":7},{"not_picked":["Coolheaded","Gash"],"picked":"Creative AI","floor":11},{"not_picked":["Turbo","Barrage"],"picked":"Gash","floor":12},{"not_picked":["Barrage","Consume"],"picked":"Heatsinks","floor":13},{"not_picked":["Coolheaded","Streamline"],"picked":"Double Energy","floor":14},{"not_picked":["Multi-Cast","Rainbow"],"picked":"Echo Form","floor":16},{"not_picked":["Coolheaded+1","Rebound+1","Compile Driver"],"picked":"SKIP","floor":18},{"not_picked":["Barrage+1","Lockon"],"picked":"Go for the Eyes","floor":21},{"not_picked":["Go for the Eyes","Reprogram"],"picked":"Capacitor","floor":22},{"not_picked":["Gash+1","Stack"],"picked":"BootSequence+1","floor":23},{"not_picked":["Barrage","Doom and Gloom","Rebound"],"picked":"Singing Bowl","floor":24},{"not_picked":["Turbo","Machine Learning"],"picked":"Go for the Eyes","floor":27},{"not_picked":["Sweeping Beam","Beam Cell"],"picked":"White Noise","floor":28},{"not_picked":["Rebound","Conserve Battery"],"picked":"Beam Cell","floor":29},{"not_picked":["Chaos","Capacitor+1"],"picked":"Gash","floor":30},{"not_picked":["Ball Lightning","Stack+1","Conserve Battery"],"picked":"Singing Bowl","floor":31},{"not_picked":["Thunder Strike","Meteor Strike","Buffer"],"picked":"Singing Bowl","floor":33},{"not_picked":["Turbo","Coolheaded"],"picked":"Steam+1","floor":35},{"not_picked":["All For One","Barrage","Redo"],"picked":"Singing Bowl","floor":36},{"not_picked":["Genetic Algorithm","Cold Snap+1"],"picked":"Beam Cell+1","floor":37},{"not_picked":["Blizzard+1","Consume+1","Cold Snap+1"],"picked":"Singing Bowl","floor":38},{"not_picked":["Force Field","Turbo"],"picked":"Gash","floor":39},{"not_picked":["Fission","Stack","Sweeping Beam+1"],"picked":"Singing Bowl","floor":40},{"not_picked":["Hologram+1","Auto Shields"],"picked":"Go for the Eyes","floor":41},{"not_picked":["Melter+1","Rebound"],"picked":"White Noise+1","floor":42},{"not_picked":["Beam Cell+1","Skim"],"picked":"Defragment","floor":44},{"not_picked":["Static Discharge","Turbo+1","Glacier"],"picked":"Singing Bowl","floor":45},{"not_picked":["Rebound+1","Barrage+1"],"picked":"Recycle+1","floor":46},{"not_picked":["Turbo","Force Field+1"],"picked":"Gash+1","floor":47},{"not_picked":["Rebound+1","Buffer","Skim"],"picked":"Singing Bowl","floor":54}],"player_experience":758837,"relics_obtained":[{"floor":7,"key":"Omamori"},{"floor":9,"key":"Unceasing Top"},{"floor":11,"key":"Mummified Hand"},{"floor":13,"key":"Dead Branch"},{"floor":23,"key":"Singing Bowl"},{"floor":26,"key":"Dodecahedron"},{"floor":27,"key":"Pen Nib"},{"floor":30,"key":"Symbiotic Virus"},{"floor":38,"key":"Gambling Chip"},{"floor":40,"key":"Strawberry"},{"floor":42,"key":"Molten Egg 2"},{"floor":44,"key":"Blood Vial"},{"floor":54,"key":"Bottled Lightning"}],"event_choices":[{"damage_healed":0,"gold_gain":0,"player_choice":"Entered Light","damage_taken":15,"max_hp_gain":0,"max_hp_loss":0,"event_name":"Shining Light","floor":3,"gold_loss":0,"cards_upgraded":["Defend_B","Dualcast"]},{"damage_healed":0,"gold_gain":0,"cards_transformed":["Defend_B"],"player_choice":"Transformed","damage_taken":0,"max_hp_gain":0,"max_hp_loss":0,"event_name":"Transmorgrifier","floor":4,"gold_loss":0,"cards_obtained":["Stack"]},{"damage_healed":0,"gold_gain":0,"player_choice":"Copied","damage_taken":0,"max_hp_gain":0,"max_hp_loss":0,"event_name":"Duplicator","floor":19,"gold_loss":0,"cards_obtained":["Double Energy"]},{"damage_healed":0,"gold_gain":0,"player_choice":"Ignored","damage_taken":0,"max_hp_gain":0,"max_hp_loss":0,"event_name":"The Mausoleum","floor":25,"gold_loss":0},{"damage_healed":0,"gold_gain":0,"player_choice":"Fight","damage_taken":0,"max_hp_gain":0,"max_hp_loss":0,"event_name":"Mysterious Sphere","floor":38,"gold_loss":0}],"is_beta":false,"boss_relics":[{"not_picked":["Calling Bell","Ectoplasm"],"picked":"Nuclear Battery"},{"not_picked":["Snecko Eye","Cursed Key"],"picked":"Coffee Dripper"}],"items_purged_floors":[48,53],"is_endless":false,"potions_floor_spawned":[7,11,12,16,18,22,23,29,33,36,37,38,40,41],"ascension_level":4}