{"path_per_floor":["M","?","?","M","M","R","E","R","T","M","$","M","E","M","R","B",null,"M","?","M","?","$","R","E","M","T","M","M","$","R","M","R","B",null,"M"],"character_chosen":"IRONCLAD","items_purchased":["Blood Vial","Regen Potion","Inflame","Apotheosis","Whetstone"],"gold_per_floor":[109,109,109,124,144,144,169,169,247,262,64,82,114,130,130,226,226,243,243,263,263,43,43,78,88,136,146,165,10,10,23,23,121,121,132],"floor_reached":36,"campfire_rested":2,"playtime":1845,"current_hp_per_floor":[80,64,64,70,71,71,57,57,57,60,60,63,66,71,71,37,87,84,84,69,69,69,69,64,49,49,29,15,15,56,59,87,27,87,33],"items_purged":[],"gold":132,"score":363,"play_id":"13011596-5b4d-48bb-8669-53213178cf65","is_prod":false,"is_daily":false,"is_ascension_mode":true,"campfire_upgraded":4,"path_taken":["M","?","?","M","M","R","E","R","T","M","?","M","E","M","R","BOSS","M","?","M","?","$","R","E","M","T","?","?","?","R","M","R","BOSS","M","M"],"build_version":"2018-02-22-PROD2","purchased_purges":0,"victory":false,"master_deck":["Strike_R+1","Strike_R+1","Strike_R+1","Strike_R+1","Defend_R+1","Defend_R+1","Defend_R+1","Defend_R+1","Bash+1","Rupture","Seeing Red","Evolve+1","Pommel Strike","Bloodletting+1","Wild Strike","Infernal Blade","Battle Trance","Twin Strike+1","Brutality","Combust","Bash+1","Headbutt+1","Inflame","Apotheosis+1","Disarm","Heavy Blade","Limit Break","Dual Wield","Havoc+1","Fiend Fire"],"max_hp_per_floor":[80,80,80,80,80,80,87,87,87,87,87,87,87,87,87,87,87,87,87,87,87,87,87,87,87,87,87,87,87,87,87,87,87,87,87],"relics":["Burning Blood","Lantern","Strawberry","Mercury Hourglass","Blood Vial","Self Forming Clay","Mark of Pain","Prayer Wheel","Regal Pillow","Whetstone","Runic Pyramid"],"card_choices":[{"not_picked":["Pommel Strike","Flex"],"picked":"Rupture"},{"not_picked":["Berserk","Spot Weakness"],"picked":"Evolve"},{"not_picked":["Iron Wave","Armaments"],"picked":"Pommel Strike"},{"not_picked":["Whirlwind","Sword Boomerang"],"picked":"Bloodletting"},{"not_picked":["Flex","Heavy Blade"],"picked":"Wild Strike"},{"not_picked":["Perfected Strike","Disarm"],"picked":"Infernal Blade"},{"not_picked":["Pommel Strike","Havoc"],"picked":"Battle Trance"},{"not_picked":["Entrench","Warcry"],"picked":"Twin Strike"},{"not_picked":["Exhume","Dark Embrace"],"picked":"Brutality"},{"not_picked":["Anger","Headbutt"],"picked":"Combust"},{"not_picked":["Ghostly Armor","Reckless Charge"],"picked":"Headbutt"},{"not_picked":["Searing Blow","Entrench"],"picked":"Disarm"},{"not_picked":["Flex","Clothesline"],"picked":"Heavy Blade"},{"not_picked":["Armaments","Warcry"],"picked":"Limit Break"},{"not_picked":["Entrench","Disarm"],"picked":"Dual Wield"},{"not_picked":["Second Wind","Flame Barrier"],"picked":"Havoc"},{"not_picked":["Bludgeon","Brutality"],"picked":"Fiend Fire"}],"player_experience":184398,"potions_floor_usage":[13,13,24,24,25,27,33,33,33],"damage_taken":[{"damage":1,"enemies":"Jaw Worm","floor":1,"turns":3},{"damage":0,"enemies":"2 Louse","floor":4,"turns":3},{"damage":5,"enemies":"Small Slimes","floor":5,"turns":3},{"damage":27,"enemies":"Gremlin Nob","floor":7,"turns":4},{"damage":3,"enemies":"Gremlin Gang","floor":10,"turns":3},{"damage":5,"enemies":"Looter","floor":12,"turns":2},{"damage":14,"enemies":"3 Sentries","floor":13,"turns":4},{"damage":3,"enemies":"Exordium Wildlife","floor":14,"turns":2},{"damage":42,"enemies":"Slime Boss","floor":16,"turns":6},{"damage":9,"enemies":"3 Byrds","floor":18,"turns":4},{"damage":23,"enemies":"2 Thieves","floor":20,"turns":3},{"damage":13,"enemies":"Slavers","floor":24,"turns":4},{"damage":23,"enemies":"Sentry and Sphere","floor":25,"turns":4},{"damage":28,"enemies":"Cultist and Chosen","floor":27,"turns":7},{"damage":22,"enemies":"Snake Plant","floor":28,"turns":3},{"damage":5,"enemies":"Snecko","floor":31,"turns":4},{"damage":66,"enemies":"Automaton","floor":33,"turns":7},{"damage":60,"enemies":"3 Darklings","floor":35,"turns":5},{"damage":56,"enemies":"3 Shapes","floor":36,"turns":4}],"event_choices":[{"event_name":"Shining Light","player_choice":"Entered Light","floor":2,"damage_taken":0},{"event_name":"Transmorgrifier","player_choice":"Transform","floor":3,"damage_taken":0},{"event_name":"Match and Keep!","player_choice":"1 cards matched","floor":19,"damage_taken":0},{"event_name":"Back to Basics","player_choice":"Simplicity","floor":21,"damage_taken":0}],"boss_relics":[{"not_picked":["Snecko Eye","Sozu"],"picked":"Mark of Pain"},{"not_picked":["Calling Bell","Runic Cube"],"picked":"Runic Pyramid"}],"potions_floor_spawned":[4,5,13,14,16,24,27,28,31],"seed_played":"8334106673768685701","killed_by":"3 Shapes","ascension_level":1,"is_trial":false}