{"gold_per_floor":[113,130,130,230,246,246,26,55,133,149,160,160,191,203,203,302,302,315,315,315,122,122,149,149,161,161,181,197,197,212,240,240,240],"floor_reached":33,"playtime":2060,"items_purged":["Strike_G","Defend_G"],"score":322,"play_id":"28430857-589c-40a6-b5d9-51224be3e065","local_time":"20190212005052","is_ascension_mode":false,"campfire_choices":[{"data":"Noxious Fumes","floor":6,"key":"SMITH"},{"floor":15,"key":"REST"},{"floor":24,"key":"REST"},{"data":"A Thousand Cuts","floor":29,"key":"SMITH"},{"floor":32,"key":"REST"}],"neow_cost":"NONE","seed_source_timestamp":388560272974514,"circlet_count":0,"master_deck":["Defend_G","Defend_G","Defend_G","Survivor","Neutralize+1","Noxious Fumes+1","Cloak And Dagger","Escape Plan","Well Laid Plans","Accuracy","Blade Dance","Tools of the Trade","Blade Dance","A Thousand Cuts+1","Deflect","Bite","Bite","Bite","Bite","Bite","Cloak And Dagger","Footwork","Blade Dance","Cloak And Dagger"],"relics":["Ring of the Snake","NeowsBlessing","Oddly Smooth Stone","Darkstone Periapt","Bronze Scales","WristBlade","Orichalcum","Sundial","Ancient Tea Set"],"potions_floor_usage":[13,13,16,23,33],"damage_taken":[{"damage":0,"enemies":"Cultist","floor":1,"turns":1},{"damage":0,"enemies":"Small Slimes","floor":2,"turns":1},{"damage":0,"enemies":"2 Louse","floor":5,"turns":1},{"damage":20,"enemies":"Lagavulin","floor":8,"turns":7},{"damage":1,"enemies":"Looter","floor":10,"turns":3},{"damage":9,"enemies":"Large Slime","floor":11,"turns":6},{"damage":2,"enemies":"Gremlin Nob","floor":13,"turns":3},{"damage":0,"enemies":"Blue Slaver","floor":14,"turns":3},{"damage":24,"enemies":"Hexaghost","floor":16,"turns":9},{"damage":14,"enemies":"2 Thieves","floor":18,"turns":5},{"damage":26,"enemies":"Gremlin Leader","floor":23,"turns":6},{"damage":13,"enemies":"Chosen","floor":25,"turns":6},{"damage":18,"enemies":"Shelled Parasite and Fungi","floor":27,"turns":5},{"damage":3,"enemies":"Centurion and Healer","floor":28,"turns":6},{"damage":27,"enemies":"Snecko","floor":30,"turns":5},{"damage":30,"enemies":"Book of Stabbing","floor":31,"turns":5},{"damage":42,"enemies":"Collector","floor":33,"turns":3}],"seed_played":"7329832833057496007","potions_obtained":[{"floor":1,"key":"PowerPotion"},{"floor":11,"key":"PowerPotion"},{"floor":14,"key":"Weak Potion"},{"floor":16,"key":"PowerPotion"},{"floor":25,"key":"GamblersBrew"},{"floor":27,"key":"Strength Potion"},{"floor":28,"key":"Dexterity Potion"}],"is_trial":false,"path_per_floor":["?","?","M","M","?","?","?","?"],"character_chosen":"THE_SILENT","items_purchased":["Escape Plan","Well Laid Plans","Cloak And Dagger","Footwork"],"campfire_rested":3,"item_purchase_floors":[7,7,21,21],"current_hp_per_floor":[70,70,63,63,63,63,63,43,43,42,33,19,17,17,38,14,70,56,43,43,43,43,29,44,43,43,35,48,48,29,9,24,0],"gold":240,"neow_bonus":"THREE_ENEMY_KILL","is_prod":false,"is_daily":false,"chose_seed":false,"campfire_upgraded":2,"win_rate":0,"timestamp":1549950652,"path_taken":["M","M","?","?","M","R","$","E","T","?","?","?","E","M","R","BOSS","M","?","?","$","?","E","R","M","T","M","M","R","M","E","R","BOSS"],"build_version":"2019-01-23","purchased_purges":2,"victory":false,"max_hp_per_floor":[70,70,70,70,70,70,70,70,70,70,70,70,70,70,70,70,70,70,75,52,52,52,52,52,52,52,52,52,52,52,52,52,52],"card_choices":[{"not_picked":["Sucker Punch","Dagger Throw"],"picked":"Noxious Fumes","floor":1},{"not_picked":["Outmaneuver","Catalyst"],"picked":"Cloak And Dagger","floor":2},{"not_picked":["Tactician","Dagger Throw","Dagger Spray"],"picked":"SKIP","floor":5},{"not_picked":["Dodge and Roll","PiercingWail","All Out Attack"],"picked":"SKIP","floor":8},{"not_picked":["PiercingWail","Flying Knee"],"picked":"Accuracy","floor":10},{"not_picked":["Choke","Bane"],"picked":"Blade Dance","floor":11},{"not_picked":["Backstab","Blur"],"picked":"Tools of the Trade","floor":13},{"not_picked":["Poisoned Stab","Dagger Spray"],"picked":"Blade Dance","floor":14},{"not_picked":["Storm of Steel","Die Die Die"],"picked":"A Thousand Cuts","floor":16},{"not_picked":["Acrobatics","Flying Knee"],"picked":"Deflect","floor":18},{"not_picked":["Prepared","Burst","Dagger Spray"],"picked":"SKIP","floor":23},{"not_picked":["Flying Knee","Sucker Punch"],"picked":"Blade Dance","floor":25},{"not_picked":["Deadly Poison","Concentrate+1","Acrobatics"],"picked":"SKIP","floor":27},{"not_picked":["Finisher","Underhanded Strike+1","Crippling Poison"],"picked":"SKIP","floor":28},{"not_picked":["Quick Slash","Die Die Die","Deadly Poison"],"picked":"SKIP","floor":30},{"not_picked":["Flying Knee+1","Flechettes+1"],"picked":"Cloak And Dagger","floor":31}],"player_experience":429847,"relics_obtained":[{"floor":8,"key":"Oddly Smooth Stone"},{"floor":9,"key":"Darkstone Periapt"},{"floor":13,"key":"Bronze Scales"},{"floor":23,"key":"Orichalcum"},{"floor":26,"key":"Sundial"},{"floor":31,"key":"Ancient Tea Set"}],"event_choices":[{"cards_removed":["Defend_G"],"damage_healed":0,"gold_gain":0,"player_choice":"Card Removal","damage_taken":7,"max_hp_gain":0,"max_hp_loss":0,"event_name":"Golden Wing","floor":3,"gold_loss":0},{"damage_healed":0,"gold_gain":100,"player_choice":"Pray","damage_taken":0,"max_hp_gain":0,"max_hp_loss":0,"event_name":"Golden Shrine","floor":4,"gold_loss":0},{"damage_healed":0,"gold_gain":0,"player_choice":"Entered Light","damage_taken":14,"max_hp_gain":0,"max_hp_loss":0,"event_name":"Shining Light","floor":12,"gold_loss":0,"cards_upgraded":["Strike_G","Neutralize"]},{"damage_healed":0,"gold_gain":0,"player_choice":"Shed Blood","damage_taken":18,"max_hp_gain":5,"max_hp_loss":0,"event_name":"Forgotten Altar","floor":19,"gold_loss":0},{"damage_healed":0,"gold_gain":0,"player_choice":"Became a vampire","damage_taken":0,"max_hp_gain":0,"max_hp_loss":23,"event_name":"Vampires","floor":20,"gold_loss":0,"cards_obtained":["Bite","Bite","Bite","Bite","Bite"]},{"damage_healed":0,"gold_gain":0,"player_choice":"Ignored","damage_taken":0,"max_hp_gain":0,"max_hp_loss":0,"event_name":"Ghosts","floor":22,"gold_loss":0}],"is_beta":false,"boss_relics":[{"not_picked":["Snecko Eye","Philosopher\u0027s Stone"],"picked":"WristBlade"}],"items_purged_floors":[7,21],"is_endless":false,"potions_floor_spawned":[1,11,14,16,25,27,28],"killed_by":"Collector","ascension_level":0}