{"gold_per_floor":[110,110,110,110,285,285,310,310,310,266,278,278,278,294,294,294],"floor_reached":16,"playtime":449,"items_purged":[],"score":96,"play_id":"bf597cc2-944d-4289-9021-45be2cce0d4f","local_time":"20181121163327","is_ascension_mode":false,"campfire_choices":[{"floor":6,"key":"REST"},{"floor":12,"key":"REST"},{"data":"Corruption","floor":15,"key":"SMITH"}],"neow_cost":"NONE","seed_source_timestamp":686848846465739,"circlet_count":0,"master_deck":["Strike_R","Strike_R","Strike_R","Strike_R","Strike_R","Defend_R","Defend_R","Defend_R","Defend_R","Bash","Madness","Perfected Strike","Doubt","Perfected Strike","Pain","Pummel","Injury","Corruption+1"],"relics":["Burning Blood","Juzu Bracelet","Bag of Preparation","WarpedTongs","Dead Branch","Golden Idol"],"potions_floor_usage":[16],"damage_taken":[{"damage":6,"enemies":"Jaw Worm","floor":1,"turns":5},{"damage":61,"enemies":"3 Sentries","floor":7,"turns":13},{"damage":1,"enemies":"Small Slimes","floor":11,"turns":2},{"damage":0,"enemies":"Cultist","floor":14,"turns":2},{"damage":59,"enemies":"Slime Boss","floor":16,"turns":8}],"seed_played":"-5960748474012362411","potions_obtained":[{"floor":1,"key":"EssenceOfSteel"}],"is_trial":false,"path_per_floor":["M","?","?","?","?","R","E","?","T","?","M","R","?","M","R","B"],"character_chosen":"IRONCLAD","items_purchased":[],"campfire_rested":2,"item_purchase_floors":[],"current_hp_per_floor":[80,80,55,55,55,79,24,24,24,24,29,53,53,59,59,0],"gold":294,"neow_bonus":"RANDOM_COLORLESS","is_prod":false,"is_daily":false,"chose_seed":false,"campfire_upgraded":1,"win_rate":0,"timestamp":1542843207,"path_taken":["M","?","?","?","?","R","E","?","T","?","M","R","?","M","R","BOSS"],"build_version":"2018-11-15","purchased_purges":0,"victory":false,"max_hp_per_floor":[80,80,80,80,80,80,80,80,80,80,80,80,80,80,80,80],"card_choices":[{"not_picked":["Havoc","Blood for Blood"],"picked":"Perfected Strike","floor":1},{"not_picked":["Rupture","Clothesline"],"picked":"Perfected Strike","floor":7},{"not_picked":["Metallicize","Shockwave"],"picked":"Pummel","floor":11},{"not_picked":["Pommel Strike","Blood for Blood"],"picked":"Corruption","floor":14}],"player_experience":1125704,"relics_obtained":[{"floor":7,"key":"Bag of Preparation"},{"floor":9,"key":"Dead Branch"}],"event_choices":[{"damage_healed":0,"gold_gain":0,"player_choice":"Ignored","damage_taken":0,"max_hp_gain":0,"max_hp_loss":0,"event_name":"Golden Wing","floor":2,"gold_loss":0},{"damage_healed":0,"gold_gain":0,"player_choice":"Success","damage_taken":25,"relics_obtained":["Juzu Bracelet"],"max_hp_gain":0,"max_hp_loss":0,"event_name":"Scrap Ooze","floor":3,"gold_loss":0},{"damage_healed":0,"gold_gain":0,"player_choice":"Ignored","damage_taken":0,"max_hp_gain":0,"max_hp_loss":0,"event_name":"NoteForYourself","floor":4,"gold_loss":0},{"damage_healed":0,"gold_gain":175,"player_choice":"AGREE","damage_taken":0,"max_hp_gain":0,"max_hp_loss":0,"event_name":"Liars Game","floor":5,"gold_loss":0,"cards_obtained":["Doubt"]},{"damage_healed":0,"gold_gain":0,"player_choice":"Rummage","damage_taken":0,"relics_obtained":["WarpedTongs"],"max_hp_gain":0,"max_hp_loss":0,"event_name":"Accursed Blacksmith","floor":8,"gold_loss":0,"cards_obtained":["Pain"]},{"damage_healed":0,"gold_gain":0,"player_choice":"Left Gold","damage_taken":0,"max_hp_gain":0,"max_hp_loss":0,"event_name":"World of Goop","floor":10,"gold_loss":44},{"damage_healed":0,"gold_gain":0,"player_choice":"Take Wound","damage_taken":0,"relics_obtained":["Golden Idol"],"max_hp_gain":0,"max_hp_loss":0,"event_name":"Golden Idol","floor":13,"gold_loss":0,"cards_obtained":["Injury"]}],"is_beta":false,"boss_relics":[],"items_purged_floors":[],"is_endless":false,"potions_floor_spawned":[1],"killed_by":"Slime Boss","ascension_level":0}