{"path_per_floor":["M","M","?","M","?","M","M","M","T","R","M","M","R","M","R","B",null,"M","M","?","$","M","R","?","?","T","M","M","?","R","M","R"],"character_chosen":"IRONCLAD","items_purchased":["Transmutation","Inflame"],"gold_per_floor":[110,124,124,137,102,121,141,161,188,188,201,220,220,236,236,331,331,312,332,232,14,24,24,24,24,50,62,80,80,80,96,96],"floor_reached":33,"campfire_rested":2,"playtime":3829,"current_hp_per_floor":[78,69,53,49,69,55,46,36,36,36,36,42,42,39,39,14,80,65,69,69,69,44,44,44,44,44,20,10,10,41,33,56],"items_purged":[],"gold":96,"score":283,"play_id":"dfe11c6f-7f44-40dd-a42d-131caa7945a2","is_prod":false,"is_daily":false,"is_ascension_mode":true,"campfire_upgraded":4,"path_taken":["M","M","?","M","?","M","M","?","T","R","M","M","R","M","R","BOSS","M","M","?","$","M","R","?","?","T","M","M","?","R","?","R","BOSS"],"build_version":"2018-02-22-PROD2","purchased_purges":0,"victory":false,"master_deck":["Bash+1","Juggernaut","Clash","Flame Barrier+1","Sever Soul","Body Slam+1","Second Wind","Iron Wave","Iron Wave","Pommel Strike","Ghostly Armor+1","Limit Break","Shrug It Off","Wild Strike","Spot Weakness","Armaments","Havoc","Havoc","Sever Soul","Pommel Strike","Clothesline","Corruption+1","Inflame","Transmutation","Inflame","Warcry+1","Bite","Bite","Bite","Bite","Rage","Uppercut","Exhume"],"max_hp_per_floor":[80,80,80,80,80,80,80,80,80,80,80,80,80,80,80,80,80,80,80,80,80,80,80,56,56,56,56,56,56,56,56,56],"relics":["Burning Blood","Regal Pillow","Pandora\u0027s Box","Vajra","Mercury Hourglass"],"card_choices":[{"not_picked":["Burning Pact","Clothesline"],"picked":"Clash"},{"not_picked":["Armaments","Iron Wave"],"picked":"Flame Barrier"},{"not_picked":["Havoc","Cleave"],"picked":"Sever Soul"},{"not_picked":["True Grit","Cleave"],"picked":"Body Slam"},{"not_picked":["Flex","Reckless Charge"],"picked":"Second Wind"},{"not_picked":["Warcry","Twin Strike"],"picked":"Iron Wave"},{"not_picked":["Body Slam","Pummel"],"picked":"Iron Wave"},{"not_picked":["Anger","Fire Breathing"],"picked":"Pommel Strike"},{"not_picked":["Pommel Strike","Exhume"],"picked":"Ghostly Armor"},{"not_picked":["Brutality","Immolate"],"picked":"Limit Break"},{"not_picked":["Clash","Shrug It Off"],"picked":"Corruption"},{"not_picked":["Sever Soul","Anger"],"picked":"Inflame"},{"not_picked":["Armaments","Pommel Strike"],"picked":"Warcry"},{"not_picked":["Twin Strike","Flex"],"picked":"Rage"},{"not_picked":["Sever Soul","Anger"],"picked":"Uppercut"},{"not_picked":["Heavy Blade","Corruption"],"picked":"Exhume"}],"player_experience":177541,"potions_floor_usage":[16,18,18,27,31,33,33],"damage_taken":[{"damage":8,"enemies":"Jaw Worm","floor":1,"turns":5},{"damage":15,"enemies":"Small Slimes","floor":2,"turns":4},{"damage":10,"enemies":"2 Louse","floor":4,"turns":4},{"damage":20,"enemies":"Exordium Thugs","floor":6,"turns":6},{"damage":15,"enemies":"Looter","floor":7,"turns":3},{"damage":16,"enemies":"Blue Slaver","floor":8,"turns":5},{"damage":6,"enemies":"2 Fungi Beasts","floor":11,"turns":4},{"damage":0,"enemies":"Exordium Wildlife","floor":12,"turns":2},{"damage":9,"enemies":"Large Slime","floor":14,"turns":6},{"damage":46,"enemies":"The Guardian","floor":16,"turns":14},{"damage":21,"enemies":"2 Thieves","floor":18,"turns":4},{"damage":2,"enemies":"3 Byrds","floor":19,"turns":4},{"damage":31,"enemies":"Snecko","floor":22,"turns":6},{"damage":36,"enemies":"Cultist and Chosen","floor":27,"turns":8},{"damage":20,"enemies":"Sentry and Sphere","floor":28,"turns":4},{"damage":14,"enemies":"Snake Plant","floor":31,"turns":3},{"damage":77,"enemies":"Automaton","floor":33,"turns":6}],"event_choices":[{"event_name":"Shining Light","player_choice":"Entered Light","floor":3,"damage_taken":0},{"event_name":"The Cleric","player_choice":"Healed","floor":5,"damage_taken":0},{"event_name":"Drug Dealer","player_choice":"Got JAXXED","floor":20,"damage_taken":0},{"event_name":"Vampires","player_choice":"Became a vampire","floor":24,"damage_taken":0},{"event_name":"Back to Basics","player_choice":"Elegance","floor":25,"damage_taken":0},{"event_name":"Addict","player_choice":"Gave JAX","floor":29,"damage_taken":0}],"boss_relics":[{"not_picked":["Ectoplasm","Runic Dome"],"picked":"Pandora\u0027s Box"}],"potions_floor_spawned":[1,4,8,12,16,19,28,31],"seed_played":"-8600459734679754797","killed_by":"Automaton","ascension_level":1,"is_trial":false}