{"gold_per_floor":[14,14,14,27,100,126,126,140,140,171,190,200,230,245,245,347,347,361,361,1,14,25,56,67,67,67,102,15,15,15,32,32,32],"floor_reached":33,"playtime":2211,"items_purged":[],"score":372,"play_id":"a51f57cd-b705-4f3b-81b3-f0258e21d1fc","local_time":"20180816112227","is_ascension_mode":true,"campfire_choices":[{"floor":7,"key":"REST"},{"floor":15,"key":"REST"},{"floor":25,"key":"REST"},{"data":"1","floor":32,"key":"LIFT"}],"neow_cost":"NO_GOLD","seed_source_timestamp":508437162089499,"circlet_count":0,"master_deck":["Defend_B","Defend_B","Defend_B","Defend_B","Zap","Dualcast","Leap","Stack","Go for the Eyes","Chaos","Echo Form","Defragment","Conserve Battery","Coolheaded","Self Repair","Rainbow","Ball Lightning","Dramatic Entrance","Mind Blast","Enlightenment","Loop","Streamline","Double Energy","Rebound","Darkness+1","Rebound","Cold Snap+1","Static Discharge","Conserve Battery","Bite","Bite","Bite","Bite","Bite","Gash+1"],"relics":["Cracked Core","Matryoshka","Centennial Puzzle","Orichalcum","Symbiotic Virus","Cables","Pear","Busted Crown","Pantograph","Omamori","Regal Pillow","Bird Faced Urn","Girya"],"potions_floor_usage":[6,13,14,16,23,27,27],"damage_taken":[{"damage":11,"enemies":"Jaw Worm","floor":1,"turns":3},{"damage":10,"enemies":"Small Slimes","floor":4,"turns":3},{"damage":39,"enemies":"Lagavulin","floor":6,"turns":9},{"damage":1,"enemies":"Cultist","floor":8,"turns":4},{"damage":10,"enemies":"3 Sentries","floor":10,"turns":8},{"damage":0,"enemies":"Blue Slaver","floor":11,"turns":3},{"damage":23,"enemies":"Exordium Thugs","floor":12,"turns":4},{"damage":3,"enemies":"Lagavulin","floor":13,"turns":4},{"damage":0,"enemies":"2 Fungi Beasts","floor":14,"turns":4},{"damage":26,"enemies":"The Guardian","floor":16,"turns":12},{"damage":7,"enemies":"3 Byrds","floor":18,"turns":4},{"damage":2,"enemies":"2 Thieves","floor":21,"turns":4},{"damage":9,"enemies":"Centurion and Healer","floor":22,"turns":3},{"damage":26,"enemies":"Gremlin Leader","floor":23,"turns":8},{"damage":0,"enemies":"3 Cultists","floor":24,"turns":4},{"damage":29,"enemies":"Slavers","floor":27,"turns":6},{"damage":5,"enemies":"Snake Plant","floor":31,"turns":3},{"damage":94,"enemies":"Collector","floor":33,"turns":11}],"seed_played":"5854511687829202515","potions_obtained":[{"floor":4,"key":"Energy Potion"},{"floor":8,"key":"Poison Potion"},{"floor":12,"key":"Ancient Potion"},{"floor":13,"key":"GamblersBrew"},{"floor":14,"key":"AttackPotion"},{"floor":22,"key":"FearPotion"},{"floor":24,"key":"SneckoOil"}],"is_trial":false,"path_per_floor":["M","?","$","M","T","E","R","M","T","E","M","M","E","M","R","B",null,"M","?","$","M","M","E","M","R","T","E","$","?","?","M","R"],"character_chosen":"DEFECT","items_purchased":["Pantograph","Loop","Streamline","Static Discharge","Conserve Battery"],"campfire_rested":3,"item_purchase_floors":[20,20,20,28,28],"current_hp_per_floor":[78,83,83,73,73,34,62,61,61,51,51,28,35,35,66,47,104,97,57,57,62,53,34,48,79,79,61,61,61,61,62,62,0],"gold":32,"neow_bonus":"TWENTY_PERCENT_HP_BONUS","is_prod":false,"is_daily":false,"chose_seed":false,"campfire_upgraded":0,"win_rate":0,"timestamp":1534440147,"path_taken":["M","?","?","M","?","E","R","M","T","E","?","M","E","M","R","BOSS","M","?","?","?","?","E","?","R","T","E","?","?","?","M","R","BOSS"],"build_version":"2018-08-09","purchased_purges":0,"victory":false,"max_hp_per_floor":[89,94,94,94,94,94,94,94,94,94,94,94,104,104,104,104,104,104,104,104,104,104,104,104,104,104,104,104,72,72,72,72,72],"card_choices":[{"not_picked":["Sweeping Beam","FTL"],"picked":"Leap","floor":1},{"not_picked":["Heatsinks","Recycle"],"picked":"Stack","floor":4},{"not_picked":["Recycle","Reinforced Body"],"picked":"Go for the Eyes","floor":6},{"not_picked":["Chill","Sweeping Beam"],"picked":"Chaos","floor":8},{"not_picked":["Sweeping Beam","Stack"],"picked":"Echo Form","floor":10},{"not_picked":["Redo","Conserve Battery"],"picked":"Defragment","floor":11},{"not_picked":["Beam Cell","Steam"],"picked":"Conserve Battery","floor":12},{"not_picked":["Consume","Sunder"],"picked":"Coolheaded","floor":13},{"not_picked":["Tempest","Force Field"],"picked":"Self Repair","floor":14},{"not_picked":["Fission","Core Surge"],"picked":"Rainbow","floor":16},{"not_picked":[],"picked":"Ball Lightning","floor":18},{"not_picked":[],"picked":"Double Energy","floor":21},{"not_picked":[],"picked":"Rebound","floor":22},{"not_picked":[],"picked":"Darkness+1","floor":23},{"not_picked":[],"picked":"Rebound","floor":24},{"not_picked":[],"picked":"Cold Snap+1","floor":27},{"not_picked":[],"picked":"Gash+1","floor":31}],"player_experience":221088,"relics_obtained":[{"floor":5,"key":"Matryoshka"},{"floor":6,"key":"Centennial Puzzle"},{"floor":9,"key":"Orichalcum"},{"floor":9,"key":"Symbiotic Virus"},{"floor":10,"key":"Cables"},{"floor":13,"key":"Pear"},{"floor":23,"key":"Omamori"},{"floor":26,"key":"Regal Pillow"},{"floor":26,"key":"Bird Faced Urn"},{"floor":27,"key":"Girya"}],"event_choices":[{"event_name":"Big Fish","player_choice":"Donut","floor":2,"damage_taken":0},{"event_name":"Knowing Skull","player_choice":"CARD CARD CARD ","floor":19,"damage_taken":0},{"event_name":"Vampires","player_choice":"Became a vampire","floor":29,"damage_taken":0},{"event_name":"Beggar","player_choice":"Ignored","floor":30,"damage_taken":0}],"is_beta":false,"boss_relics":[{"not_picked":["Runic Dome","FrozenCore"],"picked":"Busted Crown"}],"items_purged_floors":[],"is_endless":false,"potions_floor_spawned":[4,8,12,13,14,22,24],"killed_by":"Collector","ascension_level":1}