{"gold_per_floor":[113,129,129,147,59,59,79,79,79,89,102,102,135,148,148,249,249,264,264,278,278,296,296,203,203,203,234,234,254,254,267,267,267],"floor_reached":33,"playtime":727,"items_purged":[],"score":269,"play_id":"9d79a755-6b36-49a8-a93c-0c180a4b233e","local_time":"20190203154158","is_ascension_mode":false,"campfire_choices":[{"data":"Enlightenment","floor":6,"key":"SMITH"},{"data":"Bash","floor":8,"key":"SMITH"},{"data":"Flame Barrier","floor":15,"key":"SMITH"},{"data":"Perfected Strike","floor":23,"key":"SMITH"},{"floor":30,"key":"REST"},{"floor":32,"key":"REST"}],"neow_cost":"NONE","seed_source_timestamp":444236684761400,"circlet_count":0,"master_deck":["Strike_R","Strike_R","Strike_R","Strike_R","Strike_R","Defend_R","Defend_R","Defend_R","Defend_R","Bash+1","Immolate+1","Clothesline","Flex","Flame Barrier+1","Enlightenment+1","Perfected Strike","Perfected Strike+1","Iron Wave","Pommel Strike","Wild Strike","Bludgeon","Flex+1","Iron Wave+1","Shockwave","Flash of Steel","Perfected Strike+1","RitualDagger","Twin Strike","True Grit+1"],"relics":["Burning Blood"],"potions_floor_usage":[13,29,33,33],"damage_taken":[{"damage":2,"enemies":"2 Louse","floor":1,"turns":2},{"damage":8,"enemies":"Small Slimes","floor":2,"turns":2},{"damage":6,"enemies":"Jaw Worm","floor":4,"turns":2},{"damage":0,"enemies":"Blue Slaver","floor":7,"turns":2},{"damage":4,"enemies":"2 Fungi Beasts","floor":10,"turns":2},{"damage":5,"enemies":"Looter","floor":11,"turns":3},{"damage":6,"enemies":"Gremlin Nob","floor":13,"turns":3},{"damage":0,"enemies":"Gremlin Gang","floor":14,"turns":1},{"damage":20,"enemies":"Hexaghost","floor":16,"turns":5},{"damage":15,"enemies":"2 Thieves","floor":18,"turns":3},{"damage":0,"enemies":"Spheric Guardian","floor":20,"turns":1},{"damage":3,"enemies":"Snecko","floor":22,"turns":4},{"damage":26,"enemies":"Slavers","floor":27,"turns":5},{"damage":30,"enemies":"Sentry and Sphere","floor":29,"turns":5},{"damage":20,"enemies":"Shelled Parasite and Fungi","floor":31,"turns":4},{"damage":75,"enemies":"Champ","floor":33,"turns":9}],"seed_played":"2223475914779270961","potions_obtained":[{"floor":4,"key":"AttackPotion"},{"floor":7,"key":"Ancient Potion"},{"floor":10,"key":"Fire Potion"},{"floor":14,"key":"SpeedPotion"}],"is_trial":false,"path_per_floor":["M","M","?","M","$","R","M","R","T","M","M","?","E","M","R","B",null,"M","?","M","?","M","R","$","T","T","E","?","M","R","M","R","B"],"character_chosen":"IRONCLAD","items_purchased":["Enlightenment","Flash of Steel"],"campfire_rested":2,"item_purchase_floors":[5,24],"current_hp_per_floor":[80,78,78,78,78,78,80,80,80,80,80,80,80,80,80,66,80,71,71,77,77,80,80,80,80,80,60,54,30,54,40,64,0],"gold":267,"neow_bonus":"ONE_RANDOM_RARE_CARD","is_prod":false,"is_daily":false,"chose_seed":false,"campfire_upgraded":4,"win_rate":0,"timestamp":1549233718,"path_taken":["M","M","?","M","$","R","M","R","T","M","M","?","E","M","R","BOSS","M","?","M","?","M","R","?","?","T","E","?","M","R","M","R","BOSS"],"build_version":"2019-01-23","purchased_purges":0,"victory":false,"max_hp_per_floor":[80,80,80,80,80,80,80,80,80,80,80,80,80,80,80,80,80,80,80,80,80,80,80,80,80,80,80,80,80,80,80,80,80],"card_choices":[{"not_picked":["Sword Boomerang","Battle Trance"],"picked":"Clothesline","floor":1},{"not_picked":["Sword Boomerang","Second Wind"],"picked":"Flex","floor":2},{"not_picked":["Heavy Blade","Sword Boomerang"],"picked":"Flame Barrier","floor":4},{"not_picked":["Whirlwind","Armaments"],"picked":"Perfected Strike","floor":7},{"not_picked":["Shockwave","Havoc"],"picked":"Perfected Strike","floor":10},{"not_picked":["Feel No Pain","Metallicize"],"picked":"Iron Wave","floor":11},{"not_picked":["Clothesline","Battle Trance"],"picked":"Pommel Strike","floor":13},{"not_picked":["Bludgeon","True Grit"],"picked":"Wild Strike","floor":14},{"not_picked":["Limit Break","Brutality"],"picked":"Bludgeon","floor":16},{"not_picked":["Clash+1","Sentinel+1"],"picked":"Flex+1","floor":18},{"not_picked":["Cleave","Armaments"],"picked":"Iron Wave+1","floor":20},{"not_picked":["Flex","Combust+1"],"picked":"Shockwave","floor":22},{"not_picked":["Warcry","Pommel Strike+1"],"picked":"Perfected Strike+1","floor":27},{"not_picked":["Thunderclap","Hemokinesis"],"picked":"Twin Strike","floor":29},{"not_picked":["Twin Strike","Disarm"],"picked":"True Grit+1","floor":31}],"player_experience":1382042,"relics_obtained":[],"event_choices":[{"damage_healed":0,"gold_gain":0,"player_choice":"Grow","damage_taken":0,"max_hp_gain":0,"max_hp_loss":0,"event_name":"Living Wall","floor":3,"gold_loss":0,"cards_upgraded":["Immolate"]},{"damage_healed":0,"gold_gain":0,"player_choice":"Ignored","damage_taken":0,"max_hp_gain":0,"max_hp_loss":0,"event_name":"Golden Idol","floor":12,"gold_loss":0},{"damage_healed":0,"gold_gain":0,"player_choice":"Ignored","damage_taken":0,"max_hp_gain":0,"max_hp_loss":0,"event_name":"Vampires","floor":19,"gold_loss":0},{"damage_healed":0,"gold_gain":0,"player_choice":"Joined the Cult","damage_taken":6,"max_hp_gain":0,"max_hp_loss":0,"event_name":"Nest","floor":28,"gold_loss":0,"cards_obtained":["RitualDagger"]}],"is_beta":false,"boss_relics":[{"not_picked":["Busted Crown","Runic Dome","Fusion Hammer"]}],"items_purged_floors":[],"is_endless":false,"potions_floor_spawned":[4,7,10,14,20,22,27],"killed_by":"Champ","ascension_level":0}