{"path_per_floor":["M","?","M","M","?","R","$","R","T","?","M","E","?","E","R","B",null,"M","M","M","?","$","R","E","R","T","?","$","?","T","E","R"],"character_chosen":"IRONCLAD","items_purchased":["Bottled Flame","Body Slam","Shuriken","Body Slam"],"gold_per_floor":[219,219,232,251,251,251,0,0,0,0,19,54,112,143,143,240,240,258,275,295,295,18,18,43,43,66,66,18,18,318,349,349],"floor_reached":33,"campfire_rested":3,"playtime":2140,"current_hp_per_floor":[77,77,65,68,68,68,68,68,68,68,73,54,42,37,61,8,80,76,58,36,36,36,60,50,50,50,50,50,50,50,24,48],"items_purged":[],"gold":349,"play_id":"e7abffd0-0b89-4f17-85f6-41330624c027","is_prod":false,"is_daily":false,"campfire_rituals":0,"campfire_upgraded":3,"is_hardmode":false,"path_taken":["M","?","M","M","?","R","$","R","T","?","M","E","?","E","R","BOSS","M","M","M","?","$","R","E","R","T","?","$","?","?","E","R","BOSS"],"build_version":"2018-01-11-PROD2","purchased_purges":0,"victory":false,"master_deck":["Strike_R","Strike_R","Strike_R","Strike_R","Defend_R","Defend_R","Defend_R","Defend_R","Bash","Shrug It Off","Burning Pact","Headbutt","Madness","Shrug It Off","Flex","Infernal Blade","Armaments","Shrug It Off","Offering","Shrug It Off","Body Slam","Infernal Blade","Body Slam","Heavy Blade","Disarm","Body Slam","Rampage","Armaments"],"max_hp_per_floor":[80,80,80,80,80,80,80,80,80,80,80,80,80,80,80,80,80,80,80,80,80,80,80,80,80,80,80,80,80,80,80,80],"relics":["Burning Blood","Bottled Flame","Pantograph","Letter Opener","Bottled Lightning","Dream Catcher","Mark of Pain","Shuriken","Centennial Puzzle","Bag of Preparation","Old Coin","Lantern"],"campfire_meditates":0,"card_choices":[{"not_picked":["Thunderclap","Blood for Blood"],"picked":"Shrug It Off"},{"not_picked":["Shockwave","Wild Strike"],"picked":"Burning Pact"},{"not_picked":["Thunderclap","True Grit"],"picked":"Headbutt"},{"not_picked":["Intimidate","Whirlwind"],"picked":"Shrug It Off"},{"not_picked":["Shockwave","Sever Soul"],"picked":"Flex"},{"not_picked":["Warcry","Fiend Fire"],"picked":"Infernal Blade"},{"not_picked":["Corruption","Fire Breathing"],"picked":"Armaments"},{"not_picked":["Evolve","Iron Wave"],"picked":"Shrug It Off"},{"not_picked":["Limit Break","Dark Embrace"],"picked":"Offering"},{"not_picked":["Clash","Whirlwind"],"picked":"Shrug It Off"},{"not_picked":["Clash","Cleave"],"picked":"Body Slam"},{"not_picked":["Twin Strike","Clash"],"picked":"Infernal Blade"},{"not_picked":["Flex","Cleave"],"picked":"Heavy Blade"},{"not_picked":["Reckless Charge","Pummel"],"picked":"Disarm"},{"not_picked":["Wild Strike","Thunderclap"],"picked":"Rampage"},{"not_picked":["Combust","Inflame"],"picked":"Armaments"}],"player_experience":53876,"potions_floor_usage":[13,14,14,20,24],"damage_taken":[{"damage":9,"enemies":"Small Slimes","floor":1,"turns":4},{"damage":18,"enemies":"Blue Slaver","floor":3,"turns":4},{"damage":3,"enemies":"2 Louse","floor":4,"turns":3},{"damage":1,"enemies":"2 Fungi Beasts","floor":11,"turns":3},{"damage":25,"enemies":"Lagavulin","floor":12,"turns":7},{"damage":18,"enemies":"Gremlin Nob","floor":13,"turns":4},{"damage":11,"enemies":"Gremlin Nob","floor":14,"turns":4},{"damage":78,"enemies":"Slime Boss","floor":16,"turns":21},{"damage":10,"enemies":"3 Byrds","floor":18,"turns":6},{"damage":24,"enemies":"2 Thieves","floor":19,"turns":4},{"damage":28,"enemies":"Snake Plant","floor":20,"turns":4},{"damage":16,"enemies":"Book of Stabbing","floor":24,"turns":4},{"damage":32,"enemies":"Slavers","floor":31,"turns":4},{"damage":87,"enemies":"Collector","floor":33,"turns":5}],"event_choices":[{"event_name":"Wheel of Change","player_choice":"Card Removal","floor":2,"damage_taken":0},{"event_name":"Upgrade Shrine","player_choice":"Upgraded","floor":5,"damage_taken":0},{"event_name":"Match and Keep!","player_choice":"1 cards matched","floor":10,"damage_taken":0},{"event_name":"Dead Adventurer","player_choice":"Searched \u00271\u0027 times","floor":13,"damage_taken":0},{"event_name":"Beggar","player_choice":"Ignored","floor":21,"damage_taken":0},{"event_name":"Accursed Blacksmith","player_choice":"Forge","floor":27,"damage_taken":0},{"event_name":"Drug Dealer","player_choice":"Ignored","floor":29,"damage_taken":0}],"boss_relics":[{"not_picked":["Eternal Feather","Cursed Key"],"picked":"Mark of Pain"}],"potions_floor_spawned":[4,11,12,13,16,24],"seed_played":"1185836571750020556","killed_by":"Collector","is_trial":false}