{"gold_per_floor":[20,195,195,195,195,224,241,253,307,307,334,351,58,94,94,235,235,267,61,95,95,145,145],"floor_reached":23,"playtime":1028,"items_purged":["Regret"],"score":201,"play_id":"b6dcfd46-cda4-45e5-9584-b785c6306c9a","local_time":"20190210133254","is_ascension_mode":false,"campfire_choices":[{"floor":10,"key":"REST"},{"floor":15,"key":"REST"}],"neow_cost":"NO_GOLD","seed_source_timestamp":262518995940869,"circlet_count":0,"master_deck":["Strike_R","Strike_R","Strike_R","Defend_R","Defend_R","Defend_R","Defend_R","Bash+1","Headbutt+1","Shrug It Off","Clash","Clash","Twin Strike","Flash of Steel","HandOfGreed","Limit Break","Flex+1","Iron Wave+1"],"relics":["Burning Blood","StoneCalendar","Bag of Preparation","The Courier","Ancient Tea Set","Red Skull","Empty Cage","Singing Bowl","Bronze Scales"],"potions_floor_usage":[7,16,23],"damage_taken":[{"damage":4,"enemies":"2 Louse","floor":1,"turns":4},{"damage":32,"enemies":"Gremlin Nob","floor":6,"turns":4},{"damage":5,"enemies":"Small Slimes","floor":7,"turns":3},{"damage":3,"enemies":"Jaw Worm","floor":8,"turns":3},{"damage":26,"enemies":"Lagavulin","floor":11,"turns":5},{"damage":8,"enemies":"Blue Slaver","floor":12,"turns":3},{"damage":4,"enemies":"2 Fungi Beasts","floor":14,"turns":3},{"damage":24,"enemies":"Slime Boss","floor":16,"turns":7},{"damage":32,"enemies":"Spheric Guardian","floor":18,"turns":6},{"damage":20,"enemies":"2 Thieves","floor":20,"turns":4},{"damage":27,"enemies":"Centurion and Healer","floor":22,"turns":4},{"damage":21,"enemies":"Book of Stabbing","floor":23,"turns":2}],"seed_played":"-157412777292054773","potions_obtained":[{"floor":1,"key":"Energy Potion"},{"floor":7,"key":"Fire Potion"},{"floor":8,"key":"Dexterity Potion"},{"floor":11,"key":"Swift Potion"},{"floor":18,"key":"Ancient Potion"}],"is_trial":false,"path_per_floor":["?","?","?","?","?"],"character_chosen":"IRONCLAD","items_purchased":["Twin Strike","Flash of Steel","HandOfGreed","Singing Bowl"],"campfire_rested":2,"item_purchase_floors":[13,13,13,19],"current_hp_per_floor":[80,80,64,64,64,38,39,42,42,66,46,44,44,46,70,52,80,54,54,42,42,21,0],"gold":145,"neow_bonus":"ONE_RARE_RELIC","is_prod":false,"is_daily":false,"chose_seed":false,"campfire_upgraded":0,"win_rate":0,"timestamp":1549823574,"path_taken":["M","?","?","?","?","E","M","M","T","R","E","M","$","M","R","BOSS","M","$","M","?","M","E"],"build_version":"2019-01-23","purchased_purges":1,"victory":false,"max_hp_per_floor":[80,80,80,80,80,80,80,80,80,80,80,80,80,80,80,80,80,80,80,82,82,82,82],"card_choices":[{"not_picked":["Inflame","Pommel Strike"],"picked":"Headbutt","floor":1},{"not_picked":["Hemokinesis","Brutality"],"picked":"Shrug It Off","floor":6},{"not_picked":["Armaments","Clothesline"],"picked":"Clash","floor":7},{"not_picked":["Sword Boomerang","Power Through","Thunderclap"],"picked":"SKIP","floor":8},{"not_picked":["Flex","Evolve"],"picked":"Clash","floor":11},{"not_picked":["Sword Boomerang","Corruption","Armaments"],"picked":"SKIP","floor":12},{"not_picked":["Heavy Blade","Reckless Charge","Warcry"],"picked":"SKIP","floor":14},{"not_picked":["Bludgeon","Fiend Fire"],"picked":"Limit Break","floor":16},{"not_picked":["Whirlwind","Bloodletting+1"],"picked":"Flex+1","floor":18},{"not_picked":["Thunderclap","Perfected Strike","Headbutt"],"picked":"Singing Bowl","floor":20},{"not_picked":["Sword Boomerang+1","Uppercut"],"picked":"Iron Wave+1","floor":22}],"player_experience":374537,"relics_obtained":[{"floor":6,"key":"The Courier"},{"floor":9,"key":"Ancient Tea Set"},{"floor":11,"key":"Red Skull"}],"event_choices":[{"damage_healed":0,"gold_gain":175,"player_choice":"AGREE","damage_taken":0,"max_hp_gain":0,"max_hp_loss":0,"event_name":"Liars Game","floor":2,"gold_loss":0,"cards_obtained":["Doubt"]},{"damage_healed":0,"gold_gain":0,"player_choice":"Entered Light","damage_taken":16,"max_hp_gain":0,"max_hp_loss":0,"event_name":"Shining Light","floor":3,"gold_loss":0,"cards_upgraded":["Bash","Headbutt"]},{"cards_removed":["Doubt"],"damage_healed":0,"gold_gain":0,"player_choice":"Forget","damage_taken":0,"max_hp_gain":0,"max_hp_loss":0,"event_name":"Living Wall","floor":4,"gold_loss":0},{"damage_healed":0,"gold_gain":0,"player_choice":"Box","damage_taken":0,"relics_obtained":["Bag of Preparation"],"max_hp_gain":0,"max_hp_loss":0,"event_name":"Big Fish","floor":5,"gold_loss":0,"cards_obtained":["Regret"]},{"damage_healed":0,"gold_gain":0,"player_choice":"Opened","damage_taken":0,"relics_obtained":["Bronze Scales"],"max_hp_gain":0,"max_hp_loss":0,"event_name":"The Mausoleum","floor":21,"gold_loss":0}],"is_beta":false,"boss_relics":[{"not_picked":["Astrolabe","Black Star"],"picked":"Empty Cage"}],"items_purged_floors":[13],"is_endless":false,"potions_floor_spawned":[1,7,8,11,18],"killed_by":"Book of Stabbing","ascension_level":0}