{"gold_per_floor":[113,38,38,38,38,38,73,73,96,96,121,121,135,153,153,254,254,273,290,310,325,339,339,350,350,350,95,47,66,66,66],"floor_reached":31,"playtime":2458,"items_purged":["Strike_G","Envenom"],"score":350,"play_id":"07dd1307-83d0-47ad-a6ec-8a7dbcf70fe8","local_time":"20190410062701","is_ascension_mode":true,"campfire_choices":[{"data":"Dodge and Roll","floor":6.0,"key":"SMITH"},{"data":"Neutralize","floor":8.0,"key":"SMITH"},{"data":"Survivor","floor":10.0,"key":"SMITH"},{"floor":12.0,"key":"RECALL"},{"data":"Deadly Poison","floor":15.0,"key":"SMITH"},{"floor":23.0,"key":"REST"},{"floor":25.0,"key":"REST"}],"neow_cost":"NONE","seed_source_timestamp":437403273774910,"circlet_count":0,"master_deck":["Survivor+1","Neutralize+1","Dodge and Roll+1","All Out Attack+1","Backstab+1","Deadly Poison+1","Flying Knee+1","Glass Knife+1","Malaise","Slice+1","Dodge and Roll","Unload+1","Terror","Blade Dance","Envenom","Masterful Stab+1","Cloak And Dagger+1","Dodge and Roll","Footwork","Dodge and Roll","Deflect","Leg Sweep","Well Laid Plans","Catalyst+1"],"special_seed":0,"relics":["Ring of the Snake","NeowsBlessing","Molten Egg 2","PreservedInsect","Bottled Lightning","Pandora\u0027s Box","Toxic Egg 2"],"potions_floor_usage":[],"damage_taken":[{"damage":0.0,"enemies":"Cultist","floor":1.0,"turns":1.0},{"damage":0.0,"enemies":"3 Sentries","floor":7.0,"turns":2.0},{"damage":0.0,"enemies":"Gremlin Nob","floor":11.0,"turns":1.0},{"damage":0.0,"enemies":"Jaw Worm","floor":13.0,"turns":3.0},{"damage":0.0,"enemies":"Small Slimes","floor":14.0,"turns":2.0},{"damage":20.0,"enemies":"Hexaghost","floor":16.0,"turns":8.0},{"damage":9.0,"enemies":"Chosen","floor":18.0,"turns":4.0},{"damage":10.0,"enemies":"Shell Parasite","floor":19.0,"turns":4.0},{"damage":20.0,"enemies":"Snake Plant","floor":20.0,"turns":2.0},{"damage":11.0,"enemies":"Snecko","floor":21.0,"turns":5.0},{"damage":10.0,"enemies":"Centurion and Healer","floor":22.0,"turns":6.0},{"damage":14.0,"enemies":"Snake Plant","floor":24.0,"turns":3.0},{"damage":14,"enemies":"Snecko","floor":29,"turns":5},{"damage":9,"enemies":"Centurion and Healer","floor":31,"turns":4}],"seed_played":"-5730742874054603441","potions_obtained":[{"floor":11.0,"key":"Explosive Potion"},{"floor":13.0,"key":"Poison Potion"},{"floor":14.0,"key":"Poison Potion"},{"floor":16.0,"key":"GhostInAJar"},{"floor":21.0,"key":"Weak Potion"},{"floor":24.0,"key":"SteroidPotion"},{"floor":29,"key":"Block Potion"}],"is_trial":false,"path_per_floor":["M","$","?","$","?","R","E","R","T","R","E","R","M","M","R","B",null,"M","M","M","M","M","R","M","R","T","$","$","M","?","M"],"character_chosen":"THE_SILENT","items_purchased":["Well Laid Plans","Catalyst+1","Weak Potion"],"campfire_rested":2,"item_purchase_floors":[27,27,28],"current_hp_per_floor":[70,70,70,70,75,75,75,75,75,75,75,75,75,75,75,55,75,66,56,36,25,15,37,23,45,45,45,45,31,31,22],"gold":66,"neow_bonus":"THREE_ENEMY_KILL","is_prod":false,"is_daily":false,"chose_seed":false,"campfire_upgraded":4,"win_rate":0,"timestamp":1554895621,"path_taken":["M","?","?","$","?","R","E","R","T","R","E","R","?","M","R","BOSS","M","M","?","?","M","R","M","R","T","?","$","M","?","M"],"build_version":"2019-01-23","purchased_purges":2,"victory":false,"max_hp_per_floor":[70,70,70,70,75,75,75,75,75,75,75,75,75,75,75,75,75,75,75,75,75,75,75,75,75,75,75,75,75,75,75],"card_choices":[{"not_picked":["Dagger Spray","Calculated Gamble"],"picked":"Dodge and Roll","floor":1.0},{"not_picked":["Endless Agony","Bane"],"picked":"All Out Attack","floor":7.0},{"not_picked":["Terror","Quick Slash+1"],"picked":"Backstab+1","floor":11.0},{"not_picked":["Acrobatics","Infinite Blades"],"picked":"Deadly Poison","floor":13.0},{"not_picked":["Dodge and Roll","PiercingWail"],"picked":"Flying Knee+1","floor":14.0},{"not_picked":["Night Terror","Phantasmal Killer"],"picked":"Glass Knife+1","floor":16.0},{"not_picked":["Escape Plan","Outmaneuver"],"picked":"Cloak And Dagger+1","floor":18.0},{"not_picked":["Sucker Punch+1","Deflect+1"],"picked":"Dodge and Roll","floor":19.0},{"not_picked":["Cloak And Dagger+1","Infinite Blades"],"picked":"Footwork","floor":20.0},{"not_picked":["Deflect+1","Wraith Form v2"],"picked":"Dodge and Roll","floor":21.0},{"not_picked":["Flying Knee+1","Outmaneuver"],"picked":"Deflect","floor":22.0},{"not_picked":["Dagger Spray+1","Quick Slash+1"],"picked":"Leg Sweep","floor":24.0},{"not_picked":["Poisoned Stab+1","Endless Agony+1","Riddle With Holes+1"],"picked":"SKIP","floor":29}],"player_experience":258521,"relics_obtained":[{"floor":7.0,"key":"Molten Egg 2"},{"floor":9.0,"key":"PreservedInsect"},{"floor":11.0,"key":"Bottled Lightning"},{"floor":26.0,"key":"Toxic Egg 2"}],"event_choices":[{"damage_healed":0.0,"max_hp_gain":0.0,"max_hp_loss":0.0,"gold_gain":0.0,"event_name":"The Cleric","player_choice":"Leave","floor":3.0,"gold_loss":0.0,"damage_taken":0.0},{"damage_healed":0.0,"max_hp_gain":5.0,"max_hp_loss":0.0,"gold_gain":0.0,"event_name":"Big Fish","player_choice":"Donut","floor":5.0,"gold_loss":0.0,"damage_taken":0.0},{"damage_healed":0,"gold_gain":0,"player_choice":"Bought 0 Potions","damage_taken":0,"max_hp_gain":0,"max_hp_loss":0,"event_name":"The Woman in Blue","floor":30,"gold_loss":0}],"is_beta":false,"boss_relics":[{"not_picked":["Eternal Feather","Runic Dome"],"picked":"Pandora\u0027s Box"}],"items_purged_floors":[2,27],"is_endless":false,"potions_floor_spawned":[11,13,14,16,21,24,29],"killed_by":"Centurion and Healer","ascension_level":2}