{"gold_per_floor":[111,121,132,132,132,157,157,157,181,201,211,223,26,56,56,156,156,172,191,204,258,258,287,287,42,93,123,73,73],"floor_reached":29,"playtime":2227,"items_purged":["Defend_B","Defend_B"],"score":298,"play_id":"26a75b93-b1a4-491f-afa2-d3da56e29ba4","local_time":"20190130221113","is_ascension_mode":false,"campfire_choices":[{"floor":7,"key":"REST"},{"floor":15,"key":"REST"},{"floor":24,"key":"REST"}],"neow_cost":"NONE","seed_source_timestamp":169146684232749,"circlet_count":0,"master_deck":["Strike_B","Strike_B","Strike_B","Strike_B+1","Defend_B+1","Defend_B+1","Zap","Dualcast+1","Capacitor","Sweeping Beam","Rebound","Rebound","Static Discharge","Barrage","Electrodynamics+1","Biased Cognition+1","Defragment+1","Defragment+1","Electrodynamics+1","Defragment+1"],"relics":["Cracked Core","Orichalcum","Smiling Mask","Lantern","Frozen Egg 2","White Beast Statue","War Paint","Boot","Toxic Egg 2","Blood Vial","Sundial"],"potions_floor_usage":[16,19,23,29,29],"damage_taken":[{"damage":0,"enemies":"2 Louse","floor":1,"turns":3},{"damage":5,"enemies":"Small Slimes","floor":2,"turns":3},{"damage":1,"enemies":"Jaw Worm","floor":3,"turns":4},{"damage":35,"enemies":"3 Sentries","floor":6,"turns":7},{"damage":8,"enemies":"Red Slaver","floor":10,"turns":2},{"damage":5,"enemies":"Large Slime","floor":11,"turns":4},{"damage":13,"enemies":"Blue Slaver","floor":12,"turns":3},{"damage":0,"enemies":"Gremlin Nob","floor":14,"turns":3},{"damage":48,"enemies":"The Guardian","floor":16,"turns":7},{"damage":14,"enemies":"2 Thieves","floor":18,"turns":2},{"damage":16,"enemies":"3 Byrds","floor":19,"turns":3},{"damage":9,"enemies":"Snecko","floor":20,"turns":3},{"damage":21,"enemies":"Gremlin Leader","floor":23,"turns":4},{"damage":26,"enemies":"Slavers","floor":27,"turns":2},{"damage":18,"enemies":"Shelled Parasite and Fungi","floor":29,"turns":2}],"seed_played":"-4630734736328276966","potions_obtained":[{"floor":1,"key":"SpeedPotion"},{"floor":2,"key":"Swift Potion"},{"floor":6,"key":"SkillPotion"},{"floor":14,"key":"Explosive Potion"},{"floor":18,"key":"SpeedPotion"},{"floor":19,"key":"SpeedPotion"},{"floor":20,"key":"SkillPotion"},{"floor":23,"key":"SteroidPotion"},{"floor":27,"key":"AttackPotion"}],"is_trial":false,"path_per_floor":["?","?","?","M","T","?","$"],"character_chosen":"DEFECT","items_purchased":["Lantern","Toxic Egg 2"],"campfire_rested":3,"item_purchase_floors":[13,25],"current_hp_per_floor":[75,70,69,54,47,12,34,59,59,51,46,33,33,33,55,7,75,61,45,36,36,36,15,37,37,37,13,13,0],"gold":73,"neow_bonus":"ONE_RANDOM_RARE_CARD","is_prod":false,"is_daily":false,"chose_seed":false,"campfire_upgraded":0,"win_rate":0.0,"timestamp":1548904273,"path_taken":["M","M","M","?","?","E","R","?","T","M","M","?","$","E","R","BOSS","M","M","M","?","?","E","R","?","T","E","$","M"],"build_version":"2019-01-23","purchased_purges":2,"victory":false,"max_hp_per_floor":[75,75,75,75,75,75,75,75,75,75,75,75,75,75,75,75,75,75,75,75,75,75,75,75,75,75,75,75,75],"card_choices":[{"not_picked":["Rip and Tear","Blizzard","Force Field"],"picked":"SKIP","floor":1},{"not_picked":["FTL","Coolheaded"],"picked":"Capacitor","floor":2},{"not_picked":["Gash","Rebound"],"picked":"Sweeping Beam","floor":3},{"not_picked":["Auto Shields","Barrage"],"picked":"Rebound","floor":6},{"not_picked":["Hologram","Fusion"],"picked":"Rebound","floor":10},{"not_picked":["Conserve Battery","Stack"],"picked":"Static Discharge","floor":11},{"not_picked":["Steam Power","Steam"],"picked":"Barrage","floor":12},{"not_picked":["Hello World","FTL"],"picked":"Electrodynamics","floor":14},{"not_picked":["Reboot","Thunder Strike"],"picked":"Biased Cognition+1","floor":16},{"not_picked":["Steam","Blizzard","Double Energy"],"picked":"SKIP","floor":18},{"not_picked":["Hologram","Scrape"],"picked":"Defragment+1","floor":19},{"not_picked":["Ball Lightning+1","Steam"],"picked":"Defragment+1","floor":20},{"not_picked":["Redo+1","Hologram"],"picked":"Electrodynamics+1","floor":23},{"not_picked":["Coolheaded+1","Blizzard"],"picked":"Defragment+1","floor":27}],"player_experience":51036,"relics_obtained":[{"floor":6,"key":"Orichalcum"},{"floor":9,"key":"Smiling Mask"},{"floor":14,"key":"Frozen Egg 2"},{"floor":21,"key":"War Paint"},{"floor":23,"key":"Boot"},{"floor":26,"key":"Blood Vial"},{"floor":27,"key":"Sundial"}],"event_choices":[{"damage_healed":0,"gold_gain":0,"player_choice":"Entered Light","damage_taken":15,"max_hp_gain":0,"max_hp_loss":0,"event_name":"Shining Light","floor":4,"gold_loss":0,"cards_upgraded":["Dualcast","Strike_B"]},{"cards_removed":["Fission"],"damage_healed":0,"gold_gain":0,"player_choice":"Card Removal","damage_taken":7,"max_hp_gain":0,"max_hp_loss":0,"event_name":"Golden Wing","floor":5,"gold_loss":0},{"damage_healed":25,"gold_gain":0,"player_choice":"Banana","damage_taken":0,"max_hp_gain":0,"max_hp_loss":0,"event_name":"Big Fish","floor":8,"gold_loss":0},{"damage_healed":0,"gold_gain":0,"player_choice":"Ignored","damage_taken":0,"max_hp_gain":0,"max_hp_loss":0,"event_name":"Ghosts","floor":22,"gold_loss":0}],"is_beta":false,"boss_relics":[{"not_picked":["Snecko Eye","Coffee Dripper"],"picked":"White Beast Statue"}],"items_purged_floors":[13,28],"is_endless":false,"potions_floor_spawned":[1,2,6,12,14,18,19,20,23,27],"killed_by":"Shelled Parasite and Fungi","ascension_level":0}