{"gold_per_floor":[118,118,35,47,62,62,75,104,104,29,40,40,83,183,183,308,308,292,292,292,311,59,59,59,74,74,74,112,136,175,200,200,200],"floor_reached":33,"playtime":1140,"items_purged":["Strike_R"],"score":497,"play_id":"8ff4e77f-e8e0-4a1c-83ea-dc7b589dcc29","local_time":"20181112133850","is_ascension_mode":true,"campfire_choices":[{"data":"Demon Form","floor":6,"key":"SMITH"},{"floor":15,"key":"REST"},{"floor":23,"key":"REST"},{"data":"Normality","floor":27,"key":"PURGE"},{"floor":32,"key":"REST"}],"neow_cost":"NONE","seed_source_timestamp":2839722067217996,"circlet_count":0,"master_deck":["AscendersBane","Defend_R","Defend_R","Defend_R","Defend_R","Bash","Spot Weakness","Warcry","Demon Form+1","Flash of Steel","Finesse","Shrug It Off","Shrug It Off","Warcry","Iron Wave","Injury","Juggernaut+1","Flex","Writhe","Bite","Bite","Bite","Bite","Bite","Heavy Blade+1","Shame","Sword Boomerang","Iron Wave","Power Through"],"relics":["Burning Blood","Bird Faced Urn","Frozen Egg 2","Golden Idol","Meat on the Bone","Cursed Key","Sundial","Mercury Hourglass","Mummified Hand","Peace Pipe","Red Skull","Calipers"],"potions_floor_usage":[11,13,28,28,29],"damage_taken":[{"damage":5,"enemies":"Cultist","floor":1,"turns":4},{"damage":17,"enemies":"Small Slimes","floor":4,"turns":5},{"damage":6,"enemies":"2 Louse","floor":5,"turns":2},{"damage":8,"enemies":"Red Slaver","floor":7,"turns":3},{"damage":32,"enemies":"Gremlin Nob","floor":8,"turns":4},{"damage":6,"enemies":"Blue Slaver","floor":11,"turns":5},{"damage":9,"enemies":"Lagavulin","floor":13,"turns":6},{"damage":33,"enemies":"Slime Boss","floor":16,"turns":7},{"damage":10,"enemies":"2 Thieves","floor":18,"turns":4},{"damage":26,"enemies":"3 Byrds","floor":21,"turns":6},{"damage":35,"enemies":"Snake Plant","floor":25,"turns":5},{"damage":29,"enemies":"Gremlin Leader","floor":28,"turns":7},{"damage":19,"enemies":"Shelled Parasite and Fungi","floor":29,"turns":4},{"damage":46,"enemies":"Book of Stabbing","floor":30,"turns":5},{"damage":21,"enemies":"Snecko","floor":31,"turns":4},{"damage":92,"enemies":"Automaton","floor":33,"turns":6}],"seed_played":"-3840457648072599327","potions_obtained":[{"floor":1,"key":"Dexterity Potion"},{"floor":7,"key":"Dexterity Potion"},{"floor":18,"key":"Dexterity Potion"},{"floor":21,"key":"Fire Potion"},{"floor":28,"key":"Weak Potion"}],"is_trial":false,"path_per_floor":["M","?","$","M","M","R","M","E","T","$","M","?","E","?","R","B",null,"M","T","?","M","$","R","?","M","T","R","E","M","E","M","R","B"],"character_chosen":"IRONCLAD","items_purchased":["Finesse","Mummified Hand"],"campfire_rested":3,"item_purchase_floors":[3,22],"current_hp_per_floor":[73,73,73,62,62,62,60,34,34,34,34,34,33,33,57,44,71,69,69,69,49,49,73,56,43,43,43,40,37,21,26,42,0],"gold":200,"neow_bonus":"THREE_CARDS","is_prod":false,"is_daily":false,"chose_seed":false,"campfire_upgraded":1,"win_rate":0,"timestamp":1542055130,"path_taken":["M","?","?","M","?","R","M","E","T","$","M","?","E","?","R","BOSS","M","?","?","?","?","R","?","M","T","R","E","M","E","M","R","BOSS"],"build_version":"2018-11-08","purchased_purges":1,"victory":false,"max_hp_per_floor":[80,80,80,80,80,80,80,80,80,80,80,80,80,80,80,80,80,80,80,80,80,80,80,56,56,56,56,56,56,56,56,56,56],"card_choices":[{"not_picked":["Rage","Wild Strike"],"picked":"Spot Weakness","floor":0},{"not_picked":["Pummel","Flex"],"picked":"Warcry","floor":1},{"not_picked":["Pommel Strike","Reckless Charge"],"picked":"Shrug It Off","floor":4},{"not_picked":["Perfected Strike","Whirlwind"],"picked":"Shrug It Off","floor":5},{"not_picked":["Twin Strike","Armaments","Blood for Blood"],"picked":"SKIP","floor":7},{"not_picked":["Twin Strike","Clash"],"picked":"Warcry","floor":8},{"not_picked":["Wild Strike","Inflame+1"],"picked":"Iron Wave","floor":11},{"not_picked":["Inflame+1","Warcry","Combust+1"],"picked":"SKIP","floor":13},{"not_picked":["Immolate","Berserk+1"],"picked":"Juggernaut+1","floor":16},{"not_picked":["True Grit","Burning Pact"],"picked":"Flex","floor":18},{"not_picked":["Inflame+1","Entrench","Wild Strike"],"picked":"SKIP","floor":21},{"not_picked":["Searing Blow","Hemokinesis"],"picked":"Heavy Blade+1","floor":25},{"not_picked":["Shrug It Off","Havoc"],"picked":"Sword Boomerang","floor":28},{"not_picked":["Shrug It Off","Twin Strike"],"picked":"Iron Wave","floor":29},{"not_picked":["Reckless Charge","Havoc"],"picked":"Power Through","floor":30},{"not_picked":["Cleave","Berserk+1","Body Slam"],"picked":"SKIP","floor":31}],"player_experience":1054520,"relics_obtained":[{"floor":8,"key":"Bird Faced Urn"},{"floor":9,"key":"Frozen Egg 2"},{"floor":13,"key":"Meat on the Bone"},{"floor":19,"key":"Sundial"},{"floor":26,"key":"Peace Pipe"},{"floor":28,"key":"Red Skull"},{"floor":30,"key":"Calipers"}],"event_choices":[{"damage_healed":0,"gold_gain":0,"player_choice":"2 cards matched","damage_taken":0,"max_hp_gain":0,"max_hp_loss":0,"event_name":"Match and Keep!","floor":2,"gold_loss":0,"cards_obtained":["Demon Form","Flash of Steel"]},{"damage_healed":0,"gold_gain":0,"player_choice":"Take Wound","damage_taken":0,"relics_obtained":["Golden Idol"],"max_hp_gain":0,"max_hp_loss":0,"event_name":"Golden Idol","floor":12,"gold_loss":0,"cards_obtained":["Injury"]},{"damage_healed":0,"gold_gain":100,"player_choice":"Pray","damage_taken":0,"max_hp_gain":0,"max_hp_loss":0,"event_name":"Golden Shrine","floor":14,"gold_loss":0},{"damage_healed":0,"gold_gain":0,"player_choice":"Opened","damage_taken":0,"relics_obtained":["Mercury Hourglass"],"max_hp_gain":0,"max_hp_loss":0,"event_name":"The Mausoleum","floor":20,"gold_loss":0,"cards_obtained":["Writhe"]},{"damage_healed":0,"gold_gain":0,"player_choice":"Became a vampire","damage_taken":0,"max_hp_gain":0,"max_hp_loss":24,"event_name":"Vampires","floor":24,"gold_loss":0,"cards_obtained":["Bite","Bite","Bite","Bite","Bite"]}],"is_beta":false,"boss_relics":[{"not_picked":["Philosopher\u0027s Stone","Eternal Feather"],"picked":"Cursed Key"}],"items_purged_floors":[10],"is_endless":false,"potions_floor_spawned":[1,7,8,18,21,28],"killed_by":"Automaton","ascension_level":12}