{"gold_per_floor":[111,131,131,131,148,179,195,215,242,242,253,270,348,348,348,450,450,466,466,466,466],"floor_reached":21,"playtime":940,"items_purged":[],"score":290,"play_id":"4cf9a0ac-ee1b-429a-b45d-683f853e154e","local_time":"20181111093335","is_ascension_mode":true,"campfire_choices":[{"data":"Shrug It Off","floor":15,"key":"SMITH"}],"neow_cost":"NONE","seed_source_timestamp":2738802985032151,"circlet_count":0,"master_deck":["AscendersBane","Strike_R","Strike_R","Strike_R","Strike_R","Strike_R","Defend_R","Defend_R","Defend_R","Defend_R","Bash","Shrug It Off+1","Shrug It Off","Sever Soul","Cleave","Barricade","Sentinel","Pommel Strike","True Grit","Impervious","Iron Wave"],"relics":["Burning Blood","NeowsBlessing","Gremlin Horn","Ancient Tea Set","PreservedInsect","Sozu"],"potions_floor_usage":[8,11,16,19],"damage_taken":[{"damage":0,"enemies":"2 Louse","floor":1,"turns":1},{"damage":0,"enemies":"Small Slimes","floor":2,"turns":1},{"damage":0,"enemies":"Cultist","floor":5,"turns":1},{"damage":44,"enemies":"Gremlin Nob","floor":6,"turns":5},{"damage":21,"enemies":"Exordium Thugs","floor":7,"turns":5},{"damage":9,"enemies":"Blue Slaver","floor":8,"turns":3},{"damage":3,"enemies":"3 Louse","floor":11,"turns":2},{"damage":6,"enemies":"2 Fungi Beasts","floor":12,"turns":2},{"damage":47,"enemies":"The Guardian","floor":16,"turns":34},{"damage":32,"enemies":"Spheric Guardian","floor":18,"turns":10},{"damage":12,"enemies":"Colosseum Slavers","floor":19,"turns":5},{"damage":33,"enemies":"3 Byrds","floor":21,"turns":8}],"seed_played":"-7778385088382448103","potions_obtained":[{"floor":6,"key":"Dexterity Potion"},{"floor":7,"key":"AttackPotion"},{"floor":11,"key":"FearPotion"},{"floor":16,"key":"PowerPotion"}],"is_trial":false,"path_per_floor":["M","M","?","?","M","E","M","M","T","T","M","M","?","?","R","B",null,"M","?","?","M"],"character_chosen":"IRONCLAD","items_purchased":[],"campfire_rested":0,"item_purchase_floors":[],"current_hp_per_floor":[78,80,80,80,80,42,27,24,24,24,27,27,27,53,53,12,63,37,31,31,0],"gold":466,"neow_bonus":"THREE_ENEMY_KILL","is_prod":false,"is_daily":false,"chose_seed":false,"campfire_upgraded":1,"win_rate":0,"timestamp":1541954015,"path_taken":["M","M","?","?","?","E","M","M","T","?","M","M","?","?","R","BOSS","M","?","?","M"],"build_version":"2018-11-08","purchased_purges":0,"victory":false,"max_hp_per_floor":[80,80,80,80,80,80,80,80,80,80,80,80,80,80,80,80,80,80,80,80,80],"card_choices":[{"not_picked":["Flex","Pummel"],"picked":"Shrug It Off","floor":1},{"not_picked":["Feel No Pain","Heavy Blade"],"picked":"Shrug It Off","floor":2},{"not_picked":["Thunderclap","Fire Breathing"],"picked":"Sever Soul","floor":5},{"not_picked":["Second Wind","Warcry"],"picked":"Cleave","floor":6},{"not_picked":["Second Wind","Disarm"],"picked":"Barricade","floor":7},{"not_picked":["Havoc","Seeing Red"],"picked":"Sentinel","floor":8},{"not_picked":["Clothesline","Flex"],"picked":"Pommel Strike","floor":11},{"not_picked":["Whirlwind","Havoc"],"picked":"True Grit","floor":12},{"not_picked":["Reaper","Berserk"],"picked":"Impervious","floor":16},{"not_picked":["Wild Strike","Disarm"],"picked":"Iron Wave","floor":18}],"player_experience":1048812,"relics_obtained":[{"floor":6,"key":"Gremlin Horn"},{"floor":9,"key":"Ancient Tea Set"},{"floor":10,"key":"PreservedInsect"}],"event_choices":[{"damage_healed":0,"gold_gain":0,"player_choice":"Leave","damage_taken":0,"max_hp_gain":0,"max_hp_loss":0,"event_name":"The Cleric","floor":3,"gold_loss":0},{"damage_healed":0,"gold_gain":0,"player_choice":"Ignored","damage_taken":0,"max_hp_gain":0,"max_hp_loss":0,"event_name":"Purifier","floor":4,"gold_loss":0},{"damage_healed":0,"gold_gain":78,"player_choice":"Gained Gold","damage_taken":0,"max_hp_gain":0,"max_hp_loss":0,"event_name":"Golden Wing","floor":13,"gold_loss":0},{"damage_healed":26,"gold_gain":0,"player_choice":"Banana","damage_taken":0,"max_hp_gain":0,"max_hp_loss":0,"event_name":"Big Fish","floor":14,"gold_loss":0},{"damage_healed":0,"gold_gain":0,"player_choice":"Fight","damage_taken":0,"max_hp_gain":0,"max_hp_loss":0,"event_name":"Colosseum","floor":19,"gold_loss":0},{"damage_healed":0,"gold_gain":0,"player_choice":"Fled From Nobs","damage_taken":0,"max_hp_gain":0,"max_hp_loss":0,"event_name":"Colosseum","floor":19,"gold_loss":0},{"damage_healed":0,"gold_gain":0,"player_choice":"Ignored","damage_taken":0,"max_hp_gain":0,"max_hp_loss":0,"event_name":"Beggar","floor":20,"gold_loss":0}],"is_beta":false,"boss_relics":[{"not_picked":["Empty Cage","Runic Pyramid"],"picked":"Sozu"}],"items_purged_floors":[],"is_endless":false,"potions_floor_spawned":[6,7,11,16],"killed_by":"3 Byrds","ascension_level":12}