{"gold_per_floor":[115,126,126,137,65,65,95,95,118,118,193,210,239,259,259,337,337,348,348,381,398,121,150,169,203,238,250,152,195,222,251,263,347,359,381,412,137,237,254,289,313,347,347,374,394,394,17,31,31,31],"floor_reached":50,"playtime":68510,"items_purged":["Strike_B+1","Strike_B+1","Pain"],"score":1075,"play_id":"6738b080-63da-46b6-890c-6cb619294e9e","local_time":"20190411105634","is_ascension_mode":true,"campfire_choices":[{"data":"Defragment","floor":6,"key":"SMITH"},{"data":"Ball Lightning","floor":8,"key":"SMITH"},{"data":"Compile Driver","floor":10,"key":"SMITH"},{"data":"Loop","floor":15,"key":"SMITH"},{"floor":27,"key":"REST"},{"floor":32,"key":"REST"},{"floor":49,"key":"RECALL"}],"neow_cost":"NONE","seed_source_timestamp":2217857549011523,"circlet_count":0,"master_deck":["AscendersBane","Strike_B+1","Defend_B+1","Defend_B+1","Defend_B+1","Defend_B+1","Zap+1","Dualcast","Compile Driver","Ball Lightning+1","Defragment+1","Compile Driver+1","Cold Snap","Cold Snap+1","Loop+1","Electrodynamics","Coolheaded","Cold Snap","White Noise","Ball Lightning+1","Seek","Glacier","Tempest","Creative AI","Coolheaded+1","Chill+1","Defragment+1","Capacitor","Stack+1","Coolheaded+1"],"relics":["Cracked Core","War Paint","Bronze Scales","Vajra","Bottled Lightning","Fusion Hammer","Red Mask","Lee\u0027s Waffle","Dream Catcher","MawBank","Art of War","Oddly Smooth Stone","Sozu","DataDisk","Nunchaku","Torii","Lantern","Girya","Toxic Egg 2","WarpedTongs","Anchor"],"potions_floor_usage":[7,23,33],"damage_taken":[{"damage":4,"enemies":"Small Slimes","floor":1,"turns":3},{"damage":2,"enemies":"Jaw Worm","floor":2,"turns":3},{"damage":1,"enemies":"Cultist","floor":4,"turns":3},{"damage":10,"enemies":"Lagavulin","floor":7,"turns":5},{"damage":0,"enemies":"2 Fungi Beasts","floor":12,"turns":2},{"damage":18,"enemies":"Gremlin Nob","floor":13,"turns":3},{"damage":3,"enemies":"Exordium Thugs","floor":14,"turns":2},{"damage":5,"enemies":"The Guardian","floor":16,"turns":11},{"damage":4,"enemies":"Shell Parasite","floor":18,"turns":3},{"damage":14,"enemies":"Masked Bandits","floor":20,"turns":4},{"damage":0,"enemies":"3 Byrds","floor":21,"turns":2},{"damage":8,"enemies":"Book of Stabbing","floor":23,"turns":5},{"damage":0,"enemies":"Cultist and Chosen","floor":24,"turns":4},{"damage":20,"enemies":"Slavers","floor":25,"turns":3},{"damage":10,"enemies":"Book of Stabbing","floor":29,"turns":5},{"damage":4,"enemies":"3 Cultists","floor":30,"turns":4},{"damage":11,"enemies":"Centurion and Healer","floor":31,"turns":3},{"damage":1,"enemies":"Collector","floor":33,"turns":7},{"damage":16,"enemies":"3 Shapes","floor":35,"turns":2},{"damage":0,"enemies":"Orb Walker","floor":36,"turns":3},{"damage":0,"enemies":"Mind Bloom Boss Battle","floor":38,"turns":5},{"damage":0,"enemies":"Transient","floor":39,"turns":5},{"damage":20,"enemies":"Reptomancer","floor":40,"turns":5},{"damage":1,"enemies":"Nemesis","floor":42,"turns":7},{"damage":30,"enemies":"Giant Head","floor":44,"turns":9},{"damage":0,"enemies":"4 Shapes","floor":45,"turns":2},{"damage":0,"enemies":"Sphere and 2 Shapes","floor":48,"turns":3},{"damage":18,"enemies":"Awakened One","floor":50,"turns":2}],"seed_played":"4330843863994880637","potions_obtained":[{"floor":1,"key":"Block Potion"},{"floor":4,"key":"Weak Potion"},{"floor":12,"key":"FocusPotion"},{"floor":25,"key":"Dexterity Potion"},{"floor":33,"key":"FocusPotion"}],"is_trial":false,"path_per_floor":["?","?","?","?","$","?","M","?","T","?","M"],"character_chosen":"DEFECT","items_purchased":["Defragment","Lee\u0027s Waffle","DataDisk","Tempest","Capacitor","Anchor","Stack+1"],"campfire_rested":2,"item_purchase_floors":[5,22,37,37,47,47,47],"current_hp_per_floor":[60,58,63,62,62,62,52,52,52,52,41,41,23,20,20,15,61,57,57,43,43,83,75,75,55,55,79,79,69,65,54,78,77,82,66,66,66,66,66,46,46,45,45,15,15,15,15,15,15,0],"gold":31,"neow_bonus":"RANDOM_COMMON_RELIC","is_prod":false,"is_daily":false,"chose_seed":false,"campfire_upgraded":4,"win_rate":0,"timestamp":1554994594,"path_taken":["M","M","?","M","$","R","E","R","T","R","?","M","E","M","R","BOSS","M","?","?","M","?","E","M","E","T","R","?","E","?","M","R","BOSS","M","M","$","?","M","E","?","E","T","E","M","?","$","?","R","BOSS"],"build_version":"2019-01-23","purchased_purges":3,"victory":false,"max_hp_per_floor":[71,71,76,76,76,76,76,76,76,76,76,76,76,76,76,76,76,76,76,76,76,83,83,83,83,83,83,83,83,83,83,83,83,83,83,83,83,83,83,83,83,83,83,83,83,83,83,83,83,83],"card_choices":[{"not_picked":["Rip and Tear","Undo"],"picked":"Compile Driver","floor":1},{"not_picked":["Lockon","Leap"],"picked":"Ball Lightning","floor":2},{"not_picked":["Rebound","Stack","Streamline"],"picked":"SKIP","floor":4},{"not_picked":["Steam","Hologram"],"picked":"Compile Driver","floor":7},{"not_picked":["Leap","Recycle"],"picked":"Cold Snap","floor":12},{"not_picked":["Go for the Eyes","Redo"],"picked":"Cold Snap","floor":13},{"not_picked":["Rebound","Double Energy"],"picked":"Loop","floor":14},{"not_picked":["Core Surge","All For One"],"picked":"Electrodynamics","floor":16},{"not_picked":["Double Energy","Streamline+1","Leap"],"picked":"SKIP","floor":18},{"not_picked":["Undo","Fusion"],"picked":"Coolheaded","floor":20},{"not_picked":["Aggregate+1","Auto Shields"],"picked":"Cold Snap","floor":21},{"not_picked":["Streamline","Reprogram","Doom and Gloom"],"picked":"SKIP","floor":23},{"not_picked":["Stack","Force Field","Rebound"],"picked":"SKIP","floor":24},{"not_picked":["Core Surge","Hello World","Hologram"],"picked":"SKIP","floor":25},{"not_picked":["Sweeping Beam","Compile Driver","Storm"],"picked":"SKIP","floor":29},{"not_picked":["Sweeping Beam+1","Rebound","Heatsinks"],"picked":"SKIP","floor":30},{"not_picked":["Coolheaded","Reinforced Body"],"picked":"White Noise","floor":31},{"not_picked":["Cold Snap","Compile Driver"],"picked":"Ball Lightning+1","floor":32},{"not_picked":["Multi-Cast","Rainbow"],"picked":"Seek","floor":33},{"not_picked":["Redo","Conserve Battery+1"],"picked":"Glacier","floor":35},{"not_picked":["Steam","Turbo","Hologram"],"picked":"SKIP","floor":36},{"not_picked":["Genetic Algorithm+1","Fusion"],"picked":"Creative AI","floor":38},{"not_picked":["Streamline","Consume","Cold Snap+1"],"picked":"SKIP","floor":39},{"not_picked":["Leap","Storm+1","Sweeping Beam+1"],"picked":"SKIP","floor":40},{"not_picked":["Go for the Eyes+1","Blizzard"],"picked":"Coolheaded+1","floor":42},{"not_picked":["Steam Power","Genetic Algorithm+1"],"picked":"Chill","floor":44},{"not_picked":["Stack+1","Conserve Battery+1"],"picked":"Defragment+1","floor":45},{"not_picked":["Beam Cell+1","Storm"],"picked":"Coolheaded+1","floor":48}],"player_experience":1732935,"relics_obtained":[{"floor":7,"key":"Bronze Scales"},{"floor":9,"key":"Vajra"},{"floor":13,"key":"Bottled Lightning"},{"floor":20,"key":"Red Mask"},{"floor":23,"key":"Dream Catcher"},{"floor":25,"key":"MawBank"},{"floor":26,"key":"Art of War"},{"floor":29,"key":"Oddly Smooth Stone"},{"floor":38,"key":"Nunchaku"},{"floor":40,"key":"Torii"},{"floor":41,"key":"Lantern"},{"floor":42,"key":"Girya"},{"floor":44,"key":"Toxic Egg 2"}],"event_choices":[{"damage_healed":0,"gold_gain":0,"player_choice":"Donut","damage_taken":0,"max_hp_gain":5,"max_hp_loss":0,"event_name":"Big Fish","floor":3,"gold_loss":0},{"damage_healed":0,"gold_gain":75,"player_choice":"Gather Gold","damage_taken":11,"max_hp_gain":0,"max_hp_loss":0,"event_name":"World of Goop","floor":11,"gold_loss":0},{"damage_healed":0,"gold_gain":0,"player_choice":"Simplicity","damage_taken":0,"max_hp_gain":0,"max_hp_loss":0,"event_name":"Back to Basics","floor":19,"gold_loss":0,"cards_upgraded":["Strike_B","Strike_B","Strike_B","Strike_B","Defend_B","Defend_B","Defend_B"]},{"damage_healed":0,"gold_gain":0,"player_choice":"Fought Bandits","damage_taken":0,"max_hp_gain":0,"max_hp_loss":0,"event_name":"Masked Bandits","floor":20,"gold_loss":0},{"cards_removed":["Strike_B"],"damage_healed":0,"gold_gain":0,"player_choice":"Upgrade and Remove","damage_taken":0,"max_hp_gain":0,"max_hp_loss":0,"event_name":"Designer","floor":28,"gold_loss":110,"cards_upgraded":["Cold Snap"]},{"damage_healed":0,"gold_gain":0,"player_choice":"Fight","damage_taken":0,"max_hp_gain":0,"max_hp_loss":0,"event_name":"MindBloom","floor":38,"gold_loss":0},{"damage_healed":0,"gold_gain":0,"player_choice":"Rummage","damage_taken":0,"relics_obtained":["WarpedTongs"],"max_hp_gain":0,"max_hp_loss":0,"event_name":"Accursed Blacksmith","floor":46,"gold_loss":0,"cards_obtained":["Pain"]}],"is_beta":false,"boss_relics":[{"not_picked":["Orrery","White Beast Statue"],"picked":"Fusion Hammer"},{"not_picked":["Empty Cage","Coffee Dripper"],"picked":"Sozu"}],"items_purged_floors":[22,37,47],"is_endless":false,"potions_floor_spawned":[1,4,12,13,14,18,25,33,36,40,42,45,48],"killed_by":"Awakened One","ascension_level":15}