{"gold_per_floor":[14,14,14,32,32,63,88,13,13,54,54,2,22,36,36,166,166,180,180,195,110,123,164,179,179,206,206,226,226,28,71,71,194,194,215,0,0,20,35,81,104,148,148,148,181,141,141,141,141,141],"floor_reached":51,"playtime":1464,"items_purged":["Pain"],"score":1039,"play_id":"b62c441d-f28a-461f-a2b8-0075f275ac86","local_time":"20181029113347","is_ascension_mode":true,"campfire_choices":[{"floor":15.0,"key":"REST"},{"data":"Perfected Strike","floor":25.0,"key":"SMITH"},{"data":"True Grit","floor":32.0,"key":"SMITH"},{"data":"Perfected Strike","floor":47.0,"key":"SMITH"},{"floor":49.0,"key":"REST"}],"neow_cost":"NO_GOLD","seed_source_timestamp":1618575820896532,"circlet_count":0,"master_deck":["Strike_R","Strike_R","Strike_R","Strike_R","Strike_R","Defend_R","Defend_R","Defend_R","Defend_R","Bash","Disarm","Perfected Strike+1","Perfected Strike+1","Injury","Wild Strike+1","Twin Strike+1","True Grit+1","Wild Strike+1","Body Slam+1","Feed+1","Flex","Pommel Strike+1","Twin Strike+1","RitualDagger+1","Impervious","Apotheosis+1","Pommel Strike+1","Writhe","Power Through"],"special_seed":0,"relics":["Burning Blood","Gambling Chip","WarpedTongs","Golden Idol","Molten Egg 2","Darkstone Periapt","Self Forming Clay","Dead Branch","Sozu","Paper Frog","Du-Vu Doll","Bag of Preparation","Sling","Oddly Smooth Stone","Busted Crown","Red Mask","Bronze Scales","PreservedInsect","Question Card","Letter Opener"],"potions_floor_usage":[],"damage_taken":[{"damage":10.0,"enemies":"Small Slimes","floor":1.0,"turns":4.0},{"damage":0.0,"enemies":"Cultist","floor":4.0,"turns":3.0},{"damage":27.0,"enemies":"Gremlin Nob","floor":6.0,"turns":4.0},{"damage":8.0,"enemies":"Jaw Worm","floor":7.0,"turns":3.0},{"damage":26.0,"enemies":"Lagavulin","floor":10.0,"turns":4.0},{"damage":8.0,"enemies":"Blue Slaver","floor":13.0,"turns":4.0},{"damage":2.0,"enemies":"Exordium Thugs","floor":14.0,"turns":4.0},{"damage":15.0,"enemies":"Slime Boss","floor":16.0,"turns":8.0},{"damage":0.0,"enemies":"Spheric Guardian","floor":18.0,"turns":3.0},{"damage":14.0,"enemies":"Shell Parasite","floor":20.0,"turns":2.0},{"damage":15.0,"enemies":"Snake Plant","floor":22.0,"turns":3.0},{"damage":27.0,"enemies":"Book of Stabbing","floor":23.0,"turns":4.0},{"damage":7.0,"enemies":"Shelled Parasite and Fungi","floor":24.0,"turns":2.0},{"damage":9.0,"enemies":"Chosen and Byrds","floor":28.0,"turns":5.0},{"damage":11.0,"enemies":"Slavers","floor":31.0,"turns":3.0},{"damage":52.0,"enemies":"Champ","floor":33.0,"turns":7.0},{"damage":0.0,"enemies":"Orb Walker","floor":35.0,"turns":2.0},{"damage":0.0,"enemies":"3 Shapes","floor":38.0,"turns":2.0},{"damage":4.0,"enemies":"Jaw Worm Horde","floor":39.0,"turns":4.0},{"damage":0.0,"enemies":"Sphere and 2 Shapes","floor":41.0,"turns":2.0},{"damage":34.0,"enemies":"Reptomancer","floor":42.0,"turns":5.0},{"damage":20.0,"enemies":"Nemesis","floor":45.0,"turns":3.0},{"damage":105,"enemies":"Donu and Deca","floor":50,"turns":9}],"seed_played":"2949339224011965164","potions_obtained":[{"floor":6.0,"key":"SkillPotion"},{"floor":14.0,"key":"AttackPotion"}],"is_trial":false,"path_per_floor":["M","?","?","M","?","E","M","$","T","E","?","$","M","M","R","B",null,"M","?","M","?","M","E","M","R","T","?","M","?","$","E","R","B",null,"M","?","?","M","M","T","M","E","T","?","E","?","R","$","R","B"],"character_chosen":"IRONCLAD","items_purchased":["True Grit","Sling"],"campfire_rested":2,"item_purchase_floors":[12,30],"current_hp_per_floor":[68,68,68,74,74,53,51,51,51,31,24,24,22,26,50,41,70,80,80,76,76,67,50,53,53,53,96,97,91,91,90,90,44,89,95,95,95,101,103,103,108,84,84,118,104,104,104,104,118,23],"gold":141,"neow_bonus":"ONE_RARE_RELIC","is_prod":false,"is_daily":false,"chose_seed":false,"campfire_upgraded":3,"win_rate":0,"timestamp":1540834427,"path_taken":["M","?","?","M","?","E","M","$","T","E","?","$","M","M","R","BOSS","M","?","M","?","?","E","M","R","T","?","M","?","$","E","R","BOSS","M","?","?","?","M","?","M","E","T","?","E","?","R","?","R","BOSS"],"build_version":"2018-10-25v2","purchased_purges":1,"victory":true,"max_hp_per_floor":[80,80,80,80,80,80,80,80,80,80,80,80,80,80,80,80,80,84,84,88,88,88,92,96,96,96,96,100,100,100,104,104,104,104,104,104,104,104,104,104,108,112,112,118,118,118,118,118,118,122],"card_choices":[{"not_picked":["Sword Boomerang","Headbutt"],"picked":"Disarm","floor":1.0},{"not_picked":["Havoc","True Grit"],"picked":"Perfected Strike","floor":4.0},{"not_picked":["Headbutt","Bloodletting"],"picked":"Wild Strike","floor":6.0},{"not_picked":["Thunderclap+1","Burning Pact","Uppercut+1"],"picked":"SKIP","floor":7.0},{"not_picked":["Bludgeon+1","Metallicize"],"picked":"Twin Strike+1","floor":10.0},{"not_picked":["Headbutt+1","Shrug It Off"],"picked":"Wild Strike+1","floor":13.0},{"not_picked":["Armaments","Clash+1"],"picked":"Body Slam+1","floor":14.0},{"not_picked":["Bludgeon+1","Exhume"],"picked":"Feed+1","floor":16.0},{"not_picked":["Warcry","Flex"],"picked":"Blood for Blood+1","floor":18.0},{"not_picked":["Warcry","Heavy Blade+1"],"picked":"Flex","floor":20.0},{"not_picked":["Rampage+1","Uppercut+1"],"picked":"Pommel Strike+1","floor":22.0},{"not_picked":["Clothesline+1","Hemokinesis+1","Shockwave"],"picked":"SKIP","floor":23.0},{"not_picked":["Blood for Blood+1","Warcry"],"picked":"Twin Strike+1","floor":24.0},{"not_picked":["Heavy Blade+1","Cleave+1","Sword Boomerang+1"],"picked":"SKIP","floor":28.0},{"not_picked":["Headbutt+1","Iron Wave+1","Uppercut+1"],"picked":"SKIP","floor":31.0},{"not_picked":["Fiend Fire+1","Immolate+1"],"picked":"Impervious","floor":33.0},{"not_picked":["Headbutt+1"],"picked":"SKIP","floor":35.0},{"not_picked":[],"picked":"Apotheosis","floor":37.0},{"not_picked":["Cleave+1"],"picked":"SKIP","floor":38.0},{"not_picked":[],"picked":"Pommel Strike+1","floor":39.0},{"not_picked":["Clothesline+1"],"picked":"SKIP","floor":41.0},{"not_picked":["Burning Pact"],"picked":"SKIP","floor":42.0},{"not_picked":["Sword Boomerang+1"],"picked":"Power Through","floor":45.0}],"player_experience":959878,"relics_obtained":[{"floor":6.0,"key":"Molten Egg 2"},{"floor":9.0,"key":"Darkstone Periapt"},{"floor":10.0,"key":"Self Forming Clay"},{"floor":23.0,"key":"Du-Vu Doll"},{"floor":26.0,"key":"Bag of Preparation"},{"floor":31.0,"key":"Oddly Smooth Stone"},{"floor":40.0,"key":"Bronze Scales"},{"floor":42.0,"key":"PreservedInsect"},{"floor":43.0,"key":"Question Card"},{"floor":45.0,"key":"Letter Opener"}],"event_choices":[{"damage_healed":0.0,"max_hp_gain":0.0,"max_hp_loss":0.0,"gold_gain":0.0,"event_name":"Match and Keep!","player_choice":"1 cards matched","floor":2.0,"gold_loss":0.0,"damage_taken":0.0,"cards_obtained":["Perfected Strike"]},{"damage_healed":0.0,"max_hp_gain":0.0,"max_hp_loss":0.0,"gold_gain":0.0,"event_name":"Accursed Blacksmith","player_choice":"Rummage","floor":3.0,"gold_loss":0.0,"damage_taken":0.0,"relics_obtained":["WarpedTongs"],"cards_obtained":["Pain"]},{"damage_healed":0.0,"max_hp_gain":0.0,"max_hp_loss":0.0,"gold_gain":0.0,"event_name":"Golden Idol","player_choice":"Take Wound","floor":5.0,"gold_loss":0.0,"damage_taken":0.0,"relics_obtained":["Golden Idol"],"cards_obtained":["Injury"]},{"damage_healed":0.0,"max_hp_gain":0.0,"max_hp_loss":0.0,"gold_gain":0.0,"event_name":"Scrap Ooze","player_choice":"Success","floor":11.0,"gold_loss":0.0,"damage_taken":7.0,"relics_obtained":["Dead Branch"]},{"damage_healed":0.0,"max_hp_gain":0.0,"max_hp_loss":0.0,"gold_gain":0.0,"event_name":"Ghosts","player_choice":"Ignored","floor":19.0,"gold_loss":0.0,"damage_taken":0.0},{"damage_healed":0.0,"max_hp_gain":0.0,"max_hp_loss":0.0,"gold_gain":0.0,"event_name":"Addict","player_choice":"Obtained Relic","floor":21.0,"gold_loss":85.0,"damage_taken":0.0,"relics_obtained":["Paper Frog"]},{"cards_removed":["Blood for Blood"],"damage_healed":43.0,"max_hp_gain":0.0,"max_hp_loss":0.0,"gold_gain":0.0,"event_name":"Bonfire Elementals","player_choice":"Offered Uncommon","floor":27.0,"gold_loss":0.0,"damage_taken":0.0},{"damage_healed":0.0,"max_hp_gain":0.0,"max_hp_loss":0.0,"gold_gain":0.0,"event_name":"Nest","player_choice":"Joined the Cult","floor":29.0,"gold_loss":0.0,"damage_taken":6.0,"cards_obtained":["RitualDagger"]},{"damage_healed":0.0,"max_hp_gain":0.0,"max_hp_loss":0.0,"gold_gain":0.0,"event_name":"Tomb of Lord Red Mask","player_choice":"Paid","floor":36.0,"gold_loss":215.0,"damage_taken":0.0,"relics_obtained":["Red Mask"]},{"damage_healed":0.0,"max_hp_gain":0.0,"max_hp_loss":0.0,"gold_gain":0.0,"event_name":"SensoryStone","player_choice":"Memory 1","floor":37.0,"gold_loss":0.0,"damage_taken":0.0},{"damage_healed":28.0,"max_hp_gain":0.0,"max_hp_loss":0.0,"gold_gain":0.0,"event_name":"Winding Halls","player_choice":"Writhe","floor":44.0,"gold_loss":0.0,"damage_taken":0.0,"cards_obtained":["Writhe"]},{"damage_healed":0.0,"max_hp_gain":0.0,"max_hp_loss":0.0,"gold_gain":0.0,"event_name":"Designer","player_choice":"Upgrade","floor":46.0,"gold_loss":40.0,"damage_taken":0.0,"cards_upgraded":["Apotheosis"]}],"is_beta":false,"boss_relics":[{"not_picked":["Black Star","Runic Cube"],"picked":"Sozu"},{"not_picked":["Lizard Tail","Astrolabe"],"picked":"Busted Crown"}],"items_purged_floors":[8],"is_endless":false,"potions_floor_spawned":[6,14,20,22,24,31,35,39,42,45],"ascension_level":6}