{"gold_per_floor":[113,113,113,132,132,132,158,158,158,178,192,39,53,81,81,183,183,203,302,314,239,252,287,287,304,304,304,304,304,337,337,337,434,434,449,449,449,466,741,772,772,782,807,346,346,346,377,390,390,390,390,390,47,73,73],"floor_reached":56,"playtime":2279,"items_purged":["Normality","Parasite"],"score":1406,"play_id":"bfdd419b-29e3-4ad9-ab7c-9674ba5fd841","local_time":"20181128073125","is_ascension_mode":false,"campfire_choices":[{"data":"Backflip","floor":6.0,"key":"SMITH"},{"floor":8.0,"key":"REST"},{"data":"Blizzard","floor":15.0,"key":"SMITH"},{"floor":24.0,"key":"REST"},{"data":"Creative AI","floor":27.0,"key":"SMITH"},{"floor":29.0,"key":"REST"},{"data":"Coolheaded","floor":32.0,"key":"SMITH"},{"data":"Blizzard","floor":41.0,"key":"SMITH"},{"data":"Mayhem","floor":46.0,"key":"SMITH"},{"floor":49.0,"key":"RECALL"},{"data":"Hologram","floor":52,"key":"SMITH"}],"neow_cost":"NONE","seed_source_timestamp":985259124917,"circlet_count":0,"master_deck":["Zap+1","Dualcast+1","Backflip+1","Coolheaded","Blizzard+1","Coolheaded+1","Tempest","Creative AI+1","Cold Snap","Hologram+1","Loop+1","Hologram+1","Skim+1","Buffer","Blizzard+1","Coolheaded","Sweeping Beam","Defragment","Cold Snap","Rebound","Cold Snap","Stack","Madness","Madness","Mayhem+1","Conserve Battery","Cold Snap"],"special_seed":0,"relics":["Cursed Key","Pear","PreservedInsect","Gremlin Horn","Bag of Preparation","Sozu","Omamori","Calipers","Enchiridion","Blood Vial","Pandora\u0027s Box","Art of War","Oddly Smooth Stone","Lee\u0027s Waffle","Strawberry","Pantograph","War Paint"],"potions_floor_usage":[],"damage_taken":[{"damage":1.0,"enemies":"Jaw Worm","floor":1.0,"turns":4.0},{"damage":3.0,"enemies":"Small Slimes","floor":4.0,"turns":2.0},{"damage":17.0,"enemies":"Gremlin Nob","floor":7.0,"turns":5.0},{"damage":0.0,"enemies":"Cultist","floor":10.0,"turns":4.0},{"damage":5.0,"enemies":"Looter","floor":11.0,"turns":2.0},{"damage":4.0,"enemies":"3 Louse","floor":13.0,"turns":3.0},{"damage":2.0,"enemies":"3 Sentries","floor":14.0,"turns":4.0},{"damage":21.0,"enemies":"Hexaghost","floor":16.0,"turns":15.0},{"damage":12.0,"enemies":"Spheric Guardian","floor":18.0,"turns":4.0},{"damage":0.0,"enemies":"Chosen","floor":20.0,"turns":6.0},{"damage":17.0,"enemies":"Centurion and Healer","floor":22.0,"turns":8.0},{"damage":32.0,"enemies":"Book of Stabbing","floor":23.0,"turns":8.0},{"damage":4.0,"enemies":"Snake Plant","floor":25.0,"turns":6.0},{"damage":0.0,"enemies":"Gremlin Leader","floor":30.0,"turns":7.0},{"damage":8.0,"enemies":"Collector","floor":33.0,"turns":10.0},{"damage":0.0,"enemies":"3 Darklings","floor":35.0,"turns":4.0},{"damage":0.0,"enemies":"Orb Walker","floor":38.0,"turns":5.0},{"damage":0.0,"enemies":"Giant Head","floor":40.0,"turns":11.0},{"damage":19.0,"enemies":"Writhing Mass","floor":42.0,"turns":5.0},{"damage":2.0,"enemies":"Reptomancer","floor":47.0,"turns":4.0},{"damage":0.0,"enemies":"Sphere and 2 Shapes","floor":48.0,"turns":6.0},{"damage":29,"enemies":"Awakened One","floor":50,"turns":17},{"damage":69,"enemies":"Shield and Spear","floor":54,"turns":9},{"damage":52,"enemies":"The Heart","floor":55,"turns":11}],"seed_played":"-8730167802187760022","potions_obtained":[{"floor":1.0,"key":"Weak Potion"},{"floor":7.0,"key":"Energy Potion"},{"floor":10.0,"key":"Swift Potion"},{"floor":14.0,"key":"Block Potion"}],"is_trial":false,"path_per_floor":["M","?","?","M","?","R","E","R","T","M","M","$","M","E","R","B",null,"M","?","M","?","M","E","R","M","T","R","?","R","E","?","R","B",null,"M","?","?","M","?","E","R","M","T","$","?","R","E","M","R","B",null,"R","$","E","B",null],"character_chosen":"DEFECT","items_purchased":["Coolheaded","EntropicBrew","Mayhem","Lee\u0027s Waffle","Pantograph"],"campfire_rested":3,"item_purchase_floors":[12,12,44,44,53],"current_hp_per_floor":[74,59,51,48,48,48,31,56,56,56,51,51,47,45,45,24,85,73,73,73,73,56,24,49,45,45,45,29,54,54,54,54,48,85,85,74,74,76,76,78,78,61,61,92,92,92,97,99,99,70,99,99,96,27,2],"gold":73,"neow_bonus":"BOSS_RELIC","is_prod":false,"is_daily":false,"chose_seed":false,"campfire_upgraded":7,"win_rate":0,"timestamp":1543408285,"path_taken":["M","?","?","M","?","R","E","R","T","M","?","$","M","E","R","BOSS","M","?","M","?","M","E","R","M","T","R","?","R","E","?","R","BOSS","M","?","?","?","?","E","R","M","T","?","?","R","E","M","R","BOSS","R","$","E","BOSS"],"build_version":"2018-11-15","purchased_purges":2,"victory":true,"max_hp_per_floor":[75,75,85,85,85,85,85,85,85,85,85,85,85,85,85,85,85,85,85,85,85,85,85,85,85,85,85,85,85,85,85,85,85,85,85,85,85,85,85,85,85,85,85,92,92,92,99,99,99,99,99,99,96,96,96],"card_choices":[{"not_picked":["Beam Cell","Steam","Stack"],"picked":"SKIP","floor":1.0},{"not_picked":["Barrage","Heatsinks"],"picked":"Tempest","floor":4.0},{"not_picked":["Hologram","Compile Driver"],"picked":"Coolheaded","floor":7.0},{"not_picked":["Ball Lightning","Go for the Eyes"],"picked":"Blizzard","floor":10.0},{"not_picked":["Streamline","Go for the Eyes","All For One"],"picked":"SKIP","floor":11.0},{"not_picked":["Sunder","Leap"],"picked":"Tempest","floor":13.0},{"not_picked":["Beam Cell","Melter"],"picked":"Conserve Battery","floor":14.0},{"not_picked":["Buffer","Electrodynamics"],"picked":"Creative AI","floor":16.0},{"not_picked":["Sunder+1","Rebound+1"],"picked":"Cold Snap","floor":18.0},{"not_picked":["Recycle","Heatsinks"],"picked":"Hologram","floor":20.0},{"not_picked":["Rebound","Sweeping Beam+1","Heatsinks"],"picked":"SKIP","floor":22.0},{"not_picked":["Beam Cell","Storm"],"picked":"Loop+1","floor":23.0},{"not_picked":["Capacitor","Conserve Battery"],"picked":"Hologram","floor":25.0},{"not_picked":["Steam Power","Steam+1"],"picked":"Skim+1","floor":30.0},{"not_picked":["Machine Learning","Meteor Strike"],"picked":"Buffer","floor":33.0},{"not_picked":["Melter","Barrage"],"picked":"Cold Snap","floor":35.0},{"not_picked":["Genetic Algorithm+1","Fusion+1","Barrage"],"picked":"SKIP","floor":38.0},{"not_picked":["Gash+1","Barrage+1","FTL+1"],"picked":"SKIP","floor":40.0},{"not_picked":["Gash+1","Ball Lightning","Stack"],"picked":"SKIP","floor":42.0},{"not_picked":["Barrage","Chaos"],"picked":"Conserve Battery","floor":47.0},{"not_picked":["Turbo","Steam","Streamline+1"],"picked":"SKIP","floor":48.0},{"not_picked":["FTL","Force Field+1"],"picked":"Cold Snap","floor":54}],"player_experience":474826,"relics_obtained":[{"floor":7.0,"key":"PreservedInsect"},{"floor":9.0,"key":"Gremlin Horn"},{"floor":14.0,"key":"Bag of Preparation"},{"floor":23.0,"key":"Omamori"},{"floor":26.0,"key":"Calipers"},{"floor":28.0,"key":"Enchiridion"},{"floor":30.0,"key":"Blood Vial"},{"floor":40.0,"key":"Oddly Smooth Stone"},{"floor":47.0,"key":"Strawberry"},{"floor":54,"key":"War Paint"}],"event_choices":[{"damage_healed":0.0,"max_hp_gain":0.0,"max_hp_loss":0.0,"gold_gain":0.0,"event_name":"Shining Light","player_choice":"Entered Light","floor":2.0,"gold_loss":0.0,"damage_taken":15.0,"cards_upgraded":["Strike_B","Dualcast"]},{"damage_healed":0.0,"max_hp_gain":0.0,"max_hp_loss":0.0,"gold_gain":0.0,"event_name":"Scrap Ooze","player_choice":"Success","floor":3.0,"gold_loss":0.0,"damage_taken":18.0,"relics_obtained":["Pear"]},{"cards_removed":["Tempest"],"damage_healed":0.0,"max_hp_gain":0.0,"max_hp_loss":0.0,"gold_gain":0.0,"event_name":"NoteForYourself","player_choice":"Took Card","floor":5.0,"gold_loss":0.0,"damage_taken":0.0,"cards_obtained":["Backflip"]},{"damage_healed":0.0,"max_hp_gain":0.0,"max_hp_loss":0.0,"gold_gain":99.0,"event_name":"Nest","player_choice":"Stole From Cult","floor":19.0,"gold_loss":0.0,"damage_taken":0.0},{"cards_removed":["Shame"],"damage_healed":0.0,"max_hp_gain":0.0,"max_hp_loss":0.0,"gold_gain":0.0,"event_name":"Beggar","player_choice":"Gave Gold","floor":21.0,"gold_loss":75.0,"damage_taken":0.0},{"damage_healed":0.0,"max_hp_gain":0.0,"max_hp_loss":0.0,"gold_gain":0.0,"event_name":"Cursed Tome","player_choice":"Obtained Book","floor":28.0,"gold_loss":0.0,"damage_taken":16.0},{"damage_healed":0.0,"max_hp_gain":0.0,"max_hp_loss":0.0,"gold_gain":0.0,"event_name":"Ghosts","player_choice":"Ignored","floor":31.0,"gold_loss":0.0,"damage_taken":0.0},{"damage_healed":0.0,"max_hp_gain":0.0,"max_hp_loss":0.0,"gold_gain":0.0,"event_name":"Winding Halls","player_choice":"Embrace Madness","floor":36.0,"gold_loss":0.0,"damage_taken":11.0,"cards_obtained":["Madness","Madness"]},{"cards_removed":["Cold Snap"],"damage_healed":0.0,"max_hp_gain":0.0,"max_hp_loss":0.0,"gold_gain":0.0,"event_name":"WeMeetAgain","player_choice":"Gave Card","floor":37.0,"gold_loss":0.0,"damage_taken":0.0,"relics_obtained":["Art of War"]},{"damage_healed":0.0,"max_hp_gain":0.0,"max_hp_loss":0.0,"gold_gain":275.0,"event_name":"Golden Shrine","player_choice":"Desecrate","floor":39.0,"gold_loss":0.0,"damage_taken":0.0,"cards_obtained":["Regret"]},{"cards_removed":["Conserve Battery"],"damage_healed":0.0,"max_hp_gain":0.0,"max_hp_loss":0.0,"gold_gain":0.0,"event_name":"Falling","player_choice":"Removed Skill","floor":45.0,"gold_loss":0.0,"damage_taken":0.0}],"is_beta":true,"boss_relics":[{"not_picked":["Coffee Dripper","Velvet Choker"],"picked":"Sozu"},{"not_picked":["Orrery","Nuclear Battery"],"picked":"Pandora\u0027s Box"}],"items_purged_floors":[44,53],"is_endless":false,"potions_floor_spawned":[1,7,10,13,14,22,25,30,35,42,47],"ascension_level":0}