{"gold_per_floor":[215,215,230,240,16,51,51,71,71,71,41,41,56,72,72,72],"floor_reached":16,"playtime":995,"items_purged":["Defend_R"],"score":112,"play_id":"51a70c53-e4ca-4954-94d8-e4d1b997561c","local_time":"20190107094725","is_ascension_mode":true,"campfire_choices":[{"data":"Ghostly Armor","floor":7,"key":"SMITH"},{"data":"Body Slam","floor":15,"key":"SMITH"}],"neow_cost":"NONE","seed_source_timestamp":494128836539688,"circlet_count":0,"master_deck":["Strike_R","Strike_R","Strike_R","Strike_R","Strike_R","Defend_R","Defend_R","Defend_R","Bash","Burning Pact+1","Flame Barrier","Body Slam+1","Ghostly Armor+1","Headbutt","Disarm","Feed","Shrug It Off"],"relics":["Burning Blood","Bag of Preparation","Pear","Pantograph"],"potions_floor_usage":[6,16,16],"damage_taken":[{"damage":4,"enemies":"Small Slimes","floor":1,"turns":5},{"damage":1,"enemies":"Cultist","floor":3,"turns":3},{"damage":10,"enemies":"Jaw Worm","floor":4,"turns":8},{"damage":44,"enemies":"Lagavulin","floor":6,"turns":12},{"damage":4,"enemies":"2 Fungi Beasts","floor":8,"turns":6},{"damage":0,"enemies":"Looter","floor":11,"turns":4},{"damage":13,"enemies":"Exordium Thugs","floor":13,"turns":6},{"damage":11,"enemies":"Large Slime","floor":14,"turns":12},{"damage":77,"enemies":"Hexaghost","floor":16,"turns":16}],"seed_played":"-71691488488792158","potions_obtained":[{"floor":3,"key":"Fire Potion"},{"floor":8,"key":"PowerPotion"},{"floor":13,"key":"Regen Potion"},{"floor":14,"key":"Weak Potion"}],"is_trial":false,"path_per_floor":["M","?","M","M","$","E","R","M","T","$","M","$","M","M","R","B"],"character_chosen":"IRONCLAD","items_purchased":["Bag of Preparation"],"campfire_rested":0,"item_purchase_floors":[5],"current_hp_per_floor":[80,80,80,76,76,48,48,50,50,50,56,56,49,47,47,0],"gold":72,"neow_bonus":"HUNDRED_GOLD","is_prod":false,"is_daily":false,"chose_seed":false,"campfire_upgraded":2,"win_rate":0,"timestamp":1546883245,"path_taken":["M","?","M","M","$","E","R","M","T","?","M","$","M","M","R","BOSS"],"build_version":"2019-01-03v4","purchased_purges":1,"victory":false,"max_hp_per_floor":[80,80,80,80,80,90,90,90,90,90,90,90,90,93,93,93],"card_choices":[{"not_picked":["Thunderclap","Clothesline"],"picked":"Burning Pact","floor":1},{"not_picked":["Rupture","Perfected Strike"],"picked":"Flame Barrier","floor":3},{"not_picked":["Twin Strike","Fire Breathing"],"picked":"Body Slam","floor":4},{"not_picked":["Power Through","Flex"],"picked":"Ghostly Armor","floor":6},{"not_picked":["Clash","Seeing Red"],"picked":"Headbutt","floor":8},{"not_picked":["Combust","Rage"],"picked":"Disarm","floor":11},{"not_picked":["Ghostly Armor","Twin Strike"],"picked":"Feed","floor":13},{"not_picked":["Warcry","Inflame"],"picked":"Shrug It Off","floor":14}],"player_experience":157643,"relics_obtained":[{"floor":6,"key":"Pear"},{"floor":9,"key":"Pantograph"}],"event_choices":[{"damage_healed":0,"gold_gain":0,"player_choice":"Upgraded","damage_taken":0,"max_hp_gain":0,"max_hp_loss":0,"event_name":"Upgrade Shrine","floor":2,"gold_loss":0,"cards_upgraded":["Burning Pact"]}],"is_beta":false,"boss_relics":[],"items_purged_floors":[5],"is_endless":false,"potions_floor_spawned":[3,8,13,14],"killed_by":"Hexaghost","ascension_level":2}