{"gold_per_floor":[114,92,92,92,39,39,55,55,55,55,83,83,117,179,179,277,277,294,309,309,326,340,368,368,381,381,410,334,334],"floor_reached":29,"playtime":1150,"items_purged":[],"score":249,"play_id":"72a569d0-b396-4427-a1d2-82005044f7ab","local_time":"20190318113403","is_ascension_mode":false,"campfire_choices":[{"data":"Zap","floor":6,"key":"SMITH"},{"data":"Dualcast","floor":8,"key":"SMITH"},{"floor":15,"key":"REST"},{"floor":24,"key":"REST"}],"neow_cost":"NONE","seed_source_timestamp":216007538275565,"circlet_count":0,"master_deck":["Strike_B","Strike_B","Strike_B","Defend_B","Defend_B","Zap+1","Dualcast+1","FTL","Conserve Battery","Beam Cell","Redo","Gash","Core Surge","Gash+1","Go for the Eyes+1","White Noise","Beam Cell","Biased Cognition","Heatsinks"],"relics":["Cracked Core","Pantograph","Bird Faced Urn","Cables","Oddly Smooth Stone","Kunai","Lizard Tail","Lantern","Mummified Hand","Red Mask"],"potions_floor_usage":[14,16,23,23],"damage_taken":[{"damage":10,"enemies":"Small Slimes","floor":1,"turns":3},{"damage":0,"enemies":"Cultist","floor":7,"turns":3},{"damage":23,"enemies":"Gremlin Nob","floor":11,"turns":4},{"damage":26,"enemies":"Lagavulin","floor":13,"turns":5},{"damage":6,"enemies":"Gremlin Nob","floor":14,"turns":4},{"damage":33,"enemies":"The Guardian","floor":16,"turns":10},{"damage":3,"enemies":"Spheric Guardian","floor":18,"turns":3},{"damage":17,"enemies":"2 Thieves","floor":19,"turns":3},{"damage":2,"enemies":"Snecko","floor":21,"turns":4},{"damage":27,"enemies":"Snake Plant","floor":22,"turns":4},{"damage":18,"enemies":"Book of Stabbing","floor":23,"turns":4},{"damage":8,"enemies":"Cultist and Chosen","floor":25,"turns":4},{"damage":37,"enemies":"Masked Bandits","floor":27,"turns":4},{"damage":33,"enemies":"Slavers","floor":29,"turns":2}],"seed_played":"-4763652253816404100","potions_obtained":[{"floor":11,"key":"SpeedPotion"},{"floor":13,"key":"Weak Potion"},{"floor":14,"key":"LiquidBronze"},{"floor":16,"key":"GamblersBrew"},{"floor":18,"key":"Poison Potion"},{"floor":21,"key":"AttackPotion"}],"is_trial":false,"path_per_floor":["?","$","M","?","?","?","?","M","?"],"character_chosen":"DEFECT","items_purchased":["Conserve Battery","Beam Cell","Heatsinks"],"campfire_rested":2,"item_purchase_floors":[2,5,28],"current_hp_per_floor":[65,65,65,65,65,65,65,65,65,62,39,39,13,7,29,21,75,72,55,48,46,19,3,25,19,19,28,28,0],"gold":334,"neow_bonus":"REMOVE_CARD","is_prod":false,"is_daily":false,"chose_seed":false,"campfire_upgraded":2,"win_rate":0,"timestamp":1552923243,"path_taken":["M","$","?","?","$","R","?","R","T","?","E","?","E","?","R","BOSS","M","M","?","M","?","E","R","M","T","?","$","E"],"build_version":"2019-01-23","purchased_purges":0,"victory":false,"max_hp_per_floor":[75,75,75,75,75,75,75,75,75,75,75,75,75,75,75,75,75,75,75,75,75,75,75,75,75,75,75,75,75],"card_choices":[{"not_picked":["Ball Lightning","Stack"],"picked":"FTL","floor":1},{"not_picked":["Barrage","Leap","Darkness"],"picked":"SKIP","floor":7},{"not_picked":["Thunder Strike","Cold Snap"],"picked":"Redo","floor":11},{"not_picked":["Tempest","Blizzard","Auto Shields"],"picked":"SKIP","floor":13},{"not_picked":["Compile Driver","Streamline"],"picked":"Gash","floor":14},{"not_picked":["Creative AI","Multi-Cast"],"picked":"Core Surge","floor":16},{"not_picked":["Ball Lightning+1","Rebound","Static Discharge+1"],"picked":"SKIP","floor":18},{"not_picked":["Undo+1","Steam"],"picked":"Gash+1","floor":19},{"not_picked":["Barrage","Streamline"],"picked":"Go for the Eyes+1","floor":21},{"not_picked":["Aggregate","Melter+1"],"picked":"White Noise","floor":22},{"not_picked":["Conserve Battery","Reinforced Body"],"picked":"Beam Cell","floor":23},{"not_picked":["Hologram","Cold Snap+1","Turbo"],"picked":"SKIP","floor":25},{"not_picked":["Chill","Auto Shields+1"],"picked":"Biased Cognition","floor":27}],"player_experience":746581,"relics_obtained":[{"floor":9,"key":"Pantograph"},{"floor":11,"key":"Cables"},{"floor":13,"key":"Oddly Smooth Stone"},{"floor":14,"key":"Kunai"},{"floor":23,"key":"Lantern"},{"floor":26,"key":"Mummified Hand"},{"floor":27,"key":"Red Mask"}],"event_choices":[{"cards_removed":["Defend_B"],"damage_healed":0,"gold_gain":0,"player_choice":"Offered Basic","damage_taken":0,"max_hp_gain":0,"max_hp_loss":0,"event_name":"Bonfire Elementals","floor":3,"gold_loss":0},{"damage_healed":0,"gold_gain":0,"player_choice":"Success","damage_taken":3,"relics_obtained":["Bird Faced Urn"],"max_hp_gain":0,"max_hp_loss":0,"event_name":"Scrap Ooze","floor":10,"gold_loss":0},{"cards_removed":["Strike_B"],"damage_healed":0,"gold_gain":0,"player_choice":"Forget","damage_taken":0,"max_hp_gain":0,"max_hp_loss":0,"event_name":"Living Wall","floor":12,"gold_loss":0},{"damage_healed":0,"gold_gain":0,"player_choice":"Searched \u00271\u0027 times","damage_taken":0,"max_hp_gain":0,"max_hp_loss":0,"event_name":"Dead Adventurer","floor":14,"gold_loss":0},{"damage_healed":0,"gold_gain":0,"player_choice":"","damage_taken":7,"max_hp_gain":0,"max_hp_loss":0,"event_name":"Knowing Skull","floor":20,"potions_obtained":[],"gold_loss":0,"cards_obtained":[]},{"damage_healed":0,"gold_gain":0,"player_choice":"Fought Bandits","damage_taken":0,"max_hp_gain":0,"max_hp_loss":0,"event_name":"Masked Bandits","floor":27,"gold_loss":0}],"is_beta":false,"boss_relics":[{"not_picked":["Orrery","FrozenCore"],"picked":"Lizard Tail"}],"items_purged_floors":[],"is_endless":false,"potions_floor_spawned":[11,13,14,16,18,19,21],"killed_by":"Slavers","ascension_level":0}