{"gold_per_floor":[112,124,141,81,2,2,37,37,37,37,37,63,63,76,76,153,153,163,179,25,25,25,25,41,41],"floor_reached":25,"playtime":1703,"items_purged":["Strike_G"],"score":387,"play_id":"a806e623-9009-4ac2-9b3c-3f0c15cfbbc4","local_time":"20190408232554","is_ascension_mode":true,"campfire_choices":[{"data":"Footwork","floor":6,"key":"SMITH"},{"data":"Footwork","floor":8,"key":"SMITH"},{"floor":11,"key":"REST"},{"floor":15,"key":"REST"},{"floor":23,"key":"REST"}],"neow_cost":"NONE","seed_source_timestamp":2072563212931817,"circlet_count":0,"master_deck":["AscendersBane","Defend_G","Defend_G","Defend_G","Defend_G","Defend_G","Strike_G","Strike_G","Strike_G","Survivor","Neutralize+1","Escape Plan","Footwork+1","Backflip","Dagger Throw","Footwork+1","Footwork+1","Deflect","Deadly Poison","Deadly Poison","Infinite Blades","Backflip"],"relics":["Ring of the Snake","Question Card","Bag of Marbles","Blood Vial","HoveringKite"],"potions_floor_usage":[7,16],"damage_taken":[{"damage":0,"enemies":"Jaw Worm","floor":1,"turns":7},{"damage":0,"enemies":"2 Louse","floor":2,"turns":2},{"damage":0,"enemies":"Cultist","floor":3,"turns":4},{"damage":0,"enemies":"Looter","floor":4,"turns":5},{"damage":30,"enemies":"Lagavulin","floor":7,"turns":14},{"damage":33,"enemies":"Gremlin Nob","floor":12,"turns":7},{"damage":0,"enemies":"Blue Slaver","floor":14,"turns":5},{"damage":24,"enemies":"Slime Boss","floor":16,"turns":37},{"damage":0,"enemies":"Spheric Guardian","floor":18,"turns":8},{"damage":46,"enemies":"Chosen","floor":19,"turns":11},{"damage":21,"enemies":"Sentry and Sphere","floor":24,"turns":8},{"damage":20,"enemies":"Snecko","floor":25,"turns":9}],"seed_played":"-5313549592687564619","potions_obtained":[{"floor":1,"key":"GhostInAJar"},{"floor":3,"key":"SteroidPotion"},{"floor":7,"key":"GamblersBrew"},{"floor":18,"key":"SpeedPotion"}],"is_trial":false,"path_per_floor":["?","?","?","?"],"character_chosen":"THE_SILENT","items_purchased":["Footwork","Infinite Blades"],"campfire_rested":3,"item_purchase_floors":[5,20],"current_hp_per_floor":[59,59,59,59,59,59,29,29,29,29,48,15,8,10,29,7,51,53,9,9,9,9,28,9,0],"gold":41,"neow_bonus":"UPGRADE_CARD","is_prod":false,"is_daily":false,"chose_seed":false,"campfire_upgraded":2,"win_rate":0,"timestamp":1554780354,"path_taken":["M","M","M","M","$","R","E","R","T","?","R","E","?","M","R","BOSS","M","M","$","?","?","R","M","M"],"build_version":"2019-01-23","purchased_purges":1,"victory":false,"max_hp_per_floor":[66,66,66,66,66,66,66,66,66,66,66,66,66,66,66,66,66,66,66,66,66,66,66,66,66],"card_choices":[{"not_picked":["Outmaneuver","Terror"],"picked":"Escape Plan","floor":1},{"not_picked":["Caltrops","Backflip"],"picked":"Footwork","floor":2},{"not_picked":["Flechettes","Endless Agony"],"picked":"Backflip","floor":3},{"not_picked":["Catalyst","Bane"],"picked":"Dagger Throw","floor":4},{"not_picked":["Deadly Poison","Malaise"],"picked":"Footwork","floor":7},{"not_picked":["Underhanded Strike","Blade Dance","Dagger Throw"],"picked":"Deflect","floor":12},{"not_picked":["Flying Knee","Concentrate","Acrobatics"],"picked":"Deadly Poison","floor":14},{"not_picked":["Sucker Punch","Slice","Deflect"],"picked":"Deadly Poison","floor":18},{"not_picked":["Blade Dance","Deadly Poison","Outmaneuver","Flying Knee"],"picked":"SKIP","floor":19},{"not_picked":["PiercingWail","Poisoned Stab","Outmaneuver"],"picked":"Backflip","floor":24}],"player_experience":1642956,"relics_obtained":[{"floor":7,"key":"Question Card"},{"floor":9,"key":"Bag of Marbles"},{"floor":12,"key":"Blood Vial"}],"event_choices":[{"damage_healed":0,"gold_gain":0,"player_choice":"Grow","damage_taken":0,"max_hp_gain":0,"max_hp_loss":0,"event_name":"Living Wall","floor":10,"gold_loss":0,"cards_upgraded":["Footwork"]},{"cards_removed":["Strike_G"],"damage_healed":0,"gold_gain":0,"player_choice":"Card Removal","damage_taken":7,"max_hp_gain":0,"max_hp_loss":0,"event_name":"Golden Wing","floor":13,"gold_loss":0},{"damage_healed":0,"gold_gain":0,"player_choice":"Ignored","damage_taken":0,"max_hp_gain":0,"max_hp_loss":0,"event_name":"Beggar","floor":22,"gold_loss":0}],"is_beta":false,"boss_relics":[{"not_picked":["Calling Bell","Philosopher\u0027s Stone"],"picked":"HoveringKite"}],"items_purged_floors":[20],"is_endless":false,"potions_floor_spawned":[1,3,7,18],"killed_by":"Snecko","ascension_level":17}