{"gold_per_floor":[11,23,36,36,36,71,84,96,96,96,96,116,116,136,136,234,234,251,29,40,51,51,51,71,81,81,81,81,94,108,108,108,205,205,220,220,220,237,51,51],"floor_reached":40,"playtime":2531,"items_purged":["Strike_R"],"score":417,"play_id":"bc65afb0-85ea-434f-8dd1-023cc508e257","local_time":"20190109224229","is_ascension_mode":false,"campfire_choices":[{"data":"Brutality","floor":10,"key":"SMITH"},{"data":"Rupture","floor":13,"key":"SMITH"},{"floor":15,"key":"REST"},{"data":"Feed","floor":23,"key":"SMITH"},{"floor":28,"key":"DIG"},{"floor":32,"key":"REST"}],"neow_cost":"NO_GOLD","seed_source_timestamp":711931839761017,"circlet_count":0,"master_deck":["Defend_R","Defend_R","Defend_R","Bash","Fiend Fire","Armaments+1","Shrug It Off","Dropkick","Corruption","Rupture+1","Brutality+1","Pain","Ghostly Armor","Reaper","Blood for Blood","Feed+1","Infernal Blade","Headbutt+1","J.A.X.","Pain","Combust","Bite","Bite","Bite","Bite","Bite","Offering","Rupture","Rupture"],"relics":["Burning Blood","Vajra","StoneCalendar","Cursed Key","Shovel","Letter Opener","Sozu","Ice Cream","Centennial Puzzle"],"potions_floor_usage":[14,16,30,30,33],"damage_taken":[{"damage":0,"enemies":"2 Louse","floor":1,"turns":2},{"damage":6,"enemies":"Jaw Worm","floor":2,"turns":4},{"damage":0,"enemies":"Cultist","floor":3,"turns":2},{"damage":32,"enemies":"3 Sentries","floor":6,"turns":9},{"damage":1,"enemies":"3 Louse","floor":7,"turns":6},{"damage":10,"enemies":"Exordium Thugs","floor":8,"turns":5},{"damage":9,"enemies":"2 Fungi Beasts","floor":12,"turns":4},{"damage":8,"enemies":"Looter","floor":14,"turns":2},{"damage":19,"enemies":"The Guardian","floor":16,"turns":11},{"damage":45,"enemies":"3 Byrds","floor":18,"turns":7},{"damage":9,"enemies":"Chosen","floor":20,"turns":4},{"damage":29,"enemies":"Centurion and Healer","floor":21,"turns":5},{"damage":34,"enemies":"3 Cultists","floor":24,"turns":6},{"damage":39,"enemies":"Cultist and Chosen","floor":25,"turns":6},{"damage":46,"enemies":"Centurion and Healer","floor":29,"turns":7},{"damage":36,"enemies":"Shelled Parasite and Fungi","floor":30,"turns":5},{"damage":71,"enemies":"Collector","floor":33,"turns":8},{"damage":79,"enemies":"3 Darklings","floor":35,"turns":5},{"damage":30,"enemies":"3 Shapes","floor":38,"turns":3},{"damage":86,"enemies":"Reptomancer","floor":40,"turns":3}],"seed_played":"3043360608320236243","potions_obtained":[{"floor":6,"key":"Fire Potion"},{"floor":8,"key":"Fire Potion"},{"floor":16,"key":"Dexterity Potion"},{"floor":20,"key":"PowerPotion"},{"floor":25,"key":"Energy Potion"},{"floor":29,"key":"Regen Potion"},{"floor":30,"key":"BloodPotion"},{"floor":33,"key":"Energy Potion"}],"is_trial":false,"path_per_floor":["M","M","M","?","?","E","M","M","T","R","?","M","R","M","R","B",null,"M","$","M","M","?","R","M","M","T","?","R","M","M","?","R","B",null,"M","?","?","M","$","E"],"character_chosen":"IRONCLAD","items_purchased":["Feed","Centennial Puzzle","Rupture"],"campfire_rested":2,"item_purchase_floors":[19,39,39],"current_hp_per_floor":[80,80,80,64,64,38,43,39,39,39,39,36,36,34,58,45,80,66,66,63,73,73,73,77,63,63,63,63,39,33,33,53,26,73,44,44,44,43,43,0],"gold":51,"neow_bonus":"THREE_RARE_CARDS","is_prod":false,"is_daily":false,"chose_seed":false,"campfire_upgraded":3,"win_rate":0,"timestamp":1547102549,"path_taken":["M","M","M","?","?","E","M","?","T","R","?","M","R","M","R","BOSS","M","$","M","M","?","R","M","M","T","?","R","M","M","?","R","BOSS","M","?","?","M","$","E"],"build_version":"2019-01-03v4","purchased_purges":1,"victory":false,"max_hp_per_floor":[80,80,80,80,80,80,80,80,80,80,80,80,80,80,80,80,80,80,80,80,83,83,83,87,91,91,91,91,95,99,69,69,73,73,77,77,77,81,81,81],"card_choices":[{"not_picked":["Berserk","Exhume"],"picked":"Fiend Fire","floor":0},{"not_picked":["Clothesline","Pommel Strike","Iron Wave"],"picked":"SKIP","floor":1},{"not_picked":["Heavy Blade","Sword Boomerang"],"picked":"Armaments","floor":2},{"not_picked":["Inflame","Perfected Strike"],"picked":"Shrug It Off","floor":3},{"not_picked":["Second Wind","Body Slam"],"picked":"Corruption","floor":6},{"not_picked":["Seeing Red","Clash"],"picked":"Rupture","floor":7},{"not_picked":["Flex","Pommel Strike"],"picked":"Brutality","floor":8},{"not_picked":["Clash","Iron Wave","Twin Strike"],"picked":"SKIP","floor":12},{"not_picked":["Clothesline","Pommel Strike"],"picked":"Ghostly Armor","floor":14},{"not_picked":["Fiend Fire","Offering"],"picked":"Reaper","floor":16},{"not_picked":["Anger+1","Pommel Strike"],"picked":"Blood for Blood","floor":18},{"not_picked":["Clash+1","Searing Blow"],"picked":"Infernal Blade","floor":20},{"not_picked":["Wild Strike+1","Uppercut+1"],"picked":"Headbutt+1","floor":21},{"not_picked":["Rage","Anger","Pommel Strike"],"picked":"SKIP","floor":24},{"not_picked":["Corruption","Ghostly Armor","Hemokinesis"],"picked":"SKIP","floor":25},{"not_picked":["Sword Boomerang","Second Wind+1","Clothesline"],"picked":"SKIP","floor":29},{"not_picked":["Clothesline","Wild Strike+1","Warcry"],"picked":"SKIP","floor":30},{"not_picked":["Fiend Fire","Berserk"],"picked":"Offering","floor":33},{"not_picked":["Warcry+1","Whirlwind","Heavy Blade"],"picked":"SKIP","floor":35},{"not_picked":["Clothesline","Warcry"],"picked":"Rupture","floor":38}],"player_experience":182214,"relics_obtained":[{"floor":6,"key":"Vajra"},{"floor":9,"key":"StoneCalendar"},{"floor":26,"key":"Shovel"},{"floor":28,"key":"Letter Opener"}],"event_choices":[{"damage_healed":0,"gold_gain":0,"player_choice":"Entered Light","damage_taken":16,"max_hp_gain":0,"max_hp_loss":0,"event_name":"Shining Light","floor":4,"gold_loss":0,"cards_upgraded":["Strike_R","Armaments"]},{"damage_healed":0,"gold_gain":0,"cards_transformed":["Strike_R"],"player_choice":"Transformed","damage_taken":0,"max_hp_gain":0,"max_hp_loss":0,"event_name":"Transmorgrifier","floor":5,"gold_loss":0,"cards_obtained":["Dropkick"]},{"damage_healed":0,"gold_gain":0,"player_choice":"1 cards matched","damage_taken":0,"max_hp_gain":0,"max_hp_loss":0,"event_name":"Match and Keep!","floor":11,"gold_loss":0,"cards_obtained":["Pain"]},{"damage_healed":0,"gold_gain":0,"player_choice":"Obtain J.A.X.","damage_taken":0,"max_hp_gain":0,"max_hp_loss":0,"event_name":"Drug Dealer","floor":22,"gold_loss":0,"cards_obtained":["J.A.X."]},{"damage_healed":0,"gold_gain":0,"player_choice":"Read","damage_taken":0,"max_hp_gain":0,"max_hp_loss":0,"event_name":"The Library","floor":27,"gold_loss":0,"cards_obtained":["Combust"]},{"damage_healed":0,"gold_gain":0,"player_choice":"Became a vampire","damage_taken":0,"max_hp_gain":0,"max_hp_loss":30,"event_name":"Vampires","floor":31,"gold_loss":0,"cards_obtained":["Bite","Bite","Bite","Bite","Bite"]},{"cards_removed":["Defend_R"],"damage_healed":0,"gold_gain":0,"player_choice":"Removed Skill","damage_taken":0,"max_hp_gain":0,"max_hp_loss":0,"event_name":"Falling","floor":36,"gold_loss":0},{"damage_healed":0,"gold_gain":0,"player_choice":"Gave Potion","damage_taken":0,"relics_obtained":["Ice Cream"],"max_hp_gain":0,"max_hp_loss":0,"event_name":"WeMeetAgain","floor":37,"gold_loss":0}],"is_beta":false,"boss_relics":[{"not_picked":["Ectoplasm","Runic Dome"],"picked":"Cursed Key"},{"not_picked":["Busted Crown","Pandora\u0027s Box"],"picked":"Sozu"}],"items_purged_floors":[19],"is_endless":false,"potions_floor_spawned":[6,8,16,20,25,29,30,33,38],"killed_by":"Reptomancer","ascension_level":0}