{"gold_per_floor":[219,237,237,248,248,248,276,276,301,158,178,178,205,75,75,178,178,193,193,193,118,217,242,242,276,302,302,302,302,47,63,63,63],"floor_reached":33,"playtime":4739,"items_purged":["Strike_G","Strike_G"],"score":301,"play_id":"b1a3b956-c355-4227-9e54-afff726cf8db","local_time":"20190312212450","is_ascension_mode":true,"campfire_choices":[{"data":"Neutralize","floor":6.0,"key":"SMITH"},{"data":"Blade Dance","floor":8.0,"key":"SMITH"},{"data":"Flechettes","floor":12,"key":"SMITH"},{"floor":15,"key":"REST"},{"floor":24,"key":"REST"},{"floor":27,"key":"REST"},{"floor":29,"key":"REST"},{"floor":32,"key":"REST"}],"neow_cost":"NONE","seed_source_timestamp":279802053570552,"circlet_count":0,"master_deck":["Defend_G","Defend_G","Defend_G","Defend_G","Defend_G","Survivor","Neutralize+1","Flechettes+1","Blade Dance+1","All Out Attack","Deflect","Heel Hook","PiercingWail","Cloak And Dagger","Caltrops","Tools of the Trade","Backflip","Accuracy","Prepared","Accuracy","Cloak And Dagger","Accuracy","Cloak And Dagger"],"special_seed":0,"relics":["Ring of the Snake","Vajra","Bronze Scales","WristBlade","Smiling Mask","Matryoshka","Dream Catcher","Art of War","ClockworkSouvenir"],"potions_floor_usage":[23,23,23,25],"damage_taken":[{"damage":1.0,"enemies":"Cultist","floor":1.0,"turns":4.0},{"damage":0.0,"enemies":"2 Louse","floor":2.0,"turns":2.0},{"damage":0.0,"enemies":"Small Slimes","floor":4.0,"turns":3.0},{"damage":14.0,"enemies":"Lagavulin","floor":7.0,"turns":11.0},{"damage":0,"enemies":"Blue Slaver","floor":11,"turns":3},{"damage":19,"enemies":"3 Sentries","floor":13,"turns":9},{"damage":16,"enemies":"The Guardian","floor":16,"turns":11},{"damage":0,"enemies":"3 Byrds","floor":18,"turns":3},{"damage":44,"enemies":"Slavers","floor":23,"turns":5},{"damage":32,"enemies":"Gremlin Leader","floor":25,"turns":8},{"damage":7,"enemies":"2 Thieves","floor":31,"turns":3},{"damage":68,"enemies":"Collector","floor":33,"turns":12}],"seed_played":"-3731445167171390923","potions_obtained":[{"floor":1.0,"key":"Block Potion"},{"floor":7.0,"key":"Energy Potion"},{"floor":11,"key":"LiquidBronze"},{"floor":16,"key":"SpeedPotion"},{"floor":23,"key":"Block Potion"}],"is_trial":false,"path_per_floor":["M","M","?","M","?","R","E","R","T","$","M","R","E","$","R","B",null,"M","?","?","?","?","E","R","E","T","R","?","R","$","M","R","B"],"character_chosen":"THE_SILENT","items_purchased":["Heel Hook","Cloak And Dagger","Caltrops","ClockworkSouvenir"],"campfire_rested":5,"item_purchase_floors":[10,14,14,30],"current_hp_per_floor":[69,69,62,62,70,70,56,56,56,56,56,56,37,37,58,42,70,70,70,57,57,57,13,35,3,3,25,25,47,47,40,62,0],"gold":63,"neow_bonus":"HUNDRED_GOLD","is_prod":false,"is_daily":false,"chose_seed":false,"campfire_upgraded":3,"win_rate":0,"timestamp":1552443890,"path_taken":["M","?","?","M","?","R","E","R","T","?","M","R","E","$","R","BOSS","M","?","?","?","?","E","R","E","T","R","?","R","$","?","R","BOSS"],"build_version":"2019-01-23","purchased_purges":2,"victory":false,"max_hp_per_floor":[70,70,70,70,70,70,70,70,70,70,70,70,70,70,70,70,70,70,70,75,75,75,75,75,75,75,75,75,75,75,75,75,75],"card_choices":[{"not_picked":["Reflex","Sucker Punch"],"picked":"Flechettes","floor":1.0},{"not_picked":["Slice","Predator"],"picked":"Blade Dance","floor":2.0},{"not_picked":["Predator","Calculated Gamble"],"picked":"All Out Attack","floor":4.0},{"not_picked":["Distraction","Quick Slash"],"picked":"Deflect","floor":7.0},{"not_picked":["Calculated Gamble","Reflex","Blade Dance"],"picked":"SKIP","floor":11},{"not_picked":["Quick Slash","Die Die Die"],"picked":"PiercingWail","floor":13},{"not_picked":["Wraith Form v2","Doppelganger"],"picked":"Tools of the Trade","floor":16},{"not_picked":["Bane+1","Dagger Throw"],"picked":"Backflip","floor":18},{"not_picked":["Calculated Gamble","PiercingWail"],"picked":"Prepared","floor":23},{"not_picked":["Well Laid Plans+1","Dodge and Roll+1"],"picked":"Accuracy","floor":25},{"not_picked":["Deadly Poison","Calculated Gamble"],"picked":"Cloak And Dagger","floor":27},{"not_picked":["Acrobatics","Prepared"],"picked":"Accuracy","floor":29},{"not_picked":["Prepared+1","Distraction+1"],"picked":"Cloak And Dagger","floor":31}],"player_experience":163274,"relics_obtained":[{"floor":7.0,"key":"Vajra"},{"floor":13,"key":"Bronze Scales"},{"floor":23,"key":"Smiling Mask"},{"floor":25,"key":"Matryoshka"},{"floor":26,"key":"Dream Catcher"},{"floor":26,"key":"Art of War"}],"event_choices":[{"cards_removed":["Strike_G"],"damage_healed":0.0,"max_hp_gain":0.0,"max_hp_loss":0.0,"gold_gain":0.0,"event_name":"Golden Wing","player_choice":"Card Removal","floor":3.0,"gold_loss":0.0,"damage_taken":7.0},{"damage_healed":23.0,"max_hp_gain":0.0,"max_hp_loss":0.0,"gold_gain":0.0,"event_name":"Big Fish","player_choice":"Banana","floor":5.0,"gold_loss":0.0,"damage_taken":0.0},{"damage_healed":0,"gold_gain":0,"player_choice":"Read","damage_taken":0,"max_hp_gain":0,"max_hp_loss":0,"event_name":"The Library","floor":19,"gold_loss":0,"cards_obtained":["Accuracy"]},{"damage_healed":0,"gold_gain":0,"player_choice":"Shed Blood","damage_taken":18,"max_hp_gain":5,"max_hp_loss":0,"event_name":"Forgotten Altar","floor":20,"gold_loss":0},{"cards_removed":["Strike_G"],"damage_healed":0,"gold_gain":0,"player_choice":"Gave Gold","damage_taken":0,"max_hp_gain":0,"max_hp_loss":0,"event_name":"Beggar","floor":21,"gold_loss":75},{"damage_healed":0,"gold_gain":99,"player_choice":"Stole From Cult","damage_taken":0,"max_hp_gain":0,"max_hp_loss":0,"event_name":"Nest","floor":22,"gold_loss":0},{"cards_removed":["Strike_G"],"damage_healed":0,"gold_gain":0,"player_choice":"Offered Basic","damage_taken":0,"max_hp_gain":0,"max_hp_loss":0,"event_name":"Bonfire Elementals","floor":28,"gold_loss":0}],"is_beta":false,"boss_relics":[{"not_picked":["Calling Bell","Ring of the Serpent"],"picked":"WristBlade"}],"items_purged_floors":[10,30],"is_endless":false,"potions_floor_spawned":[1,7,11,16,23],"killed_by":"Collector","ascension_level":1}