{"gold_per_floor":[413,338,338,338,364,394,407,432,432,432,432,92,92,109,109,213,213,225,225,245,264,86,86,118,130,130,145,165,165,165,175,175,274,274,293,312,33,46,57,88,88,117,117,131,131,143,155,171,171,171],"floor_reached":50,"playtime":3126,"items_purged":["Strike_B","Strike_B","Defend_B"],"score":536,"play_id":"d8e83393-7d37-45cb-b897-ce66709815cd","local_time":"20190217213130","is_ascension_mode":false,"campfire_choices":[{"floor":10,"key":"REST"},{"floor":13,"key":"DIG"},{"floor":15,"key":"DIG"},{"floor":23,"key":"DIG"},{"floor":30,"key":"DIG"},{"floor":32,"key":"DIG"},{"floor":41,"key":"DIG"},{"floor":49,"key":"RECALL"}],"neow_cost":"TEN_PERCENT_HP_LOSS","seed_source_timestamp":333146390613648,"circlet_count":0,"master_deck":["Strike_B","Defend_B","Defend_B","Zap+1","Dualcast","Gash+1","Self Repair","Conserve Battery","Static Discharge","Loop+1","Conserve Battery","Electrodynamics+1","Genetic Algorithm","Static Discharge+1","Self Repair+1","Sunder","FTL","Echo Form+1","Force Field+1","Gash+1","Loop+1","Gash","Ball Lightning+1","Electrodynamics+1"],"relics":["Cracked Core","Old Coin","Omamori","Lantern","Ornamental Fan","Frozen Egg 2","Bag of Preparation","Shovel","Turnip","Bronze Scales","Inserter","Matryoshka","Meat on the Bone","Happy Flower","Nilry\u0027s Codex","Symbiotic Virus","Art of War","Fusion Hammer","Anchor","Bottled Tornado","Bird Faced Urn","Strawberry","Boot","Peace Pipe"],"potions_floor_usage":[16,21,21,44,46,50],"damage_taken":[{"damage":5,"enemies":"2 Louse","floor":1,"turns":3},{"damage":20,"enemies":"3 Sentries","floor":6,"turns":8},{"damage":1,"enemies":"Jaw Worm","floor":7,"turns":3},{"damage":30,"enemies":"Gremlin Nob","floor":8,"turns":5},{"damage":10,"enemies":"Small Slimes","floor":14,"turns":3},{"damage":10,"enemies":"Hexaghost","floor":16,"turns":9},{"damage":2,"enemies":"Shell Parasite","floor":18,"turns":6},{"damage":20,"enemies":"Spheric Guardian","floor":20,"turns":3},{"damage":4,"enemies":"3 Cultists","floor":21,"turns":4},{"damage":23,"enemies":"Gremlin Leader","floor":24,"turns":4},{"damage":13,"enemies":"Snake Plant","floor":25,"turns":4},{"damage":15,"enemies":"Centurion and Healer","floor":27,"turns":3},{"damage":24,"enemies":"Cultist and Chosen","floor":28,"turns":4},{"damage":1,"enemies":"Sentry and Sphere","floor":31,"turns":4},{"damage":26,"enemies":"Collector","floor":33,"turns":7},{"damage":13,"enemies":"Orb Walker","floor":35,"turns":3},{"damage":2,"enemies":"3 Shapes","floor":36,"turns":4},{"damage":16,"enemies":"Maw","floor":38,"turns":6},{"damage":0,"enemies":"4 Shapes","floor":39,"turns":3},{"damage":48,"enemies":"Giant Head","floor":40,"turns":8},{"damage":14,"enemies":"Reptomancer","floor":42,"turns":5},{"damage":53,"enemies":"Spire Growth","floor":44,"turns":4},{"damage":8,"enemies":"3 Darklings","floor":46,"turns":2},{"damage":0,"enemies":"4 Shapes","floor":47,"turns":1},{"damage":26,"enemies":"Spire Growth","floor":48,"turns":3},{"damage":90,"enemies":"Awakened One","floor":50,"turns":4}],"seed_played":"-5624683764881196478","potions_obtained":[{"floor":1,"key":"Dexterity Potion"},{"floor":8,"key":"Explosive Potion"},{"floor":14,"key":"Regen Potion"},{"floor":18,"key":"Fire Potion"},{"floor":25,"key":"LiquidBronze"},{"floor":27,"key":"Regen Potion"},{"floor":28,"key":"EssenceOfSteel"},{"floor":38,"key":"Explosive Potion"},{"floor":44,"key":"Strength Potion"},{"floor":46,"key":"Strength Potion"}],"is_trial":false,"path_per_floor":["?","?","T","?","?","M","$","?","?"],"character_chosen":"DEFECT","items_purchased":["Shovel","Loop+1","Self Repair+1","Anchor"],"campfire_rested":1,"item_purchase_floors":[12,12,22,37],"current_hp_per_floor":[63,63,49,49,49,29,35,12,12,32,29,29,29,26,26,38,68,68,68,55,58,58,58,52,56,56,58,63,47,47,56,56,59,68,68,68,68,68,68,49,49,75,75,73,73,74,75,59,59,0],"gold":171,"neow_bonus":"ONE_RARE_RELIC","is_prod":false,"is_daily":false,"chose_seed":false,"campfire_upgraded":0,"win_rate":0,"timestamp":1550457090,"path_taken":["M","$","?","?","?","E","M","E","T","R","?","$","R","M","R","BOSS","M","?","M","?","?","R","E","M","T","M","M","?","R","M","R","BOSS","M","M","$","M","M","E","R","E","T","M","?","M","M","M","R","BOSS"],"build_version":"2019-01-23","purchased_purges":3,"victory":false,"max_hp_per_floor":[68,68,68,68,68,68,68,68,68,68,68,68,68,68,68,68,68,68,68,68,68,68,68,68,68,68,68,68,68,68,68,68,68,68,68,68,68,68,68,68,68,75,75,75,75,75,75,75,75,75],"card_choices":[{"not_picked":["Compile Driver","Reinforced Body"],"picked":"Gash","floor":1},{"not_picked":["Consume","Auto Shields"],"picked":"Self Repair","floor":6},{"not_picked":["Redo","Reinforced Body"],"picked":"Conserve Battery","floor":7},{"not_picked":["Ball Lightning","Core Surge"],"picked":"Static Discharge","floor":8},{"not_picked":["Sweeping Beam","Turbo"],"picked":"Conserve Battery","floor":14},{"not_picked":["Fission","Multi-Cast"],"picked":"Electrodynamics+1","floor":16},{"not_picked":["Double Energy","Barrage","Sweeping Beam"],"picked":"SKIP","floor":18},{"not_picked":["Barrage","Stack"],"picked":"Genetic Algorithm","floor":20},{"not_picked":["Scrape","Doom and Gloom"],"picked":"Static Discharge+1","floor":21},{"not_picked":["Streamline+1","Redo","Recycle"],"picked":"SKIP","floor":24},{"not_picked":["Glacier","Cold Snap","Sweeping Beam"],"picked":"SKIP","floor":25},{"not_picked":["Stack","Cold Snap+1","Steam"],"picked":"SKIP","floor":27},{"not_picked":["Beam Cell","Gash"],"picked":"Sunder","floor":28},{"not_picked":["Steam","Streamline"],"picked":"FTL","floor":31},{"not_picked":["Meteor Strike","Rainbow"],"picked":"Echo Form+1","floor":33},{"not_picked":["Genetic Algorithm+1","Sweeping Beam+1"],"picked":"Force Field+1","floor":35},{"not_picked":["Stack+1","Recycle","Darkness+1"],"picked":"SKIP","floor":36},{"not_picked":["White Noise","Hello World+1"],"picked":"Gash+1","floor":38},{"not_picked":["Rebound+1","Cold Snap","Go for the Eyes+1"],"picked":"SKIP","floor":39},{"not_picked":["All For One","Hello World+1"],"picked":"Loop+1","floor":40},{"not_picked":["Tempest+1","Genetic Algorithm"],"picked":"Gash","floor":42},{"not_picked":["Hello World+1","Rebound"],"picked":"Ball Lightning+1","floor":44},{"not_picked":["Turbo+1","Chaos","Conserve Battery"],"picked":"SKIP","floor":46},{"not_picked":["Chill+1","Conserve Battery"],"picked":"Electrodynamics+1","floor":47},{"not_picked":["Cold Snap+1","Beam Cell","Recycle"],"picked":"SKIP","floor":48}],"player_experience":486205,"relics_obtained":[{"floor":5,"key":"Omamori"},{"floor":6,"key":"Lantern"},{"floor":8,"key":"Ornamental Fan"},{"floor":9,"key":"Frozen Egg 2"},{"floor":13,"key":"Turnip"},{"floor":15,"key":"Bronze Scales"},{"floor":23,"key":"Matryoshka"},{"floor":24,"key":"Meat on the Bone"},{"floor":26,"key":"Happy Flower"},{"floor":29,"key":"Nilry\u0027s Codex"},{"floor":30,"key":"Symbiotic Virus"},{"floor":32,"key":"Art of War"},{"floor":40,"key":"Bottled Tornado"},{"floor":41,"key":"Bird Faced Urn"},{"floor":42,"key":"Strawberry"},{"floor":43,"key":"Boot"},{"floor":43,"key":"Peace Pipe"}],"event_choices":[{"damage_healed":0,"gold_gain":0,"player_choice":"Entered Light","damage_taken":14,"max_hp_gain":0,"max_hp_loss":0,"event_name":"Shining Light","floor":3,"gold_loss":0,"cards_upgraded":["Zap","Gash"]},{"damage_healed":0,"gold_gain":0,"player_choice":"Ignored","damage_taken":0,"max_hp_gain":0,"max_hp_loss":0,"event_name":"Liars Game","floor":4,"gold_loss":0},{"damage_healed":0,"gold_gain":0,"player_choice":"Success","damage_taken":3,"relics_obtained":["Bag of Preparation"],"max_hp_gain":0,"max_hp_loss":0,"event_name":"Scrap Ooze","floor":11,"gold_loss":0},{"cards_removed":["Defend_B"],"damage_healed":0,"gold_gain":0,"player_choice":"Purged","damage_taken":0,"max_hp_gain":0,"max_hp_loss":0,"event_name":"Purifier","floor":19,"gold_loss":0},{"damage_healed":0,"gold_gain":0,"player_choice":"Obtained Book","damage_taken":16,"max_hp_gain":0,"max_hp_loss":0,"event_name":"Cursed Tome","floor":29,"gold_loss":0},{"cards_removed":["Strike_B"],"damage_healed":0,"gold_gain":0,"player_choice":"Removed Attack","damage_taken":0,"max_hp_gain":0,"max_hp_loss":0,"event_name":"Falling","floor":45,"gold_loss":0}],"is_beta":false,"boss_relics":[{"not_picked":["Astrolabe","Sozu"],"picked":"Inserter"},{"not_picked":["Pandora\u0027s Box","White Beast Statue"],"picked":"Fusion Hammer"}],"items_purged_floors":[2,22,37],"is_endless":false,"potions_floor_spawned":[1,8,14,18,25,27,28,31,38,42,44,46],"killed_by":"Awakened One","ascension_level":0}