{"gold_per_floor":[111,111,81,104,119,159,178,214,264,285,285,324,154,175,175,294,294,318,318,2,16,16],"floor_reached":22,"playtime":947,"items_purged":[],"score":247,"play_id":"06fe0a2a-39a4-4c55-8424-91c1354b99e0","local_time":"20180906221058","is_ascension_mode":true,"campfire_choices":[{"floor":15,"key":"REST"}],"neow_cost":"","seed_source_timestamp":96660774983239,"circlet_count":0,"master_deck":["Strike_R","Strike_R","Strike_R","Defend_R","Defend_R","Defend_R","Bash","Flex","Injury","Warcry","Ghostly Armor","Carnage","Heavy Blade","Intimidate","Bludgeon","Parasite","Cleave","Thunderclap","Cleave","Immolate","Power Through+1","Armaments+1","Searing Blow+1","Cleave","Thunderclap","Flex","Sword Boomerang+1"],"relics":["Burning Blood","Golden Idol","Anchor","Bottled Flame","Art of War","Smiling Mask","Regal Pillow","Astrolabe","Ornamental Fan"],"potions_floor_usage":[6,6,8,8,16,21],"damage_taken":[{"damage":4,"enemies":"Jaw Worm","floor":1,"turns":4},{"damage":13,"enemies":"2 Louse","floor":4,"turns":3},{"damage":5,"enemies":"Small Slimes","floor":5,"turns":3},{"damage":35,"enemies":"3 Sentries","floor":6,"turns":12},{"damage":0,"enemies":"Blue Slaver","floor":7,"turns":2},{"damage":21,"enemies":"Gremlin Nob","floor":8,"turns":5},{"damage":13,"enemies":"Red Slaver","floor":10,"turns":4},{"damage":30,"enemies":"3 Sentries","floor":12,"turns":9},{"damage":0,"enemies":"3 Louse","floor":14,"turns":3},{"damage":77,"enemies":"Slime Boss","floor":16,"turns":11},{"damage":38,"enemies":"Shell Parasite","floor":18,"turns":6},{"damage":12,"enemies":"3 Byrds","floor":21,"turns":2},{"damage":45,"enemies":"Centurion and Healer","floor":22,"turns":7}],"seed_played":"4026264851117062378","potions_obtained":[{"floor":1,"key":"SteroidPotion"},{"floor":3,"key":"Regen Potion"},{"floor":3,"key":"SkillPotion"},{"floor":4,"key":"LiquidBronze"},{"floor":7,"key":"Weak Potion"},{"floor":12,"key":"GamblersBrew"},{"floor":18,"key":"LiquidBronze"}],"is_trial":false,"path_per_floor":["M","?","?","M","M","E","M","E","T","M","?","E","$","M","R","B",null,"M","?","$","M"],"character_chosen":"IRONCLAD","items_purchased":["Regal Pillow","Thunderclap","Thunderclap","Flex","Ornamental Fan"],"campfire_rested":1,"item_purchase_floors":[13,13,20,20,20],"current_hp_per_floor":[80,80,80,73,74,60,66,51,51,44,64,40,40,46,80,9,80,48,48,48,42,0],"gold":16,"neow_bonus":"","is_prod":false,"is_daily":false,"chose_seed":false,"campfire_upgraded":0,"win_rate":0,"timestamp":1536293458,"path_taken":["M","?","?","M","M","E","M","E","T","?","?","E","$","M","R","BOSS","M","?","$","?","M"],"build_version":"2018-09-06","purchased_purges":0,"victory":false,"max_hp_per_floor":[80,80,80,80,80,80,80,80,80,80,80,80,80,80,80,80,80,80,80,80,80,80],"card_choices":[{"not_picked":["Heavy Blade","Clothesline"],"picked":"Flex","floor":1},{"not_picked":["Havoc","Rupture"],"picked":"Warcry","floor":4},{"not_picked":["Cleave","Berserk"],"picked":"Ghostly Armor","floor":5},{"not_picked":["Iron Wave","Headbutt"],"picked":"Carnage","floor":6},{"not_picked":["Iron Wave","Havoc"],"picked":"Heavy Blade","floor":7},{"not_picked":["Clothesline","Blood for Blood"],"picked":"Intimidate","floor":8},{"not_picked":["Burning Pact","Twin Strike"],"picked":"Bludgeon","floor":10},{"not_picked":["Headbutt","Wild Strike"],"picked":"Cleave","floor":12},{"not_picked":["Entrench","Anger"],"picked":"Cleave","floor":14},{"not_picked":["Dark Embrace","Exhume"],"picked":"Immolate","floor":16},{"not_picked":["Anger","Carnage"],"picked":"Cleave","floor":18},{"not_picked":["Twin Strike","Clash"],"picked":"Sword Boomerang+1","floor":21}],"player_experience":479113,"relics_obtained":[{"floor":6,"key":"Anchor"},{"floor":8,"key":"Bottled Flame"},{"floor":9,"key":"Art of War"},{"floor":12,"key":"Smiling Mask"}],"event_choices":[{"event_name":"Golden Idol","player_choice":"Take Wound","floor":2,"damage_taken":0},{"event_name":"The Woman in Blue","player_choice":"Bought 2 Potions","floor":3,"damage_taken":0},{"event_name":"Mushrooms","player_choice":"Healed and dodged fight","floor":11,"damage_taken":0},{"event_name":"Fountain of Cleansing","player_choice":"Ignored","floor":19,"damage_taken":0}],"is_beta":false,"boss_relics":[{"not_picked":["Velvet Choker","Lizard Tail"],"picked":"Astrolabe"}],"items_purged_floors":[],"is_endless":false,"potions_floor_spawned":[1,4,7,12,18],"killed_by":"Centurion and Healer","ascension_level":4}