{"gold_per_floor":[112,127,140,152,170,170,198,198,223,223,254,266,5,5,5,133,133,152,152,152,165,183,226,240,259,259,259,286,323,354,387,399,411],"floor_reached":33,"playtime":1890,"items_purged":[],"score":285,"play_id":"e5d22b22-c37b-4356-81e9-8a8aa6452fff","local_time":"20190316103749","is_ascension_mode":false,"campfire_choices":[{"data":"Anger","floor":6,"key":"SMITH"},{"floor":8,"key":"DIG"},{"floor":10,"key":"DIG"},{"floor":15,"key":"DIG"},{"floor":27,"key":"DIG"},{"floor":32,"key":"REST"}],"neow_cost":"NONE","seed_source_timestamp":39096772540799,"circlet_count":0,"master_deck":["Strike_R","Strike_R","Strike_R","Strike_R+1","Strike_R","Defend_R","Defend_R","Bash+1","Armaments","Anger+1","Shrug It Off","Reaper","Clothesline","Anger","Seeing Red","Twin Strike","Clothesline+1","Twin Strike+1","Rage","Disarm+1","Flex+1","Armaments+1","Warcry+1"],"relics":["Burning Blood","Shovel","Juzu Bracelet","PreservedInsect","Whetstone","Oddly Smooth Stone","Gremlin Horn","Golden Idol","Darkstone Periapt","Lizard Tail","Kunai","Letter Opener","Bottled Lightning","MawBank"],"potions_floor_usage":[7,18,23,25,29,30,31,33],"damage_taken":[{"damage":6,"enemies":"Cultist","floor":1,"turns":3},{"damage":2,"enemies":"2 Louse","floor":2,"turns":3},{"damage":0,"enemies":"Small Slimes","floor":3,"turns":2},{"damage":17,"enemies":"Gremlin Gang","floor":4,"turns":5},{"damage":2,"enemies":"Looter","floor":5,"turns":3},{"damage":21,"enemies":"Lagavulin","floor":7,"turns":5},{"damage":27,"enemies":"Gremlin Nob","floor":11,"turns":4},{"damage":0,"enemies":"2 Fungi Beasts","floor":12,"turns":3},{"damage":33,"enemies":"Slime Boss","floor":16,"turns":10},{"damage":24,"enemies":"2 Thieves","floor":18,"turns":4},{"damage":7,"enemies":"3 Byrds","floor":21,"turns":5},{"damage":15,"enemies":"Snecko","floor":22,"turns":4},{"damage":24,"enemies":"Book of Stabbing","floor":23,"turns":4},{"damage":12,"enemies":"3 Cultists","floor":24,"turns":6},{"damage":15,"enemies":"Snake Plant","floor":25,"turns":3},{"damage":27,"enemies":"Shelled Parasite and Fungi","floor":28,"turns":6},{"damage":19,"enemies":"Sentry and Sphere","floor":29,"turns":5},{"damage":23,"enemies":"Centurion and Healer","floor":30,"turns":5},{"damage":17,"enemies":"Cultist and Chosen","floor":31,"turns":6},{"damage":70,"enemies":"Collector","floor":33,"turns":6}],"seed_played":"6906184346401854160","potions_obtained":[{"floor":1,"key":"SkillPotion"},{"floor":4,"key":"Explosive Potion"},{"floor":12,"key":"Poison Potion"},{"floor":21,"key":"AttackPotion"},{"floor":22,"key":"PowerPotion"},{"floor":24,"key":"Ancient Potion"},{"floor":25,"key":"AttackPotion"},{"floor":30,"key":"Poison Potion"}],"is_trial":false,"path_per_floor":["?","?","?"],"character_chosen":"IRONCLAD","items_purchased":["Gremlin Horn"],"campfire_rested":1,"item_purchase_floors":[13],"current_hp_per_floor":[80,80,80,69,73,73,62,62,62,62,45,51,51,51,51,34,74,56,56,56,67,58,40,46,41,41,41,25,18,38,30,52,0],"gold":411,"neow_bonus":"REMOVE_CARD","is_prod":false,"is_daily":false,"chose_seed":false,"campfire_upgraded":1,"win_rate":0,"timestamp":1552747069,"path_taken":["M","M","M","M","M","R","E","R","T","R","E","M","$","?","R","BOSS","M","?","?","M","M","E","M","M","T","R","M","M","M","M","R","BOSS"],"build_version":"2019-01-23","purchased_purges":0,"victory":false,"max_hp_per_floor":[80,80,80,80,80,80,80,80,80,80,80,80,80,74,74,74,74,74,74,74,74,74,74,74,74,74,74,74,74,74,74,74,74],"card_choices":[{"not_picked":["Headbutt","Twin Strike"],"picked":"Armaments","floor":1},{"not_picked":["Pommel Strike","Sentinel"],"picked":"Anger","floor":2},{"not_picked":["Flex","Combust"],"picked":"Shrug It Off","floor":3},{"not_picked":["Warcry","Wild Strike"],"picked":"Reaper","floor":4},{"not_picked":["Reckless Charge","Wild Strike"],"picked":"Clothesline","floor":5},{"not_picked":["Havoc","Pummel"],"picked":"Anger","floor":7},{"not_picked":["Searing Blow","Limit Break"],"picked":"Seeing Red","floor":11},{"not_picked":["Wild Strike","Thunderclap"],"picked":"Twin Strike","floor":12},{"not_picked":["Body Slam","Twin Strike"],"picked":"Clothesline+1","floor":18},{"not_picked":["True Grit","Dark Embrace"],"picked":"Twin Strike+1","floor":21},{"not_picked":["Perfected Strike","Thunderclap","Heavy Blade"],"picked":"SKIP","floor":22},{"not_picked":["Warcry","Flex"],"picked":"Rage","floor":23},{"not_picked":["Evolve","Flex"],"picked":"Disarm+1","floor":24},{"not_picked":["Metallicize","Clothesline"],"picked":"Flex+1","floor":25},{"not_picked":["Havoc","Headbutt","Infernal Blade"],"picked":"SKIP","floor":28},{"not_picked":["Thunderclap","Warcry","Berserk"],"picked":"SKIP","floor":29},{"not_picked":["Thunderclap","Corruption"],"picked":"Armaments+1","floor":30},{"not_picked":["Thunderclap","Brutality"],"picked":"Warcry+1","floor":31}],"player_experience":672948,"relics_obtained":[{"floor":7,"key":"Shovel"},{"floor":8,"key":"Juzu Bracelet"},{"floor":9,"key":"PreservedInsect"},{"floor":10,"key":"Whetstone"},{"floor":11,"key":"Oddly Smooth Stone"},{"floor":15,"key":"Darkstone Periapt"},{"floor":23,"key":"Letter Opener"},{"floor":26,"key":"Bottled Lightning"},{"floor":27,"key":"MawBank"}],"event_choices":[{"damage_healed":0,"gold_gain":0,"player_choice":"Lose Max HP","damage_taken":0,"relics_obtained":["Golden Idol"],"max_hp_gain":0,"max_hp_loss":6,"event_name":"Golden Idol","floor":14,"gold_loss":0},{"damage_healed":0,"gold_gain":0,"player_choice":"Opened","damage_taken":0,"relics_obtained":["Kunai"],"max_hp_gain":0,"max_hp_loss":0,"event_name":"The Mausoleum","floor":19,"gold_loss":0},{"cards_removed":["Defend_R"],"damage_healed":0,"gold_gain":0,"player_choice":"Elegance","damage_taken":0,"max_hp_gain":0,"max_hp_loss":0,"event_name":"Back to Basics","floor":20,"gold_loss":0}],"is_beta":false,"boss_relics":[{"not_picked":["Philosopher\u0027s Stone","Mark of Pain"],"picked":"Lizard Tail"}],"items_purged_floors":[],"is_endless":false,"potions_floor_spawned":[1,4,12,21,22,24,25,30],"killed_by":"Collector","ascension_level":0}