{"gold_per_floor":[15,33,33,33,87,113,131,150,150,150,182,192,212,245,245,345,345,362,362,380,175,185,210,210,8,8,19,19,47,47,0,0,99,99,116,116,129,57,74,105,105,139,139,139],"floor_reached":44,"playtime":2288,"items_purged":[],"score":552,"play_id":"26c2c7ea-9140-4cae-acd1-94fb5d42614f","local_time":"20180820145836","is_ascension_mode":true,"campfire_choices":[{"floor":10,"key":"REST"},{"data":"Armaments","floor":15,"key":"SMITH"},{"floor":24,"key":"REST"},{"data":"RitualDagger","floor":30,"key":"SMITH"},{"floor":32,"key":"REST"},{"floor":41,"key":"REST"}],"neow_cost":"NO_GOLD","seed_source_timestamp":306612885806583,"circlet_count":0,"master_deck":["Bash","Flame Barrier","Pommel Strike","Cleave","Rampage","Sword Boomerang","Flex","Armaments+1","Inflame","Headbutt","Heavy Blade","Intimidate","Immolate","Sword Boomerang+1","Intimidate","Sword Boomerang","Metallicize","Impervious","Uppercut+1","RitualDagger+1","Feed","Reaper","Anger","Wild Strike","Warcry","Shrug It Off","Wild Strike","Flex+1","Twin Strike+1","Metallicize","Flame Barrier","Headbutt+1","Iron Wave+1"],"relics":["Burning Blood","Tiny Chest","Question Card","Mercury Hourglass","Red Skull","Paper Frog","Empty Cage","Meat on the Bone","Lee\u0027s Waffle","Smiling Mask","Lantern","Singing Bowl","Pandora\u0027s Box","Calipers","Shuriken","Kunai","Girya"],"potions_floor_usage":[12,14,18,23,29,29,39,39,40,40,42],"damage_taken":[{"damage":6,"enemies":"Jaw Worm","floor":1,"turns":3},{"damage":0,"enemies":"Small Slimes","floor":2,"turns":4},{"damage":40,"enemies":"Lagavulin","floor":6,"turns":8},{"damage":1,"enemies":"Cultist","floor":7,"turns":3},{"damage":17,"enemies":"Exordium Wildlife","floor":8,"turns":2},{"damage":20,"enemies":"Gremlin Nob","floor":11,"turns":4},{"damage":6,"enemies":"Exordium Thugs","floor":12,"turns":3},{"damage":7,"enemies":"Blue Slaver","floor":13,"turns":3},{"damage":8,"enemies":"3 Sentries","floor":14,"turns":3},{"damage":29,"enemies":"Slime Boss","floor":16,"turns":7},{"damage":15,"enemies":"Shell Parasite","floor":18,"turns":3},{"damage":19,"enemies":"2 Thieves","floor":20,"turns":3},{"damage":29,"enemies":"Centurion and Healer","floor":22,"turns":6},{"damage":43,"enemies":"Book of Stabbing","floor":23,"turns":6},{"damage":25,"enemies":"3 Cultists","floor":27,"turns":4},{"damage":23,"enemies":"Slavers","floor":29,"turns":5},{"damage":57,"enemies":"Champ","floor":33,"turns":11},{"damage":10,"enemies":"3 Shapes","floor":35,"turns":4},{"damage":18,"enemies":"Orb Walker","floor":37,"turns":4},{"damage":18,"enemies":"4 Shapes","floor":39,"turns":4},{"damage":90,"enemies":"Nemesis","floor":40,"turns":11},{"damage":46,"enemies":"2 Orb Walkers","floor":42,"turns":4},{"damage":21,"enemies":"Maw","floor":44,"turns":3}],"seed_played":"-6606950858127672374","potions_obtained":[{"floor":2,"key":"SteroidPotion"},{"floor":6,"key":"Poison Potion"},{"floor":8,"key":"Regen Potion"},{"floor":16,"key":"SneckoOil"},{"floor":22,"key":"SkillPotion"},{"floor":23,"key":"SteroidPotion"},{"floor":37,"key":"EntropicBrew"},{"floor":40,"key":"Ancient Potion"}],"is_trial":false,"path_per_floor":["M","M","?","$","T","E","M","M","T","R","E","M","M","E","R","B",null,"M","?","M","$","M","E","R","$","T","M","?","E","R","?","R","B",null,"M","T","M","$","M","E","R","E","T"],"character_chosen":"IRONCLAD","items_purchased":["Lee\u0027s Waffle","Metallicize","Impervious","Metallicize"],"campfire_rested":4,"item_purchase_floors":[21,25,25,38],"current_hp_per_floor":[80,80,80,80,80,46,51,40,40,64,50,50,49,56,56,33,80,71,71,58,87,64,39,65,65,65,58,52,47,47,47,73,34,87,83,83,78,78,69,21,48,20,20,0],"gold":139,"neow_bonus":"TRANSFORM_TWO_CARDS","is_prod":false,"is_daily":false,"chose_seed":false,"campfire_upgraded":2,"win_rate":0,"timestamp":1534798716,"path_taken":["M","M","?","?","?","E","M","M","T","R","E","M","M","E","R","BOSS","M","?","M","$","M","E","R","?","T","M","?","E","R","?","R","BOSS","M","?","M","?","M","E","R","E","T","?"],"build_version":"2018-08-16","purchased_purges":0,"victory":false,"max_hp_per_floor":[80,80,80,80,80,80,80,80,80,80,80,80,80,80,80,80,80,80,80,80,87,87,87,87,87,87,87,87,87,87,87,87,87,87,87,87,90,90,93,93,93,93,93,93],"card_choices":[{"not_picked":["Warcry","Dual Wield"],"picked":"Cleave","floor":1},{"not_picked":["Wild Strike","Pommel Strike"],"picked":"Rampage","floor":2},{"not_picked":["Clash","Pommel Strike"],"picked":"Sword Boomerang","floor":6},{"not_picked":["Clothesline","Shrug It Off","Sword Boomerang"],"picked":"Flex","floor":7},{"not_picked":["Perfected Strike","Sword Boomerang","Iron Wave"],"picked":"Armaments","floor":8},{"not_picked":["Warcry","Sword Boomerang","Metallicize"],"picked":"Inflame","floor":11},{"not_picked":["Warcry","Anger","Wild Strike"],"picked":"Headbutt","floor":12},{"not_picked":["Dark Embrace","Reckless Charge","Whirlwind"],"picked":"Heavy Blade","floor":13},{"not_picked":["Fire Breathing","Combust","Limit Break"],"picked":"Intimidate","floor":14},{"not_picked":["Double Tap","Juggernaut","Reaper"],"picked":"Immolate","floor":16},{"not_picked":["Havoc","Clothesline","Body Slam+1","True Grit"],"picked":"SKIP","floor":18},{"not_picked":["Heavy Blade","Armaments","Combust"],"picked":"Sword Boomerang+1","floor":20},{"not_picked":["Wild Strike","Clothesline","Burning Pact"],"picked":"Intimidate","floor":22},{"not_picked":["True Grit+1","Sever Soul","Evolve"],"picked":"Sword Boomerang","floor":23},{"not_picked":["Burning Pact","Perfected Strike","Body Slam"],"picked":"Uppercut+1","floor":27},{"not_picked":["Rampage","Evolve+1","Bloodletting"],"picked":"Feed","floor":29},{"not_picked":["Feed","Fiend Fire","Brutality"],"picked":"Reaper","floor":33},{"not_picked":["Havoc","Evolve+1","Wild Strike+1"],"picked":"Flex+1","floor":35},{"not_picked":["Hemokinesis+1","Rampage+1","Dual Wield+1"],"picked":"Twin Strike+1","floor":37},{"not_picked":["True Grit+1","Dual Wield+1","Clothesline"],"picked":"Flame Barrier","floor":39},{"not_picked":["Havoc","Reckless Charge+1","Sword Boomerang"],"picked":"Headbutt+1","floor":40},{"not_picked":["Heavy Blade","Battle Trance","Inflame"],"picked":"Iron Wave+1","floor":42}],"player_experience":281785,"relics_obtained":[{"floor":5,"key":"Tiny Chest"},{"floor":6,"key":"Question Card"},{"floor":9,"key":"Mercury Hourglass"},{"floor":11,"key":"Red Skull"},{"floor":14,"key":"Paper Frog"},{"floor":23,"key":"Smiling Mask"},{"floor":26,"key":"Lantern"},{"floor":29,"key":"Singing Bowl"},{"floor":36,"key":"Calipers"},{"floor":40,"key":"Shuriken"},{"floor":42,"key":"Kunai"},{"floor":43,"key":"Girya"}],"event_choices":[{"event_name":"Golden Wing","player_choice":"Ignored","floor":3,"damage_taken":0},{"event_name":"The Mausoleum","player_choice":"Yes","floor":19,"damage_taken":0},{"event_name":"Nest","player_choice":"Joined the Cult","floor":28,"damage_taken":0},{"event_name":"Masked Bandits","player_choice":"Paid Fearfully","floor":31,"damage_taken":0}],"is_beta":false,"boss_relics":[{"not_picked":["Sozu","Calling Bell"],"picked":"Empty Cage"},{"not_picked":["Mark of Pain","Fusion Hammer"],"picked":"Pandora\u0027s Box"}],"items_purged_floors":[],"is_endless":false,"potions_floor_spawned":[2,6,8,16,22,23,37,40],"killed_by":"Maw","ascension_level":1}