{"gold_per_floor":[117,144,144,159,171,206,218,235,259,259,270,282,282,282,282,377,377,393,424,424,436,351,351,351],"floor_reached":24,"playtime":861,"items_purged":[],"score":277,"play_id":"73c98bcb-5fc7-40c5-9f67-c239e8461dce","local_time":"20190125221143","is_ascension_mode":true,"campfire_choices":[{"floor":10.0,"key":"REST"},{"data":"Sunder","floor":13.0,"key":"SMITH"},{"data":"Glacier","floor":15.0,"key":"SMITH"},{"data":"Seek","floor":23.0,"key":"SMITH"}],"neow_cost":"NONE","seed_source_timestamp":1125166357167824,"circlet_count":0,"master_deck":["Strike_B","Strike_B","Strike_B","Strike_B","Defend_B","Defend_B","Defend_B","Defend_B","Zap","Dualcast","Glacier+1","Decay","Coolheaded","Ball Lightning","Sunder+1","Sweeping Beam","Leap","Self Repair","Seek+1","Leap"],"special_seed":0,"relics":["Eternal Feather","Happy Flower","Bronze Scales","Potion Belt","Nuclear Battery","Red Mask","Dead Branch","Bag of Marbles"],"potions_floor_usage":[],"damage_taken":[{"damage":6.0,"enemies":"Cultist","floor":1.0,"turns":4.0},{"damage":2.0,"enemies":"Jaw Worm","floor":4.0,"turns":5.0},{"damage":15.0,"enemies":"Small Slimes","floor":5.0,"turns":6.0},{"damage":32.0,"enemies":"Gremlin Nob","floor":6.0,"turns":5.0},{"damage":11.0,"enemies":"3 Louse","floor":7.0,"turns":3.0},{"damage":1.0,"enemies":"Blue Slaver","floor":8.0,"turns":4.0},{"damage":4.0,"enemies":"Exordium Thugs","floor":11.0,"turns":6.0},{"damage":0.0,"enemies":"3 Louse","floor":12.0,"turns":2.0},{"damage":34.0,"enemies":"Slime Boss","floor":16.0,"turns":13.0},{"damage":8.0,"enemies":"Chosen","floor":18.0,"turns":5.0},{"damage":33.0,"enemies":"Masked Bandits","floor":19.0,"turns":6.0},{"damage":11.0,"enemies":"3 Byrds","floor":21.0,"turns":3.0},{"damage":8,"enemies":"Centurion and Healer","floor":24,"turns":6}],"seed_played":"-4656577901362794125","potions_obtained":[{"floor":4.0,"key":"Weak Potion"},{"floor":6.0,"key":"Ancient Potion"},{"floor":8.0,"key":"PowerPotion"},{"floor":16.0,"key":"EssenceOfSteel"},{"floor":19.0,"key":"SpeedPotion"}],"is_trial":false,"path_per_floor":["M","T","?","M","M","E","M","M","T","R","M","M","R","?","R","B",null,"M","?","?","M","?","R","M"],"character_chosen":"DEFECT","items_purchased":[],"campfire_rested":1,"item_purchase_floors":[],"current_hp_per_floor":[62,62,62,60,45,13,2,1,1,32,28,35,44,44,53,26,63,62,36,36,25,25,37,29],"gold":351,"neow_bonus":"BOSS_RELIC","is_prod":false,"is_daily":false,"chose_seed":false,"campfire_upgraded":3,"win_rate":0,"timestamp":1548483103,"path_taken":["M","?","?","?","M","E","M","M","T","R","M","M","R","?","R","BOSS","M","?","?","?","?","R","M"],"build_version":"2019-01-23","purchased_purges":0,"victory":false,"max_hp_per_floor":[75,75,75,75,75,75,75,75,75,75,75,75,75,75,75,75,75,75,75,75,75,75,75,75],"card_choices":[{"not_picked":["Ball Lightning","Sweeping Beam"],"picked":"Glacier","floor":1.0},{"not_picked":["Rebound","Stack"],"picked":"Coolheaded","floor":4.0},{"not_picked":["Fission","Steam"],"picked":"Ball Lightning","floor":5.0},{"not_picked":["Reprogram","Compile Driver"],"picked":"Sunder","floor":6.0},{"not_picked":["Streamline","Rebound"],"picked":"Sweeping Beam","floor":7.0},{"not_picked":["Conserve Battery","Scrape"],"picked":"Leap","floor":8.0},{"not_picked":["Heatsinks","Reinforced Body"],"picked":"Self Repair","floor":11.0},{"not_picked":["Lockon","Redo","Storm"],"picked":"SKIP","floor":12.0},{"not_picked":["Creative AI","Fission"],"picked":"Seek","floor":16.0},{"not_picked":["Beam Cell","Gash","Undo"],"picked":"SKIP","floor":18.0},{"not_picked":["Tempest","Steam Power+1"],"picked":"Leap","floor":19.0},{"not_picked":["Go for the Eyes","Reinforced Body","Barrage"],"picked":"SKIP","floor":21.0}],"player_experience":309590,"relics_obtained":[{"floor":2.0,"key":"Happy Flower"},{"floor":6.0,"key":"Bronze Scales"},{"floor":9.0,"key":"Potion Belt"},{"floor":19.0,"key":"Red Mask"}],"event_choices":[{"damage_healed":0.0,"max_hp_gain":0.0,"max_hp_loss":0.0,"gold_gain":0.0,"event_name":"Wheel of Change","player_choice":"Cursed","floor":3.0,"gold_loss":0.0,"damage_taken":0.0,"cards_obtained":["Decay"]},{"damage_healed":0.0,"max_hp_gain":0.0,"max_hp_loss":0.0,"gold_gain":0.0,"event_name":"Dead Adventurer","player_choice":"Searched \u00270\u0027 times","floor":14.0,"gold_loss":0.0,"damage_taken":0.0},{"damage_healed":0.0,"max_hp_gain":0.0,"max_hp_loss":0.0,"gold_gain":0.0,"event_name":"Masked Bandits","player_choice":"Fought Bandits","floor":19.0,"gold_loss":0.0,"damage_taken":0.0},{"damage_healed":0.0,"max_hp_gain":0.0,"max_hp_loss":0.0,"gold_gain":0.0,"event_name":"WeMeetAgain","player_choice":"Gave Potion","floor":20.0,"gold_loss":0.0,"damage_taken":0.0,"relics_obtained":["Dead Branch"]},{"damage_healed":0.0,"max_hp_gain":0.0,"max_hp_loss":0.0,"gold_gain":0.0,"event_name":"Addict","player_choice":"Obtained Relic","floor":22.0,"gold_loss":85.0,"damage_taken":0.0,"relics_obtained":["Bag of Marbles"]}],"is_beta":false,"boss_relics":[{"not_picked":["Black Star","Orrery"],"picked":"Nuclear Battery"}],"items_purged_floors":[],"is_endless":false,"potions_floor_spawned":[4,6,8,16,19],"killed_by":"Centurion and Healer","ascension_level":8}