{"gold_per_floor":[115,125,50,67,79,105,105,124,173,206,216,227,243,278,278,278],"floor_reached":16,"playtime":827,"items_purged":["Strike_R"],"score":221,"play_id":"0423e91f-c463-4be5-88f4-065f87a8cff9","local_time":"20190405211357","is_ascension_mode":true,"campfire_choices":[{"data":"Uppercut","floor":7,"key":"SMITH"},{"data":"True Grit","floor":15,"key":"SMITH"}],"neow_cost":"NONE","seed_source_timestamp":1806323097912119,"circlet_count":0,"master_deck":["AscendersBane","Strike_R","Strike_R","Strike_R","Strike_R","Defend_R+1","Defend_R","Defend_R","Defend_R+1","Bash","Twin Strike","Uppercut+1","True Grit+1","Carnage","Headbutt","Offering","Feel No Pain","Impervious","Shrug It Off"],"relics":["Burning Blood","War Paint","Question Card","Orichalcum","Singing Bowl","Boot"],"potions_floor_usage":[10,11],"damage_taken":[{"damage":0,"enemies":"Cultist","floor":1,"turns":3},{"damage":0,"enemies":"2 Louse","floor":2,"turns":3},{"damage":2,"enemies":"Jaw Worm","floor":4,"turns":3},{"damage":10,"enemies":"Red Slaver","floor":5,"turns":3},{"damage":32,"enemies":"Gremlin Nob","floor":6,"turns":4},{"damage":0,"enemies":"3 Louse","floor":8,"turns":4},{"damage":20,"enemies":"Lagavulin","floor":10,"turns":5},{"damage":8,"enemies":"Gremlin Gang","floor":11,"turns":4},{"damage":13,"enemies":"Exordium Wildlife","floor":12,"turns":5},{"damage":7,"enemies":"3 Louse","floor":13,"turns":3},{"damage":8,"enemies":"3 Sentries","floor":14,"turns":8},{"damage":30,"enemies":"Hexaghost","floor":16,"turns":9}],"seed_played":"-7952309846665937772","potions_obtained":[{"floor":2,"key":"Poison Potion"},{"floor":4,"key":"FearPotion"},{"floor":10,"key":"Strength Potion"},{"floor":14,"key":"SteroidPotion"}],"is_trial":false,"path_per_floor":["M"],"character_chosen":"IRONCLAD","items_purchased":[],"campfire_rested":0,"item_purchase_floors":[],"current_hp_per_floor":[74,75,75,75,71,45,45,51,51,39,37,32,31,29,29,0],"gold":278,"neow_bonus":"RANDOM_COMMON_RELIC","is_prod":false,"is_daily":false,"chose_seed":false,"campfire_upgraded":2,"win_rate":0,"timestamp":1554513237,"path_taken":["M","M","$","M","M","E","R","M","T","E","?","M","M","E","R","BOSS"],"build_version":"2019-01-23","purchased_purges":1,"victory":false,"max_hp_per_floor":[75,75,75,75,75,75,75,75,75,77,77,79,79,79,79,79],"card_choices":[{"not_picked":["Cleave","Sword Boomerang"],"picked":"Twin Strike","floor":1},{"not_picked":["Anger","Sword Boomerang"],"picked":"Uppercut","floor":2},{"not_picked":["Sword Boomerang","Havoc"],"picked":"True Grit","floor":4},{"not_picked":["Perfected Strike","Body Slam"],"picked":"Carnage","floor":5},{"not_picked":["Havoc","Dual Wield"],"picked":"Headbutt","floor":6},{"not_picked":["Inflame","Carnage","True Grit"],"picked":"Offering","floor":8},{"not_picked":["Searing Blow","Power Through","Pommel Strike","Perfected Strike"],"picked":"Singing Bowl","floor":10},{"not_picked":["Inflame","Sentinel","True Grit"],"picked":"Feel No Pain","floor":11},{"not_picked":["Perfected Strike","Infernal Blade","Cleave","Dual Wield"],"picked":"Singing Bowl","floor":12},{"not_picked":["Power Through","Sword Boomerang","Twin Strike"],"picked":"Impervious","floor":13},{"not_picked":["Pommel Strike","Wild Strike","Iron Wave"],"picked":"Shrug It Off","floor":14}],"player_experience":1534049,"relics_obtained":[{"floor":6,"key":"Question Card"},{"floor":9,"key":"Orichalcum"},{"floor":10,"key":"Singing Bowl"},{"floor":14,"key":"Boot"}],"event_choices":[],"is_beta":false,"boss_relics":[],"items_purged_floors":[3],"is_endless":false,"potions_floor_spawned":[2,4,8,10,14],"killed_by":"Hexaghost","ascension_level":15}