{"gold_per_floor":[117,129,139,156,170,198,198,213,213,232,259,278,290,315,315,390,390,379,379,135,135,151,182,182,193,216,216,227,252,0,35,35,35],"floor_reached":33,"playtime":3186,"items_purged":[],"score":571,"play_id":"8bf3f098-2371-4649-abb2-5a4f9d2ca580","local_time":"20190401220748","is_ascension_mode":true,"campfire_choices":[{"data":"Neutralize","floor":7,"key":"SMITH"},{"floor":15,"key":"REST"},{"data":"Deadly Poison","floor":24,"key":"SMITH"},{"floor":27,"key":"REST"},{"floor":32,"key":"REST"}],"neow_cost":"NONE","seed_source_timestamp":1461595260021980,"circlet_count":0,"master_deck":["AscendersBane","Defend_G+1","Defend_G+1","Defend_G+1","Defend_G+1","Defend_G+1","Strike_G+1","Strike_G+1","Strike_G+1","Strike_G+1","Strike_G+1","Survivor","Neutralize+1","Catalyst","All Out Attack","Deadly Poison+1","Sucker Punch","PiercingWail","Poisoned Stab","Deadly Poison","Backstab","Malaise","Adrenaline","Backflip","Skewer","Wraith Form v2","Skewer","Adrenaline"],"relics":["Ring of the Serpent","Question Card","Bottled Flame","Singing Bowl","Chemical X","Smiling Mask","Dream Catcher","Bottled Lightning","Bag of Preparation","Art of War"],"potions_floor_usage":[4,4,16,29,33],"damage_taken":[{"damage":0,"enemies":"Jaw Worm","floor":1,"turns":6},{"damage":0,"enemies":"2 Louse","floor":2,"turns":3},{"damage":0,"enemies":"Cultist","floor":3,"turns":4},{"damage":0,"enemies":"Looter","floor":4,"turns":2},{"damage":0,"enemies":"Lots of Slimes","floor":5,"turns":1},{"damage":30,"enemies":"3 Sentries","floor":6,"turns":13},{"damage":5,"enemies":"Blue Slaver","floor":8,"turns":4},{"damage":0,"enemies":"Looter","floor":10,"turns":4},{"damage":4,"enemies":"Gremlin Nob","floor":11,"turns":3},{"damage":8,"enemies":"Exordium Wildlife","floor":12,"turns":6},{"damage":0,"enemies":"3 Louse","floor":13,"turns":3},{"damage":16,"enemies":"3 Sentries","floor":14,"turns":6},{"damage":21,"enemies":"Hexaghost","floor":16,"turns":9},{"damage":14,"enemies":"2 Thieves","floor":18,"turns":4},{"damage":8,"enemies":"Chosen","floor":22,"turns":4},{"damage":22,"enemies":"Gremlin Leader","floor":23,"turns":8},{"damage":3,"enemies":"Snake Plant","floor":25,"turns":5},{"damage":1,"enemies":"Chosen and Byrds","floor":28,"turns":6},{"damage":9,"enemies":"Book of Stabbing","floor":29,"turns":7},{"damage":18,"enemies":"Slavers","floor":31,"turns":9},{"damage":74,"enemies":"Automaton","floor":33,"turns":14}],"seed_played":"-3732824874079942339","potions_obtained":[{"floor":1,"key":"SteroidPotion"},{"floor":2,"key":"Strength Potion"},{"floor":8,"key":"PowerPotion"},{"floor":10,"key":"Strength Potion"},{"floor":18,"key":"PowerPotion"},{"floor":31,"key":"GhostInAJar"}],"is_trial":false,"path_per_floor":["?","?"],"character_chosen":"THE_SILENT","items_purchased":["Chemical X","Skewer","Bag of Preparation","FairyPotion"],"campfire_rested":3,"item_purchase_floors":[20,20,30,30],"current_hp_per_floor":[70,70,70,70,70,40,40,35,35,35,31,23,23,7,30,11,62,50,50,50,50,44,22,22,21,21,46,47,40,40,24,51,0],"gold":35,"neow_bonus":"TEN_PERCENT_HP_BONUS","is_prod":false,"is_daily":false,"chose_seed":false,"campfire_upgraded":2,"win_rate":0,"timestamp":1554170868,"path_taken":["M","M","M","M","M","E","R","M","T","M","E","M","M","E","R","BOSS","M","?","$","?","M","E","R","M","T","R","M","E","$","E","R","BOSS"],"build_version":"2019-01-23","purchased_purges":0,"victory":false,"max_hp_per_floor":[77,77,77,77,77,77,77,77,77,77,77,77,77,77,77,79,79,81,81,81,81,83,83,83,85,85,85,87,89,89,91,91,91],"card_choices":[{"not_picked":["Deflect","Tactician"],"picked":"Catalyst","floor":1},{"not_picked":["Blade Dance","Dagger Throw"],"picked":"All Out Attack","floor":2},{"not_picked":["Prepared","Acrobatics"],"picked":"Deadly Poison","floor":3},{"not_picked":["Finisher","Acrobatics"],"picked":"Sucker Punch","floor":4},{"not_picked":["Concentrate","Dodge and Roll"],"picked":"PiercingWail","floor":5},{"not_picked":["Bane","Acrobatics"],"picked":"Poisoned Stab","floor":6},{"not_picked":["Poisoned Stab","Acrobatics","Blur"],"picked":"Deadly Poison","floor":8},{"not_picked":["Quick Slash","Blade Dance","Acrobatics"],"picked":"Backstab","floor":10},{"not_picked":["Escape Plan","Quick Slash","Deflect"],"picked":"Malaise","floor":11},{"not_picked":["Eviscerate","Predator","Flechettes","Bane"],"picked":"SKIP","floor":12},{"not_picked":["Poisoned Stab","Deflect","Outmaneuver"],"picked":"Adrenaline","floor":13},{"not_picked":["Sucker Punch","Cloak And Dagger","Bane"],"picked":"Backflip","floor":14},{"not_picked":["Die Die Die","Phantasmal Killer","Tools of the Trade","Venomology"],"picked":"Singing Bowl","floor":16},{"not_picked":["Dodge and Roll","Dagger Throw+1","Sucker Punch","Outmaneuver+1"],"picked":"Singing Bowl","floor":18},{"not_picked":["Sucker Punch","Dagger Throw","Poisoned Stab","Deadly Poison"],"picked":"Singing Bowl","floor":22},{"not_picked":["Cloak And Dagger","Caltrops","Dodge and Roll"],"picked":"Wraith Form v2","floor":23},{"not_picked":["Reflex","Heel Hook","Predator","Riddle With Holes"],"picked":"Singing Bowl","floor":25},{"not_picked":["Prepared","Poisoned Stab","Quick Slash"],"picked":"Skewer","floor":27},{"not_picked":["Calculated Gamble","Deadly Poison","Caltrops","Dagger Throw"],"picked":"Singing Bowl","floor":28},{"not_picked":["Flying Knee","Flechettes","Prepared+1","Poisoned Stab"],"picked":"Singing Bowl","floor":29},{"not_picked":["Prepared","Outmaneuver","Terror","Infinite Blades"],"picked":"Singing Bowl","floor":31},{"not_picked":["PiercingWail","Concentrate","Slice"],"picked":"Adrenaline","floor":32}],"player_experience":1387522,"relics_obtained":[{"floor":6,"key":"Question Card"},{"floor":11,"key":"Bottled Flame"},{"floor":14,"key":"Singing Bowl"},{"floor":23,"key":"Smiling Mask"},{"floor":26,"key":"Dream Catcher"},{"floor":29,"key":"Bottled Lightning"},{"floor":31,"key":"Art of War"}],"event_choices":[{"damage_healed":0,"gold_gain":0,"player_choice":"Simplicity","damage_taken":0,"max_hp_gain":0,"max_hp_loss":0,"event_name":"Back to Basics","floor":19,"gold_loss":0,"cards_upgraded":["Defend_G","Defend_G","Defend_G","Defend_G","Defend_G","Strike_G","Strike_G","Strike_G","Strike_G","Strike_G"]},{"damage_healed":0,"gold_gain":0,"player_choice":"Ignored","damage_taken":0,"max_hp_gain":0,"max_hp_loss":0,"event_name":"Vampires","floor":21,"gold_loss":0}],"is_beta":false,"boss_relics":[{"not_picked":["Black Star","HoveringKite"],"picked":"Ring of the Serpent"}],"items_purged_floors":[],"is_endless":false,"potions_floor_spawned":[1,2,8,10,12,18,23,31],"killed_by":"Automaton","ascension_level":13}