{"gold_per_floor":[118,43,60,135,135,166,176,176,202,220,220,270,270,288,288,392,392,406,426,436,46,64,64,95,95,171,206,305,305,320,28,28,132,132,148,165,5,5,227,254,272,272,349,349,383,383,483,501,501,501],"floor_reached":50,"playtime":4803,"items_purged":["Strike_G","Strike_G","Strike_G","Strike_G"],"score":622,"play_id":"4fe225d6-fcce-4ad0-9ce3-04bc12c1890f","local_time":"20190407190756","is_ascension_mode":true,"campfire_choices":[{"data":"Footwork","floor":8,"key":"SMITH"},{"data":"Noxious Fumes","floor":13,"key":"SMITH"},{"data":"Neutralize","floor":15,"key":"SMITH"},{"data":"Calculated Gamble","floor":23,"key":"SMITH"},{"data":"Caltrops","floor":25,"key":"SMITH"},{"floor":32,"key":"REST"},{"floor":42,"key":"REST"},{"floor":44,"key":"REST"},{"floor":46,"key":"REST"},{"data":"Footwork","floor":49,"key":"SMITH"}],"neow_cost":"NONE","seed_source_timestamp":715294961613800,"circlet_count":0,"master_deck":["Defend_G","Defend_G","Defend_G","Defend_G","Defend_G","Survivor","Neutralize+1","Noxious Fumes+1","Footwork+1","Calculated Gamble+1","Bouncing Flask","Cloak And Dagger+1","Leg Sweep","Caltrops+1","Backstab+1","Noxious Fumes","Well Laid Plans","Backstab+1","Footwork+1","Well Laid Plans","Flechettes+1","Finesse","Concentrate","Dash+1","Setup+1","Blade Dance+1"],"relics":["Ring of the Snake","NeowsBlessing","Anchor","Omamori","Smiling Mask","Sozu","ClockworkSouvenir","Molten Egg 2","Red Mask","Strawberry","TwistedFunnel","WristBlade","Mummified Hand","Mercury Hourglass","Regal Pillow","Prayer Wheel"],"potions_floor_usage":[10,18,20,24],"damage_taken":[{"damage":0,"enemies":"Jaw Worm","floor":1,"turns":1},{"damage":0,"enemies":"Small Slimes","floor":3,"turns":1},{"damage":0,"enemies":"3 Sentries","floor":6,"turns":2},{"damage":0,"enemies":"2 Louse","floor":7,"turns":3},{"damage":18,"enemies":"Lots of Slimes","floor":10,"turns":5},{"damage":6,"enemies":"2 Fungi Beasts","floor":14,"turns":4},{"damage":4,"enemies":"Hexaghost","floor":16,"turns":8},{"damage":3,"enemies":"Spheric Guardian","floor":18,"turns":3},{"damage":0,"enemies":"Chosen","floor":19,"turns":4},{"damage":10,"enemies":"Snake Plant","floor":20,"turns":4},{"damage":0,"enemies":"Snecko","floor":22,"turns":6},{"damage":7,"enemies":"Gremlin Leader","floor":24,"turns":7},{"damage":23,"enemies":"Masked Bandits","floor":27,"turns":4},{"damage":3,"enemies":"3 Cultists","floor":30,"turns":5},{"damage":2,"enemies":"Automaton","floor":33,"turns":11},{"damage":27,"enemies":"3 Darklings","floor":35,"turns":5},{"damage":2,"enemies":"Orb Walker","floor":36,"turns":4},{"damage":23,"enemies":"Reptomancer","floor":40,"turns":8},{"damage":10,"enemies":"Maw","floor":41,"turns":8},{"damage":42,"enemies":"Nemesis","floor":45,"turns":7},{"damage":0,"enemies":"Mind Bloom Boss Battle","floor":47,"turns":6},{"damage":3,"enemies":"3 Darklings","floor":48,"turns":4},{"damage":54,"enemies":"Time Eater","floor":50,"turns":10}],"seed_played":"-1078489041446080331","potions_obtained":[{"floor":1,"key":"FearPotion"},{"floor":6,"key":"SteroidPotion"},{"floor":14,"key":"PowerPotion"},{"floor":16,"key":"Explosive Potion"}],"is_trial":false,"path_per_floor":["M","$","M","?","?","E","M","R","T","M","?","T","R","M","R","B",null,"M","M","M","$","M","R","E","R","T","?","?","?","M","$","R","B",null,"M","M","$","?","?","E","M","R","T","R","E","R","?","M","R","B"],"character_chosen":"THE_SILENT","items_purchased":["ClockworkSouvenir","Leg Sweep","Caltrops","TwistedFunnel","Backstab+1","Well Laid Plans","Flechettes+1"],"campfire_rested":4,"item_purchase_floors":[21,21,21,31,31,37,37],"current_hp_per_floor":[70,70,70,59,59,59,59,59,59,41,41,41,41,35,35,31,70,67,67,57,57,57,57,50,50,50,27,27,34,31,31,54,52,77,50,48,48,48,48,25,15,38,38,61,19,57,57,54,54,0],"gold":501,"neow_bonus":"THREE_ENEMY_KILL","is_prod":false,"is_daily":false,"chose_seed":false,"campfire_upgraded":6,"win_rate":0,"timestamp":1554678476,"path_taken":["M","$","M","?","?","E","M","R","T","M","?","?","R","M","R","BOSS","M","?","M","$","M","R","E","R","T","?","?","?","M","$","R","BOSS","M","M","$","?","?","E","M","R","T","R","E","R","?","M","R","BOSS"],"build_version":"2019-01-23","purchased_purges":4,"victory":false,"max_hp_per_floor":[70,70,70,70,70,70,70,70,70,70,70,70,70,70,70,70,70,70,70,70,70,70,70,70,70,70,70,70,77,77,77,77,77,77,77,77,77,77,77,77,77,77,77,77,77,77,77,77,77,77],"card_choices":[{"not_picked":["Flying Knee","Catalyst"],"picked":"Noxious Fumes","floor":1},{"not_picked":["Infinite Blades","Deflect"],"picked":"Footwork","floor":3},{"not_picked":["Distraction","PiercingWail"],"picked":"Calculated Gamble","floor":6},{"not_picked":["Bane","Dodge and Roll"],"picked":"Bouncing Flask","floor":7},{"not_picked":["Dagger Spray","Acrobatics"],"picked":"Bouncing Flask","floor":10},{"not_picked":["Sucker Punch","Bouncing Flask","Expertise"],"picked":"SKIP","floor":14},{"not_picked":["Underhanded Strike","Sucker Punch+1","Outmaneuver"],"picked":"SKIP","floor":18},{"not_picked":["PiercingWail","Bane","Infinite Blades"],"picked":"SKIP","floor":19},{"not_picked":["Quick Slash+1","Underhanded Strike"],"picked":"Cloak And Dagger+1","floor":20},{"not_picked":["Storm of Steel","Deadly Poison"],"picked":"Backstab+1","floor":22},{"not_picked":["PiercingWail","Quick Slash","Outmaneuver"],"picked":"SKIP","floor":24},{"not_picked":["Blade Dance+1","Leg Sweep"],"picked":"Noxious Fumes","floor":27},{"not_picked":["Quick Slash+1","Heel Hook+1"],"picked":"Well Laid Plans","floor":30},{"not_picked":["Reflex","Backstab+1"],"picked":"Footwork","floor":35},{"not_picked":["Poisoned Stab+1","Acrobatics+1","Deflect+1"],"picked":"SKIP","floor":36},{"not_picked":["Good Instincts","Trip"],"picked":"Finesse","floor":38},{"not_picked":["Slice+1","Riddle With Holes+1","PiercingWail+1"],"picked":"SKIP","floor":40},{"not_picked":["Slice+1","Heel Hook+1"],"picked":"Concentrate","floor":41},{"not_picked":["Bullet Time","Backflip+1"],"picked":"Dash+1","floor":45},{"not_picked":["Dagger Throw+1","Deadly Poison+1"],"picked":"Setup+1","floor":48},{"not_picked":["Deadly Poison+1","Blade Dance+1","Underhanded Strike+1"],"picked":"SKIP","floor":48},{"not_picked":["Deadly Poison+1","Underhanded Strike+1"],"picked":"Blade Dance+1","floor":48}],"player_experience":233885,"relics_obtained":[{"floor":6,"key":"Anchor"},{"floor":9,"key":"Omamori"},{"floor":12,"key":"Smiling Mask"},{"floor":24,"key":"Molten Egg 2"},{"floor":27,"key":"Red Mask"},{"floor":40,"key":"Mummified Hand"},{"floor":43,"key":"Mercury Hourglass"},{"floor":45,"key":"Regal Pillow"},{"floor":47,"key":"Prayer Wheel"}],"event_choices":[{"damage_healed":0,"gold_gain":75,"player_choice":"Gather Gold","damage_taken":11,"max_hp_gain":0,"max_hp_loss":0,"event_name":"World of Goop","floor":4,"gold_loss":0},{"damage_healed":0,"gold_gain":0,"player_choice":"Ignored","damage_taken":0,"max_hp_gain":0,"max_hp_loss":0,"event_name":"Golden Idol","floor":5,"gold_loss":0},{"cards_removed":["Strike_G"],"damage_healed":0,"gold_gain":0,"player_choice":"Forget","damage_taken":0,"max_hp_gain":0,"max_hp_loss":0,"event_name":"Living Wall","floor":11,"gold_loss":0},{"damage_healed":0,"gold_gain":0,"player_choice":"Fought Bandits","damage_taken":0,"max_hp_gain":0,"max_hp_loss":0,"event_name":"Masked Bandits","floor":27,"gold_loss":0},{"damage_healed":0,"gold_gain":99,"player_choice":"Stole From Cult","damage_taken":0,"max_hp_gain":0,"max_hp_loss":0,"event_name":"Nest","floor":28,"gold_loss":0},{"cards_removed":["Bouncing Flask"],"damage_healed":0,"gold_gain":0,"player_choice":"Gave Card","damage_taken":0,"relics_obtained":["Strawberry"],"max_hp_gain":0,"max_hp_loss":0,"event_name":"WeMeetAgain","floor":29,"gold_loss":0},{"damage_healed":0,"gold_gain":0,"player_choice":"Memory 1","damage_taken":0,"max_hp_gain":0,"max_hp_loss":0,"event_name":"SensoryStone","floor":38,"gold_loss":0},{"damage_healed":0,"gold_gain":222,"player_choice":"Wore Mask","damage_taken":0,"max_hp_gain":0,"max_hp_loss":0,"event_name":"Tomb of Lord Red Mask","floor":39,"gold_loss":0},{"damage_healed":0,"gold_gain":0,"player_choice":"Fight","damage_taken":0,"max_hp_gain":0,"max_hp_loss":0,"event_name":"MindBloom","floor":47,"gold_loss":0}],"is_beta":false,"boss_relics":[{"not_picked":["Snecko Eye","Philosopher\u0027s Stone"],"picked":"Sozu"},{"not_picked":["Black Star","Runic Dome"],"picked":"WristBlade"}],"items_purged_floors":[2,21,31,37],"is_endless":false,"potions_floor_spawned":[1,6,14,16,19,24,30,40,45,47,48],"killed_by":"Time Eater","ascension_level":2}