{"gold_per_floor":[119,133,133,150,75,108,108,125,125,152,152,183,200,212,212,289,289,308,319,330,29,45,57,57,92,142,142],"floor_reached":27,"playtime":1318,"items_purged":["Strike_B"],"score":537,"play_id":"f9b13272-1d33-4e07-800b-5aacb293535b","local_time":"20190409234848","is_ascension_mode":true,"campfire_choices":[{"data":"Zap","floor":7,"key":"SMITH"},{"data":"Doom and Gloom","floor":15,"key":"SMITH"},{"data":"Capacitor","floor":24,"key":"SMITH"}],"neow_cost":"NONE","seed_source_timestamp":2160721584216054,"circlet_count":0,"master_deck":["AscendersBane","Strike_B","Strike_B","Strike_B","Defend_B","Defend_B","Defend_B","Defend_B","Zap+1","Dualcast","Leap","Doom and Gloom+1","FTL","Cold Snap","Coolheaded","Coolheaded","Cold Snap+1","Go for the Eyes+1","Melter+1","Echo Form","Sunder+1","Ball Lightning+1","Ball Lightning+1","Self Repair","Electrodynamics","Steam","Capacitor+1","Defragment"],"relics":["Cracked Core","NeowsBlessing","Bag of Preparation","Happy Flower","Molten Egg 2","Vajra","Gremlin Horn","Orrery","Symbiotic Virus","Boot","Centennial Puzzle"],"potions_floor_usage":[23,25],"damage_taken":[{"damage":0,"enemies":"Small Slimes","floor":1,"turns":1},{"damage":0,"enemies":"Cultist","floor":2,"turns":1},{"damage":0,"enemies":"2 Louse","floor":4,"turns":1},{"damage":9,"enemies":"3 Sentries","floor":6,"turns":7},{"damage":0,"enemies":"Red Slaver","floor":8,"turns":3},{"damage":11,"enemies":"Lagavulin","floor":10,"turns":6},{"damage":9,"enemies":"3 Sentries","floor":12,"turns":4},{"damage":0,"enemies":"Gremlin Gang","floor":13,"turns":1},{"damage":0,"enemies":"Exordium Thugs","floor":14,"turns":3},{"damage":0,"enemies":"Slime Boss","floor":16,"turns":6},{"damage":0,"enemies":"Chosen","floor":18,"turns":4},{"damage":13,"enemies":"Shell Parasite","floor":19,"turns":3},{"damage":23,"enemies":"Snake Plant","floor":20,"turns":5},{"damage":0,"enemies":"Chosen and Byrds","floor":22,"turns":4},{"damage":8,"enemies":"Cultist and Chosen","floor":23,"turns":4},{"damage":37,"enemies":"Gremlin Leader","floor":25,"turns":5},{"damage":3,"enemies":"Snecko","floor":27,"turns":2}],"seed_played":"7371560816419296786","potions_obtained":[{"floor":2,"key":"Block Potion"},{"floor":6,"key":"Ancient Potion"},{"floor":13,"key":"SteroidPotion"}],"is_trial":false,"path_per_floor":["?","M","$","?","M","M"],"character_chosen":"DEFECT","items_purchased":["Symbiotic Virus","Steam"],"campfire_rested":0,"item_purchase_floors":[21,21],"current_hp_per_floor":[64,64,64,64,64,55,55,55,55,44,44,35,35,35,35,35,62,62,49,26,26,33,39,39,2,2,0],"gold":142,"neow_bonus":"THREE_ENEMY_KILL","is_prod":false,"is_daily":false,"chose_seed":false,"campfire_upgraded":3,"win_rate":0,"timestamp":1554868128,"path_taken":["M","M","?","?","?","E","R","M","T","E","?","E","?","?","R","BOSS","M","M","M","$","M","M","R","E","T","M"],"build_version":"2019-01-23","purchased_purges":1,"victory":false,"max_hp_per_floor":[71,71,71,71,71,71,71,71,71,71,71,71,71,71,71,71,71,71,71,71,71,71,71,71,71,71,71],"card_choices":[{"not_picked":["Double Energy","Hello World"],"picked":"Leap","floor":1},{"not_picked":["Reinforced Body","Lockon"],"picked":"Doom and Gloom","floor":2},{"not_picked":["Conserve Battery","Steam Power"],"picked":"Cold Snap","floor":4},{"not_picked":["Blizzard","Auto Shields"],"picked":"Coolheaded","floor":6},{"not_picked":["Fusion","Steam"],"picked":"Coolheaded","floor":8},{"not_picked":["Heatsinks","Streamline","Chaos"],"picked":"SKIP","floor":10},{"not_picked":["Skim","Chaos"],"picked":"Cold Snap+1","floor":12},{"not_picked":["Turbo","Conserve Battery"],"picked":"Go for the Eyes+1","floor":13},{"not_picked":["Steam Power","Meteor Strike+1"],"picked":"Melter+1","floor":14},{"not_picked":["Reboot","Fission"],"picked":"Echo Form","floor":16},{"not_picked":["Turbo","Gash+1"],"picked":"Sunder+1","floor":17},{"not_picked":["Reprogram","Conserve Battery"],"picked":"Ball Lightning+1","floor":17},{"not_picked":["Aggregate","Rebound+1"],"picked":"Ball Lightning+1","floor":17},{"not_picked":["Sunder+1","Ball Lightning+1"],"picked":"Self Repair","floor":17},{"not_picked":["Conserve Battery","Rebound+1","Stack"],"picked":"SKIP","floor":18},{"not_picked":["Redo","Cold Snap+1","Hello World"],"picked":"SKIP","floor":19},{"not_picked":["Glacier","Cold Snap+1"],"picked":"Electrodynamics","floor":20},{"not_picked":["Fusion","Beam Cell+1","Reprogram"],"picked":"SKIP","floor":22},{"not_picked":["Tempest","White Noise"],"picked":"Capacitor","floor":23},{"not_picked":["Aggregate","Loop"],"picked":"Defragment","floor":25}],"player_experience":1679920,"relics_obtained":[{"floor":6,"key":"Bag of Preparation"},{"floor":9,"key":"Happy Flower"},{"floor":10,"key":"Molten Egg 2"},{"floor":12,"key":"Gremlin Horn"},{"floor":25,"key":"Boot"},{"floor":26,"key":"Centennial Puzzle"}],"event_choices":[{"damage_healed":0,"gold_gain":0,"player_choice":"1 cards matched","damage_taken":0,"max_hp_gain":0,"max_hp_loss":0,"event_name":"Match and Keep!","floor":3,"gold_loss":0,"cards_obtained":["FTL"]},{"damage_healed":0,"gold_gain":0,"player_choice":"Gave Potion","damage_taken":0,"relics_obtained":["Vajra"],"max_hp_gain":0,"max_hp_loss":0,"event_name":"WeMeetAgain","floor":11,"gold_loss":0}],"is_beta":false,"boss_relics":[{"not_picked":["Calling Bell","Eternal Feather"],"picked":"Orrery"}],"items_purged_floors":[5],"is_endless":false,"potions_floor_spawned":[2,6,13,14,19,22],"killed_by":"Snecko","ascension_level":15}