{"gold_per_floor":[144,27,72,117,147,237,237,282,282,372,372,397,397,442,442,742,742,787,516,561,606,651,651,696,696,721,811,886,931,976,476,476,776,776,821,896,655,700,428,428,473,518,518,518,563,608,653,30,30,30],"floor_reached":51,"playtime":1340,"items_purged":["Strike_R","Cleave","Strike_R","Defend_R"],"score":858,"play_id":"b441d60b-7d9b-4f0a-ac9c-4a02417d911b","local_time":"20180905090342","daily_mods":["Heirloom","Midas","Lethality"],"is_ascension_mode":false,"campfire_choices":[{"floor":7,"key":"REST"},{"floor":13,"key":"REST"},{"floor":15,"key":"REST"},{"floor":23,"key":"REST"},{"floor":25,"key":"REST"},{"floor":32,"key":"REST"},{"floor":49,"key":"REST"}],"neow_cost":"","seed_source_timestamp":0,"circlet_count":0,"master_deck":["Strike_R+1","Strike_R+1","Strike_R+1","Defend_R+1","Defend_R+1","Defend_R+1","Bash+1","Hemokinesis+1","Thunderclap+1","Flex+1","Anger+1","Anger+1","Thunderclap+1","Twin Strike+1","Fiend Fire+1","Armaments+1","Thunderclap+1","Whirlwind+1","Body Slam+1","Iron Wave+1","Hemokinesis+1","Master of Strategy+1","Flex+1","Dropkick+1","Jack Of All Trades+1","Feel No Pain+1","Fiend Fire+1","Pummel+1","Seeing Red+1","Clash+1","Defend_R+1","Disarm+1","Warcry+1","Panacea+1","True Grit+1","Evolve+1","Flex+1","Dropkick+1","Clash+1","Panache","Havoc+1","Chrysalis+1","Metamorphosis+1"],"special_seed":17779,"relics":["Burning Blood","Unceasing Top","Tiny Chest","Torii","Oddly Smooth Stone","Vajra","FaceOfCleric","Orichalcum","Sozu","Red Skull","Strawberry","Ginger","Mercury Hourglass","Membership Card","Busted Crown","Bottled Lightning","Medical Kit","DollysMirror","Question Card","The Courier","Mark of the Bloom","Toolbox","Happy Flower","Toxic Egg 2","Whetstone"],"potions_floor_usage":[10,10,16,16],"damage_taken":[{"damage":0,"enemies":"Cultist","floor":1,"turns":2},{"damage":13,"enemies":"Small Slimes","floor":3,"turns":3},{"damage":0,"enemies":"2 Louse","floor":4,"turns":1},{"damage":24,"enemies":"Lagavulin","floor":6,"turns":5},{"damage":0,"enemies":"Exordium Wildlife","floor":8,"turns":2},{"damage":6,"enemies":"3 Sentries","floor":10,"turns":3},{"damage":10,"enemies":"Red Slaver","floor":14,"turns":2},{"damage":0,"enemies":"Slime Boss","floor":16,"turns":6},{"damage":10,"enemies":"Spheric Guardian","floor":18,"turns":3},{"damage":9,"enemies":"3 Byrds","floor":20,"turns":3},{"damage":26,"enemies":"Snake Plant","floor":21,"turns":3},{"damage":1,"enemies":"3 Cultists","floor":22,"turns":3},{"damage":23,"enemies":"Centurion and Healer","floor":24,"turns":2},{"damage":12,"enemies":"Slavers","floor":27,"turns":3},{"damage":0,"enemies":"Snecko","floor":29,"turns":2},{"damage":0,"enemies":"3 Cultists","floor":30,"turns":2},{"damage":79,"enemies":"Automaton","floor":33,"turns":7},{"damage":3,"enemies":"Orb Walker","floor":35,"turns":1},{"damage":18,"enemies":"3 Darklings","floor":38,"turns":3},{"damage":3,"enemies":"Maw","floor":41,"turns":4},{"damage":1,"enemies":"Spire Growth","floor":42,"turns":2},{"damage":0,"enemies":"Reptomancer","floor":45,"turns":2},{"damage":0,"enemies":"Jaw Worm Horde","floor":46,"turns":1},{"damage":3,"enemies":"4 Shapes","floor":47,"turns":1},{"damage":25,"enemies":"Donu and Deca","floor":50,"turns":4}],"seed_played":"-4275745277921961061","potions_obtained":[{"floor":1,"key":"Fire Potion"},{"floor":3,"key":"SpeedPotion"},{"floor":10,"key":"EssenceOfSteel"},{"floor":14,"key":"EssenceOfSteel"}],"is_trial":false,"path_per_floor":["M","$","M","M","?","E","R","M","T","E","?","T","R","M","R","B",null,"M","$","M","M","M","R","M","R","T","E","T","M","M","$","R","B",null,"M","T","$","M","$","T","M","M","T","?","M","M","M","$","R","B"],"character_chosen":"IRONCLAD","items_purchased":["Thunderclap","Fire Potion","Flex","Red Skull","Thunderclap","Membership Card","Master of Strategy","Flex","Dropkick","Jack Of All Trades","Feel No Pain","Pummel","Medical Kit","Seeing Red","DollysMirror","Disarm","Warcry","Panacea","Toolbox","Happy Flower","Toxic Egg 2","Whetstone","Panache","Havoc+1","Chrysalis+1","Metamorphosis+1"],"campfire_rested":7,"item_purchase_floors":[2,2,2,19,19,31,31,31,31,31,31,37,37,37,39,39,39,39,48,48,48,48,48,48,48,48],"current_hp_per_floor":[80,80,73,79,79,61,80,80,80,80,80,80,80,77,81,82,82,79,79,77,58,64,86,70,87,94,89,89,96,97,97,97,25,98,99,99,99,88,88,88,92,98,98,98,98,98,95,95,95,70],"gold":30,"neow_bonus":"","is_prod":false,"is_daily":true,"chose_seed":false,"campfire_upgraded":0,"win_rate":0,"timestamp":1536152622,"path_taken":["M","?","?","M","?","E","R","M","T","E","?","?","R","?","R","BOSS","M","$","M","M","M","R","M","R","T","E","?","M","M","$","R","BOSS","M","?","$","M","$","?","M","M","T","?","M","M","M","$","R","BOSS"],"build_version":"2018-09-04-v2","purchased_purges":4,"victory":true,"max_hp_per_floor":[80,80,80,80,80,80,80,80,80,80,80,80,80,81,81,82,82,83,83,84,85,86,86,87,87,94,95,95,96,97,97,97,98,98,99,99,99,100,100,100,101,102,102,102,103,104,105,105,105,106],"card_choices":[{"not_picked":["Searing Blow","Combust"],"picked":"Hemokinesis","floor":1},{"not_picked":["Body Slam","Cleave"],"picked":"Anger","floor":3},{"not_picked":["Warcry","Intimidate"],"picked":"Anger","floor":4},{"not_picked":["Brutality","Armaments","Heavy Blade"],"picked":"SKIP","floor":6},{"not_picked":["Searing Blow","Spot Weakness"],"picked":"Thunderclap","floor":8},{"not_picked":["Cleave","Perfected Strike","Shrug It Off"],"picked":"SKIP","floor":10},{"not_picked":["Headbutt","Thunderclap"],"picked":"Twin Strike","floor":14},{"not_picked":["Impervious","Exhume"],"picked":"Fiend Fire","floor":16},{"not_picked":["Sword Boomerang+1","Infernal Blade"],"picked":"Armaments+1","floor":18},{"not_picked":["Havoc","Entrench"],"picked":"Cleave","floor":20},{"not_picked":["Burning Pact","Headbutt","Cleave+1"],"picked":"SKIP","floor":21},{"not_picked":["Barricade","Pummel"],"picked":"Whirlwind","floor":22},{"not_picked":["Clash","Sword Boomerang"],"picked":"Body Slam+1","floor":24},{"not_picked":["Uppercut+1","Sever Soul","Body Slam"],"picked":"SKIP","floor":27},{"not_picked":["Perfected Strike","Pommel Strike+1"],"picked":"Iron Wave","floor":29},{"not_picked":["Perfected Strike","Pommel Strike"],"picked":"Hemokinesis","floor":30},{"not_picked":["Bludgeon","Immolate"],"picked":"Fiend Fire","floor":33},{"not_picked":["Battle Trance"],"picked":"SKIP","floor":35},{"not_picked":[],"picked":"Clash+1","floor":38},{"not_picked":["Shrug It Off+1"],"picked":"True Grit+1","floor":41},{"not_picked":["Shrug It Off"],"picked":"Evolve+1","floor":42},{"not_picked":["True Grit"],"picked":"Flex+1","floor":45},{"not_picked":["Uppercut"],"picked":"Dropkick","floor":46},{"not_picked":["Rage"],"picked":"Clash+1","floor":47}],"player_experience":199838,"relics_obtained":[{"floor":6,"key":"Torii"},{"floor":9,"key":"Oddly Smooth Stone"},{"floor":10,"key":"Vajra"},{"floor":12,"key":"Orichalcum"},{"floor":26,"key":"Strawberry"},{"floor":27,"key":"Ginger"},{"floor":28,"key":"Mercury Hourglass"},{"floor":36,"key":"Bottled Lightning"},{"floor":40,"key":"Question Card"},{"floor":43,"key":"The Courier"}],"event_choices":[{"event_name":"WeMeetAgain","player_choice":"Potion","floor":5,"damage_taken":0},{"event_name":"FaceTrader","player_choice":"Trade","floor":11,"damage_taken":0},{"event_name":"MindBloom","player_choice":"Upgrade","floor":44,"damage_taken":0}],"is_beta":true,"boss_relics":[{"not_picked":["Tiny House","Lizard Tail"],"picked":"Sozu"},{"not_picked":["Runic Cube","Empty Cage"],"picked":"Busted Crown"}],"items_purged_floors":[19,31,37,39],"is_endless":false,"potions_floor_spawned":[1,3,10,14,21,22,27,38,45,46],"ascension_level":0}