{"gold_per_floor":[112,130,146,221,234,234,234,234,234,244,244,244,259,269,269,368,368,388,388,405,425,442,442,457,457],"floor_reached":25,"playtime":703,"items_purged":[],"score":199,"play_id":"bed3658e-f4fe-4060-bb66-28664a2ac341","local_time":"20190203122745","is_ascension_mode":false,"campfire_choices":[{"data":"Hemokinesis","floor":6,"key":"SMITH"},{"data":"Pummel","floor":8,"key":"SMITH"},{"floor":15,"key":"REST"},{"floor":23,"key":"REST"}],"neow_cost":"NONE","seed_source_timestamp":432608093691037,"circlet_count":0,"master_deck":["Strike_R+1","Strike_R+1","Strike_R+1","Strike_R+1","Strike_R+1","Defend_R+1","Defend_R+1","Defend_R+1","Defend_R+1","Bash","Spot Weakness","Pummel+1","Hemokinesis+1","Dual Wield","Hemokinesis","Shrug It Off","Juggernaut","Shockwave","Flex","Heavy Blade","Armaments","Infernal Blade"],"relics":["Burning Blood"],"potions_floor_usage":[16,16,22,24,24],"damage_taken":[{"damage":6,"enemies":"Jaw Worm","floor":1,"turns":3},{"damage":12,"enemies":"2 Louse","floor":2,"turns":3},{"damage":8,"enemies":"Small Slimes","floor":3,"turns":3},{"damage":12,"enemies":"Blue Slaver","floor":5,"turns":3},{"damage":16,"enemies":"3 Louse","floor":10,"turns":4},{"damage":5,"enemies":"Looter","floor":13,"turns":3},{"damage":10,"enemies":"Exordium Wildlife","floor":14,"turns":3},{"damage":60,"enemies":"Slime Boss","floor":16,"turns":7},{"damage":25,"enemies":"Spheric Guardian","floor":18,"turns":4},{"damage":43,"enemies":"2 Thieves","floor":20,"turns":4},{"damage":26,"enemies":"Snecko","floor":21,"turns":5},{"damage":14,"enemies":"Chosen and Byrds","floor":22,"turns":6},{"damage":24,"enemies":"Centurion and Healer","floor":24,"turns":7},{"damage":22,"enemies":"Snake Plant","floor":25,"turns":2}],"seed_played":"889376976651715671","potions_obtained":[{"floor":1,"key":"Ancient Potion"},{"floor":13,"key":"SkillPotion"},{"floor":14,"key":"Dexterity Potion"},{"floor":20,"key":"Fire Potion"},{"floor":21,"key":"LiquidBronze"}],"is_trial":false,"path_per_floor":["M","M","M","?","M","R","?","R","T","M","?","?","M","M","R","B",null,"M","?","M","M","M","R","M","M"],"character_chosen":"IRONCLAD","items_purchased":[],"campfire_rested":2,"item_purchase_floors":[],"current_hp_per_floor":[88,82,80,69,63,63,63,63,63,53,53,58,59,55,82,28,93,74,74,37,17,9,36,18,0],"gold":457,"neow_bonus":"TEN_PERCENT_HP_BONUS","is_prod":false,"is_daily":false,"chose_seed":false,"campfire_upgraded":2,"win_rate":0,"timestamp":1549222065,"path_taken":["M","M","M","?","M","R","?","R","T","M","?","?","?","M","R","BOSS","M","?","M","M","M","R","M","M"],"build_version":"2019-01-23","purchased_purges":0,"victory":false,"max_hp_per_floor":[88,88,88,88,88,88,88,88,88,88,88,93,93,93,93,93,93,93,93,93,93,93,93,93,93],"card_choices":[{"not_picked":["Flex","Anger"],"picked":"Spot Weakness","floor":1},{"not_picked":["Wild Strike","Warcry"],"picked":"Pummel","floor":2},{"not_picked":["Thunderclap","Disarm"],"picked":"Hemokinesis","floor":3},{"not_picked":["Pommel Strike","Sever Soul"],"picked":"Dual Wield","floor":5},{"not_picked":["Rampage","Warcry","Headbutt"],"picked":"SKIP","floor":10},{"not_picked":["Metallicize","Warcry"],"picked":"Hemokinesis","floor":13},{"not_picked":["Barricade","Clothesline"],"picked":"Shrug It Off","floor":14},{"not_picked":["Barricade","Berserk"],"picked":"Juggernaut","floor":16},{"not_picked":["Corruption","Thunderclap+1"],"picked":"Shockwave","floor":18},{"not_picked":["Cleave","Perfected Strike"],"picked":"Flex","floor":20},{"not_picked":["Fire Breathing","Havoc"],"picked":"Heavy Blade","floor":21},{"not_picked":["Exhume","Shockwave"],"picked":"Armaments","floor":22},{"not_picked":["Dropkick","Wild Strike"],"picked":"Infernal Blade","floor":24}],"player_experience":1379333,"relics_obtained":[],"event_choices":[{"damage_healed":0,"gold_gain":75,"player_choice":"Gather Gold","damage_taken":11,"max_hp_gain":0,"max_hp_loss":0,"event_name":"World of Goop","floor":4,"gold_loss":0},{"damage_healed":0,"gold_gain":0,"player_choice":"Ignored","damage_taken":0,"max_hp_gain":0,"max_hp_loss":0,"event_name":"Golden Idol","floor":7,"gold_loss":0},{"damage_healed":0,"gold_gain":0,"player_choice":"Fled","damage_taken":0,"max_hp_gain":0,"max_hp_loss":0,"event_name":"Scrap Ooze","floor":11,"gold_loss":0},{"damage_healed":0,"gold_gain":0,"player_choice":"Donut","damage_taken":0,"max_hp_gain":5,"max_hp_loss":0,"event_name":"Big Fish","floor":12,"gold_loss":0},{"damage_healed":0,"gold_gain":0,"player_choice":"Simplicity","damage_taken":0,"max_hp_gain":0,"max_hp_loss":0,"event_name":"Back to Basics","floor":19,"gold_loss":0,"cards_upgraded":["Strike_R","Strike_R","Strike_R","Strike_R","Strike_R","Defend_R","Defend_R","Defend_R","Defend_R"]}],"is_beta":false,"boss_relics":[{"not_picked":["Empty Cage","Mark of Pain","Runic Pyramid"]}],"items_purged_floors":[],"is_endless":false,"potions_floor_spawned":[1,13,14,20,21],"killed_by":"Snake Plant","ascension_level":0}