{"gold_per_floor":[13,13,30,41,216,216,234,249,249,44,44,54,74,21,21,123,123,138,138,154,154,31,31,45,45,45,45],"floor_reached":27,"playtime":1371,"items_purged":["Doubt"],"score":205,"play_id":"746ffb3a-e07e-47e2-a6b0-61ec54d31052","local_time":"20190212222543","is_ascension_mode":false,"campfire_choices":[{"data":"Neutralize","floor":6,"key":"SMITH"},{"data":"Footwork","floor":11,"key":"SMITH"},{"floor":15,"key":"REST"},{"floor":23,"key":"REST"},{"floor":25,"key":"REST"}],"neow_cost":"NO_GOLD","seed_source_timestamp":10270810593030,"circlet_count":0,"master_deck":["Defend_G+1","Defend_G+1","Defend_G+1","Defend_G+1","Strike_G+1","Strike_G+1","Strike_G+1","Strike_G+1","Survivor","Neutralize+1","Well Laid Plans","Outmaneuver","Flechettes","Deadly Poison","Deflect","Poisoned Stab","Footwork+1","Dodge and Roll","Escape Plan","Deflect","Riddle With Holes","Prepared","Burst","Dodge and Roll","Bouncing Flask","Deflect","Deadly Poison"],"relics":["Ring of the Serpent"],"potions_floor_usage":[12,16,18,20],"damage_taken":[{"damage":3,"enemies":"Jaw Worm","floor":1,"turns":6},{"damage":0,"enemies":"Small Slimes","floor":3,"turns":4},{"damage":1,"enemies":"Cultist","floor":4,"turns":5},{"damage":0,"enemies":"3 Louse","floor":7,"turns":3},{"damage":7,"enemies":"Blue Slaver","floor":8,"turns":4},{"damage":8,"enemies":"2 Fungi Beasts","floor":12,"turns":3},{"damage":11,"enemies":"Lots of Slimes","floor":13,"turns":6},{"damage":56,"enemies":"Slime Boss","floor":16,"turns":20},{"damage":11,"enemies":"Shell Parasite","floor":18,"turns":6},{"damage":24,"enemies":"Spheric Guardian","floor":20,"turns":8},{"damage":7,"enemies":"Shelled Parasite and Fungi","floor":24,"turns":8},{"damage":74,"enemies":"Gremlin Leader","floor":27,"turns":8}],"seed_played":"-7673337808855071294","potions_obtained":[{"floor":3,"key":"Swift Potion"},{"floor":13,"key":"Swift Potion"},{"floor":16,"key":"SpeedPotion"},{"floor":18,"key":"Energy Potion"}],"is_trial":false,"path_per_floor":["M","?","M","M","?","R","M","M","T","$","R","M","M","$","R","B",null,"M","?","M","?","$","R","M","R","T","E"],"character_chosen":"THE_SILENT","items_purchased":["Poisoned Stab","Footwork","Dodge and Roll","Escape Plan","Prepared","Deflect"],"campfire_rested":3,"item_purchase_floors":[10,10,10,10,14,22],"current_hp_per_floor":[67,67,67,66,66,66,66,59,59,59,59,51,40,40,61,5,70,59,59,35,35,35,56,49,70,70,0],"gold":45,"neow_bonus":"REMOVE_TWO","is_prod":false,"is_daily":false,"chose_seed":false,"campfire_upgraded":2,"win_rate":0,"timestamp":1550035543,"path_taken":["M","?","M","M","?","R","M","M","T","?","R","M","?","$","R","BOSS","M","?","M","?","$","R","M","R","T","E"],"build_version":"2019-01-23","purchased_purges":1,"victory":false,"max_hp_per_floor":[70,70,70,70,70,70,70,70,70,70,70,70,70,70,70,70,70,70,70,70,70,70,70,70,70,70,70],"card_choices":[{"not_picked":["Prepared","Underhanded Strike"],"picked":"Well Laid Plans","floor":1},{"not_picked":["Acrobatics","Bane"],"picked":"Outmaneuver","floor":3},{"not_picked":["Acrobatics","Predator"],"picked":"Flechettes","floor":4},{"not_picked":["Skewer","Underhanded Strike"],"picked":"Deadly Poison","floor":7},{"not_picked":["Malaise","Acrobatics"],"picked":"Deflect","floor":8},{"not_picked":["Blade Dance","Cloak And Dagger"],"picked":"Deflect","floor":12},{"not_picked":["Flying Knee","Dagger Throw"],"picked":"Riddle With Holes","floor":13},{"not_picked":["Unload","Storm of Steel"],"picked":"Burst","floor":16},{"not_picked":["Flying Knee","Dagger Throw+1"],"picked":"Dodge and Roll","floor":18},{"not_picked":["Deflect","Backflip"],"picked":"Bouncing Flask","floor":20},{"not_picked":["Reflex+1","Deflect"],"picked":"Deadly Poison","floor":24}],"player_experience":1451403,"relics_obtained":[],"event_choices":[{"damage_healed":0,"gold_gain":0,"player_choice":"Ignored","damage_taken":0,"max_hp_gain":0,"max_hp_loss":0,"event_name":"Golden Idol","floor":2,"gold_loss":0},{"damage_healed":0,"gold_gain":175,"player_choice":"AGREE","damage_taken":0,"max_hp_gain":0,"max_hp_loss":0,"event_name":"Liars Game","floor":5,"gold_loss":0,"cards_obtained":["Doubt"]},{"damage_healed":0,"gold_gain":0,"player_choice":"Ignored","damage_taken":0,"max_hp_gain":0,"max_hp_loss":0,"event_name":"Cursed Tome","floor":19,"gold_loss":0},{"damage_healed":0,"gold_gain":0,"player_choice":"Simplicity","damage_taken":0,"max_hp_gain":0,"max_hp_loss":0,"event_name":"Back to Basics","floor":21,"gold_loss":0,"cards_upgraded":["Defend_G","Defend_G","Defend_G","Defend_G","Strike_G","Strike_G","Strike_G","Strike_G"]}],"is_beta":false,"boss_relics":[{"not_picked":["Cursed Key","Black Star"],"picked":"Ring of the Serpent"}],"items_purged_floors":[22],"is_endless":false,"potions_floor_spawned":[3,13,16,18],"killed_by":"Gremlin Leader","ascension_level":0}