{"gold_per_floor":[212,190,210,7,21,21,21,40,64,82,94,123,143,161,161,261,261,249,249,348,366,382,382,396,411,411,411,431,446,42,57,57,57],"floor_reached":33,"playtime":2402,"items_purged":["Defend_G"],"score":272,"play_id":"9f36809b-6f8a-45aa-93a3-5edbc520d3f7","local_time":"20190103200507","is_ascension_mode":false,"campfire_choices":[{"data":"Neutralize","floor":7.0,"key":"SMITH"},{"data":"Blur","floor":15,"key":"SMITH"},{"data":"Envenom","floor":23,"key":"SMITH"},{"data":"Corpse Explosion","floor":27,"key":"SMITH"},{"data":"Apotheosis","floor":32,"key":"SMITH"}],"neow_cost":"NONE","seed_source_timestamp":0,"circlet_count":0,"master_deck":["Defend_G","Defend_G","Defend_G","Defend_G","Survivor","Neutralize+1","Prepared","Deadly Poison","Deadly Poison","Dagger Spray","Poisoned Stab","Blur+1","Backflip","Dagger Spray","Envenom+1","Dagger Spray+1","Bite","Bite","Bite","Bite","Bite","Prepared","Backflip","Corpse Explosion+1","Dodge and Roll","Apotheosis+1","Backstab"],"special_seed":0,"relics":["Ring of the Snake","Membership Card","Vajra","Odd Mushroom","Lizard Tail","Gremlin Horn","The Specimen","Paper Crane"],"potions_floor_usage":[22,29,31],"damage_taken":[{"damage":4.0,"enemies":"Cultist","floor":1.0,"turns":4.0},{"damage":0.0,"enemies":"2 Louse","floor":3.0,"turns":4.0},{"damage":5.0,"enemies":"Jaw Worm","floor":5.0,"turns":4.0},{"damage":0.0,"enemies":"Looter","floor":8.0,"turns":5.0},{"damage":0.0,"enemies":"Blue Slaver","floor":10.0,"turns":5.0},{"damage":19.0,"enemies":"Exordium Thugs","floor":11.0,"turns":8.0},{"damage":7.0,"enemies":"The Mushroom Lair","floor":12.0,"turns":4.0},{"damage":4,"enemies":"3 Louse","floor":13,"turns":3},{"damage":3,"enemies":"Red Slaver","floor":14,"turns":5},{"damage":14,"enemies":"Hexaghost","floor":16,"turns":10},{"damage":19,"enemies":"2 Thieves","floor":18,"turns":4},{"damage":4,"enemies":"3 Byrds","floor":21,"turns":6},{"damage":29,"enemies":"Snecko","floor":22,"turns":7},{"damage":0,"enemies":"Centurion and Healer","floor":24,"turns":9},{"damage":7,"enemies":"Chosen and Byrds","floor":25,"turns":4},{"damage":19,"enemies":"Snake Plant","floor":28,"turns":7},{"damage":39,"enemies":"Sentry and Sphere","floor":29,"turns":8},{"damage":24,"enemies":"Cultist and Chosen","floor":31,"turns":11},{"damage":48,"enemies":"Collector","floor":33,"turns":6}],"seed_played":"-18187797134058845","potions_obtained":[{"floor":5.0,"key":"Swift Potion"},{"floor":8.0,"key":"GhostInAJar"},{"floor":11.0,"key":"GamblersBrew"},{"floor":21,"key":"Fire Potion"},{"floor":29,"key":"Weak Potion"}],"is_trial":false,"path_per_floor":["M","$","M","$","M","?","R","M","T","M","M","?","M","M","R","B",null,"M","?","?","M","M","R","M","M","T","R","M","M","$","M","R","B"],"character_chosen":"THE_SILENT","items_purchased":["Prepared","Membership Card","The Specimen","Apotheosis","Paper Crane"],"campfire_rested":0,"item_purchase_floors":[2,4,30,30,30],"current_hp_per_floor":[66,66,66,66,61,61,61,61,61,61,42,35,31,28,28,14,70,51,49,49,49,26,26,40,35,35,35,28,5,5,24,24,0],"gold":57,"neow_bonus":"HUNDRED_GOLD","is_prod":false,"is_daily":false,"chose_seed":false,"campfire_upgraded":5,"win_rate":0,"timestamp":1546574707,"path_taken":["M","$","M","$","?","?","R","M","T","M","?","?","M","M","R","BOSS","M","?","?","M","M","R","M","M","T","R","M","M","$","M","R","BOSS"],"build_version":"2019-01-03v2","purchased_purges":1,"victory":false,"max_hp_per_floor":[70,70,70,70,70,70,70,70,70,70,70,70,70,70,70,70,70,70,49,49,49,49,49,49,49,49,49,49,49,49,49,49,49],"card_choices":[{"not_picked":["Flying Knee","Sucker Punch","Endless Agony"],"picked":"SKIP","floor":1.0},{"not_picked":["Dagger Spray","Underhanded Strike"],"picked":"Deadly Poison","floor":3.0},{"not_picked":["Blade Dance","Quick Slash","Underhanded Strike"],"picked":"SKIP","floor":5.0},{"not_picked":["Flechettes","Terror"],"picked":"Deadly Poison","floor":8.0},{"not_picked":["Doppelganger","Flechettes"],"picked":"Dagger Spray","floor":10.0},{"not_picked":["Underhanded Strike","Bouncing Flask"],"picked":"Poisoned Stab","floor":11.0},{"not_picked":["Calculated Gamble","Cloak And Dagger"],"picked":"Blur","floor":12},{"not_picked":["Dash","Prepared"],"picked":"Backflip","floor":13},{"not_picked":["Predator","Bouncing Flask"],"picked":"Dagger Spray","floor":14},{"not_picked":["Venomology","Malaise"],"picked":"Envenom","floor":16},{"not_picked":["Distraction","PiercingWail"],"picked":"Dagger Spray+1","floor":18},{"not_picked":["Cloak And Dagger","PiercingWail"],"picked":"Prepared","floor":21},{"not_picked":["Finisher","Bouncing Flask"],"picked":"Backflip","floor":22},{"not_picked":["Bane","Backflip"],"picked":"Corpse Explosion","floor":24},{"not_picked":["Tactician","Outmaneuver"],"picked":"Dodge and Roll","floor":25},{"not_picked":["Poisoned Stab","Deadly Poison","Dagger Spray"],"picked":"SKIP","floor":28},{"not_picked":["Poisoned Stab","Flying Knee","Reflex"],"picked":"SKIP","floor":29},{"not_picked":["Tools of the Trade","PiercingWail"],"picked":"Backstab","floor":31}],"player_experience":59463,"relics_obtained":[{"floor":9.0,"key":"Vajra"},{"floor":12,"key":"Odd Mushroom"},{"floor":26,"key":"Gremlin Horn"}],"event_choices":[{"cards_removed":["Strike_G"],"damage_healed":0.0,"max_hp_gain":0.0,"max_hp_loss":0.0,"gold_gain":0.0,"event_name":"Bonfire Elementals","player_choice":"Offered Basic","floor":6.0,"gold_loss":0.0,"damage_taken":0.0},{"damage_healed":0.0,"max_hp_gain":0.0,"max_hp_loss":0.0,"gold_gain":0.0,"event_name":"Mushrooms","player_choice":"Fought Mushrooms","floor":12.0,"gold_loss":0.0,"damage_taken":0.0},{"damage_healed":0,"gold_gain":0,"player_choice":"Became a vampire","damage_taken":0,"max_hp_gain":0,"max_hp_loss":21,"event_name":"Vampires","floor":19,"gold_loss":0,"cards_obtained":["Bite","Bite","Bite","Bite","Bite"]},{"damage_healed":0,"gold_gain":99,"player_choice":"Stole From Cult","damage_taken":0,"max_hp_gain":0,"max_hp_loss":0,"event_name":"Nest","floor":20,"gold_loss":0}],"is_beta":false,"boss_relics":[{"not_picked":["Runic Dome","Ectoplasm"],"picked":"Lizard Tail"}],"items_purged_floors":[30],"is_endless":false,"potions_floor_spawned":[5,8,11,18,21,29],"killed_by":"Collector","ascension_level":0}