{"gold_per_floor":[109,128,144,144,158,191,191,253,253,253,265,265,265,285,285,385,385,404,424,339,339,356,375,375,375],"floor_reached":25,"playtime":1913,"items_purged":[],"score":205,"play_id":"c1e9a5a8-1f1f-427c-8af9-6a2f1bf364aa","local_time":"20190209155846","is_ascension_mode":false,"campfire_choices":[{"data":"Rampage","floor":7,"key":"SMITH"},{"floor":15,"key":"REST"},{"floor":24,"key":"REST"}],"neow_cost":"NONE","seed_source_timestamp":183975332388949,"circlet_count":0,"master_deck":["Strike_R","Strike_R","Strike_R","Strike_R","Strike_R","Defend_R+1","Defend_R","Defend_R","Bash","Cleave+1","Rampage+1","Shrug It Off","Shrug It Off+1","Shrug It Off+1","Clash","Warcry+1","Juggernaut","Warcry+1","Anger","Flame Barrier+1","Armaments+1","Clash"],"relics":["Burning Blood","Toxic Egg 2","Peace Pipe","Paper Frog","Orrery","Potion Belt","Lantern"],"potions_floor_usage":[5,11,14,16,16,16,19,22,25],"damage_taken":[{"damage":10,"enemies":"Jaw Worm","floor":1,"turns":4},{"damage":3,"enemies":"Small Slimes","floor":2,"turns":3},{"damage":5,"enemies":"2 Louse","floor":3,"turns":3},{"damage":0,"enemies":"Large Slime","floor":5,"turns":4},{"damage":19,"enemies":"3 Sentries","floor":6,"turns":8},{"damage":24,"enemies":"Gremlin Nob","floor":8,"turns":5},{"damage":0,"enemies":"Blue Slaver","floor":11,"turns":3},{"damage":0,"enemies":"Exordium Wildlife","floor":14,"turns":3},{"damage":9,"enemies":"Hexaghost","floor":16,"turns":10},{"damage":13,"enemies":"Spheric Guardian","floor":18,"turns":4},{"damage":26,"enemies":"3 Byrds","floor":19,"turns":5},{"damage":19,"enemies":"Centurion and Healer","floor":22,"turns":10},{"damage":17,"enemies":"Snecko","floor":23,"turns":5},{"damage":61,"enemies":"Slavers","floor":25,"turns":6}],"seed_played":"-1257802373344340211","potions_obtained":[{"floor":1,"key":"Block Potion"},{"floor":2,"key":"AttackPotion"},{"floor":5,"key":"PowerPotion"},{"floor":8,"key":"Poison Potion"},{"floor":11,"key":"EntropicBrew"},{"floor":18,"key":"SneckoOil"}],"is_trial":false,"path_per_floor":["?","?","?","?","?","M","?","T"],"character_chosen":"IRONCLAD","items_purchased":[],"campfire_rested":2,"item_purchase_floors":[],"current_hp_per_floor":[76,79,80,64,70,57,57,39,39,6,12,12,12,18,42,39,80,73,53,53,53,40,29,53,0],"gold":375,"neow_bonus":"THREE_CARDS","is_prod":false,"is_daily":false,"chose_seed":false,"campfire_upgraded":1,"win_rate":0,"timestamp":1549745926,"path_taken":["M","M","M","?","M","E","R","?","T","?","M","?","?","?","R","BOSS","M","M","?","?","M","M","R","E"],"build_version":"2019-01-23","purchased_purges":0,"victory":false,"max_hp_per_floor":[80,80,80,80,80,80,80,80,80,80,80,80,80,80,80,80,80,80,80,80,80,80,80,80,80],"card_choices":[{"not_picked":["Flex","Shockwave"],"picked":"Cleave","floor":0},{"not_picked":["Evolve","Seeing Red"],"picked":"Rampage","floor":1},{"not_picked":["Flame Barrier","Sentinel","Fire Breathing"],"picked":"SKIP","floor":2},{"not_picked":["Thunderclap","Sword Boomerang","Intimidate"],"picked":"SKIP","floor":3},{"not_picked":["Wild Strike","Twin Strike"],"picked":"Shrug It Off","floor":5},{"not_picked":["Brutality","Heavy Blade"],"picked":"Shrug It Off","floor":6},{"not_picked":["Entrench+1","Sword Boomerang"],"picked":"Shrug It Off+1","floor":8},{"not_picked":["Carnage","Perfected Strike"],"picked":"Clash","floor":11},{"not_picked":["Feel No Pain","Rampage"],"picked":"Warcry+1","floor":14},{"not_picked":["Berserk","Impervious+1"],"picked":"Juggernaut","floor":16},{"not_picked":["Sever Soul","Cleave"],"picked":"Warcry+1","floor":17},{"not_picked":["Perfected Strike","Second Wind+1"],"picked":"Anger","floor":17},{"not_picked":["Reckless Charge","Flex+1"],"picked":"Flame Barrier+1","floor":17},{"not_picked":["Offering+1","Iron Wave"],"picked":"Armaments+1","floor":17},{"not_picked":["Flex+1","Cleave","Clothesline+1"],"picked":"SKIP","floor":18},{"not_picked":["Pommel Strike+1","Demon Form"],"picked":"Clash","floor":19},{"not_picked":["Cleave","Pommel Strike+1","Dual Wield+1"],"picked":"SKIP","floor":22},{"not_picked":["Wild Strike","Bloodletting+1","Disarm+1"],"picked":"SKIP","floor":23}],"player_experience":362342,"relics_obtained":[{"floor":6,"key":"Toxic Egg 2"},{"floor":9,"key":"Paper Frog"},{"floor":21,"key":"Lantern"}],"event_choices":[{"damage_healed":0,"gold_gain":0,"player_choice":"Entered Light","damage_taken":16,"max_hp_gain":0,"max_hp_loss":0,"event_name":"Shining Light","floor":4,"gold_loss":0,"cards_upgraded":["Defend_R","Cleave"]},{"damage_healed":0,"gold_gain":0,"player_choice":"Searched \u00272\u0027 times","damage_taken":0,"relics_obtained":["Peace Pipe"],"max_hp_gain":0,"max_hp_loss":0,"event_name":"Dead Adventurer","floor":8,"gold_loss":0},{"damage_healed":0,"gold_gain":0,"player_choice":"Fled","damage_taken":33,"max_hp_gain":0,"max_hp_loss":0,"event_name":"Scrap Ooze","floor":10,"gold_loss":0},{"cards_removed":["Defend_R"],"damage_healed":0,"gold_gain":0,"player_choice":"Forget","damage_taken":0,"max_hp_gain":0,"max_hp_loss":0,"event_name":"Living Wall","floor":12,"gold_loss":0},{"damage_healed":0,"gold_gain":0,"player_choice":"Ignored","damage_taken":0,"max_hp_gain":0,"max_hp_loss":0,"event_name":"Liars Game","floor":13,"gold_loss":0},{"damage_healed":0,"gold_gain":0,"player_choice":"Obtained Relic","damage_taken":0,"relics_obtained":["Potion Belt"],"max_hp_gain":0,"max_hp_loss":0,"event_name":"Addict","floor":20,"gold_loss":85}],"is_beta":false,"boss_relics":[{"not_picked":["Runic Cube","Philosopher\u0027s Stone"],"picked":"Orrery"}],"items_purged_floors":[],"is_endless":false,"potions_floor_spawned":[1,2,5,8,11,18],"killed_by":"Slavers","ascension_level":0}