{"gold_per_floor":[117,127,202,202,202,227,227,255,255,289,8,37,37,37,37,113,113,126,51,151,169,169,201,220,247,299,309,309,309,323,341,341,341],"floor_reached":33,"playtime":1586,"items_purged":["Strike_R"],"score":641,"play_id":"6ee97f3e-98e0-4fe7-8a95-ba4f4e299d58","local_time":"20190408154302","is_ascension_mode":true,"campfire_choices":[{"data":"Carnage","floor":7,"key":"SMITH"},{"floor":13,"key":"REST"},{"data":"True Grit","floor":15,"key":"SMITH"},{"data":"Dark Embrace","floor":28,"key":"SMITH"},{"floor":32,"key":"REST"}],"neow_cost":"NONE","seed_source_timestamp":2044908767934407,"circlet_count":0,"master_deck":["AscendersBane","Strike_R+1","Strike_R+1","Strike_R+1","Defend_R","Defend_R","Defend_R","Defend_R","Bash+1","Evolve","Carnage+1","True Grit+1","Shrug It Off","Dark Embrace+1","Battle Trance","Rampage","True Grit+1","Headbutt+1"],"relics":["Black Blood","NeowsBlessing","Dodecahedron","Whetstone","Pear","Bronze Scales","Strawberry","Mercury Hourglass","Ginger","Matryoshka","Bird Faced Urn","Ancient Tea Set","Orichalcum","Anchor","Pen Nib"],"potions_floor_usage":[8,12,20,23],"damage_taken":[{"damage":0,"enemies":"2 Louse","floor":1,"turns":1},{"damage":0,"enemies":"Small Slimes","floor":2,"turns":1},{"damage":0,"enemies":"3 Sentries","floor":6,"turns":1},{"damage":18,"enemies":"Lagavulin","floor":8,"turns":6},{"damage":20,"enemies":"3 Sentries","floor":10,"turns":6},{"damage":19,"enemies":"Gremlin Nob","floor":12,"turns":4},{"damage":0,"enemies":"Slime Boss","floor":16,"turns":7},{"damage":0,"enemies":"Chosen","floor":18,"turns":3},{"damage":8,"enemies":"Colosseum Slavers","floor":20,"turns":4},{"damage":19,"enemies":"Colosseum Nobs","floor":20,"turns":4},{"damage":3,"enemies":"3 Byrds","floor":21,"turns":3},{"damage":55,"enemies":"Gremlin Leader","floor":23,"turns":7},{"damage":35,"enemies":"Snake Plant","floor":24,"turns":3},{"damage":0,"enemies":"Centurion and Healer","floor":27,"turns":5},{"damage":5,"enemies":"Snecko","floor":30,"turns":3},{"damage":19,"enemies":"Snake Plant","floor":31,"turns":4},{"damage":88,"enemies":"Automaton","floor":33,"turns":8}],"seed_played":"4548439870324132878","potions_obtained":[{"floor":2,"key":"Block Potion"},{"floor":6,"key":"Ancient Potion"},{"floor":12,"key":"Energy Potion"},{"floor":21,"key":"EssenceOfSteel"},{"floor":24,"key":"Energy Potion"},{"floor":31,"key":"FairyPotion"}],"is_trial":false,"path_per_floor":["?","?","?","?","?","?","M","T","?"],"character_chosen":"IRONCLAD","items_purchased":["Strawberry","SteroidPotion","LiquidBronze"],"campfire_rested":2,"item_purchase_floors":[11,11,19],"current_hp_per_floor":[74,75,64,57,34,40,40,28,38,24,31,18,45,92,92,92,92,92,92,83,90,90,45,20,20,20,34,34,21,30,25,52,0],"gold":341,"neow_bonus":"THREE_ENEMY_KILL","is_prod":false,"is_daily":false,"chose_seed":false,"campfire_upgraded":3,"win_rate":0,"timestamp":1554752582,"path_taken":["M","M","?","?","?","E","R","E","T","E","$","E","R","?","R","BOSS","M","$","?","M","?","E","?","?","T","M","R","?","M","M","R","BOSS"],"build_version":"2019-01-23","purchased_purges":1,"victory":false,"max_hp_per_floor":[75,75,75,75,75,75,75,75,85,85,92,92,92,92,92,92,92,92,92,92,92,92,92,92,92,92,92,92,92,92,92,92,92],"card_choices":[{"not_picked":["Flex","Fire Breathing"],"picked":"Evolve","floor":1},{"not_picked":["Twin Strike","Pommel Strike"],"picked":"Carnage","floor":2},{"not_picked":["Evolve","Burning Pact","Flex"],"picked":"SKIP","floor":6},{"not_picked":["Wild Strike","Sword Boomerang"],"picked":"True Grit","floor":8},{"not_picked":["Evolve","Iron Wave"],"picked":"Carnage","floor":10},{"not_picked":["Seeing Red","Cleave"],"picked":"Shrug It Off","floor":12},{"not_picked":["Bludgeon","Reaper"],"picked":"Dark Embrace","floor":16},{"not_picked":["Clash","Iron Wave+1"],"picked":"Battle Trance","floor":18},{"not_picked":["Evolve","Twin Strike"],"picked":"Rampage","floor":21},{"not_picked":["Twin Strike","Rupture","Combust"],"picked":"SKIP","floor":23},{"not_picked":["Wild Strike+1","Inflame","Bloodletting"],"picked":"SKIP","floor":24},{"not_picked":["Havoc","Flex"],"picked":"True Grit+1","floor":27},{"not_picked":["Rage","Uppercut","Hemokinesis"],"picked":"SKIP","floor":30},{"not_picked":["Body Slam","Clothesline"],"picked":"Headbutt+1","floor":31}],"player_experience":1615416,"relics_obtained":[{"floor":6,"key":"Dodecahedron"},{"floor":8,"key":"Whetstone"},{"floor":9,"key":"Pear"},{"floor":10,"key":"Bronze Scales"},{"floor":12,"key":"Mercury Hourglass"},{"floor":20,"key":"Ginger"},{"floor":20,"key":"Matryoshka"},{"floor":23,"key":"Bird Faced Urn"},{"floor":25,"key":"Ancient Tea Set"},{"floor":25,"key":"Orichalcum"},{"floor":26,"key":"Anchor"},{"floor":26,"key":"Pen Nib"}],"event_choices":[{"damage_healed":0,"gold_gain":75,"player_choice":"Gather Gold","damage_taken":11,"max_hp_gain":0,"max_hp_loss":0,"event_name":"World of Goop","floor":3,"gold_loss":0},{"cards_removed":["Strike_R"],"damage_healed":0,"gold_gain":0,"player_choice":"Card Removal","damage_taken":7,"max_hp_gain":0,"max_hp_loss":0,"event_name":"Golden Wing","floor":4,"gold_loss":0},{"damage_healed":0,"gold_gain":0,"player_choice":"Entered Light","damage_taken":23,"max_hp_gain":0,"max_hp_loss":0,"event_name":"Shining Light","floor":5,"gold_loss":0,"cards_upgraded":["Strike_R","Strike_R"]},{"cards_removed":["Carnage"],"damage_healed":47,"gold_gain":0,"player_choice":"Offered Uncommon","damage_taken":0,"max_hp_gain":0,"max_hp_loss":0,"event_name":"Bonfire Elementals","floor":14,"gold_loss":0},{"damage_healed":0,"gold_gain":0,"player_choice":"Fight","damage_taken":0,"max_hp_gain":0,"max_hp_loss":0,"event_name":"Colosseum","floor":20,"gold_loss":0},{"damage_healed":0,"gold_gain":0,"player_choice":"Fought Nobs","damage_taken":0,"max_hp_gain":0,"max_hp_loss":0,"event_name":"Colosseum","floor":20,"gold_loss":0},{"damage_healed":0,"gold_gain":0,"player_choice":"Ignored","damage_taken":0,"max_hp_gain":0,"max_hp_loss":0,"event_name":"The Mausoleum","floor":22,"gold_loss":0},{"damage_healed":0,"gold_gain":0,"player_choice":"Damaged","damage_taken":13,"max_hp_gain":0,"max_hp_loss":0,"event_name":"Wheel of Change","floor":29,"gold_loss":0}],"is_beta":false,"boss_relics":[{"not_picked":["Eternal Feather","White Beast Statue"],"picked":"Black Blood"}],"items_purged_floors":[11],"is_endless":false,"potions_floor_spawned":[2,6,12,18,21,24,27,31],"killed_by":"Automaton","ascension_level":15}