{"gold_per_floor":[19,29,29,29,43,87,87,162,189,189,214,214,214,214,214,339,339,360,373,3,24,43,43,43,43,67,98,119,144,144,22,22,150,150,175,175,175,191,209,250,263,288,288,130,130,144,182,202,202,202],"floor_reached":51,"playtime":5115,"items_purged":["Writhe"],"score":831,"play_id":"fbe67840-db01-4fb9-8cd6-cec3cedf6ccf","local_time":"20190411133530","is_ascension_mode":false,"campfire_choices":[{"data":"Bash","floor":7.0,"key":"SMITH"},{"data":"Corruption","floor":10.0,"key":"SMITH"},{"data":"Pommel Strike","floor":13.0,"key":"SMITH"},{"data":"Shrug It Off","floor":15.0,"key":"SMITH"},{"data":"Clothesline","floor":23.0,"key":"SMITH"},{"data":"Armaments","floor":25.0,"key":"SMITH"},{"floor":32,"key":"REST"},{"data":"Disarm","floor":49,"key":"SMITH"}],"neow_cost":"NO_GOLD","seed_source_timestamp":69607467983800,"circlet_count":0,"master_deck":["Strike_R+1","Strike_R","Strike_R","Strike_R","Strike_R+1","Defend_R","Defend_R","Defend_R","Defend_R","Bash+1","Shrug It Off+1","Metallicize","Corruption+1","Pommel Strike+1","Twin Strike","Exhume","Spot Weakness","Feed","Shrug It Off","Warcry","Iron Wave","Sentinel+1","Armaments+1","Anger","Iron Wave","Clothesline+1","Clothesline","Battle Trance+1","Feel No Pain","Barricade","Offering","Enlightenment","Transmutation","Disarm+1","Pummel","Headbutt+1","Inflame+1","Battle Trance","PanicButton","Inflame+1","Disarm+1"],"special_seed":0,"relics":["Burning Blood","Golden Idol","Gremlin Horn","Juzu Bracelet","Whetstone","Darkstone Periapt","Orrery","Membership Card","Happy Flower","Oddly Smooth Stone","Blood Vial","Anchor","Regal Pillow","Snecko Eye","Smiling Mask","Magic Flower","DollysMirror","Dream Catcher"],"potions_floor_usage":[33,40,48,50],"damage_taken":[{"damage":12.0,"enemies":"Small Slimes","floor":1.0,"turns":4.0},{"damage":3.0,"enemies":"Jaw Worm","floor":2.0,"turns":4.0},{"damage":0.0,"enemies":"2 Louse","floor":5.0,"turns":4.0},{"damage":30.0,"enemies":"3 Sentries","floor":6.0,"turns":14.0},{"damage":0.0,"enemies":"Looter","floor":11.0,"turns":3.0},{"damage":32.0,"enemies":"The Guardian","floor":16.0,"turns":13.0},{"damage":6.0,"enemies":"Spheric Guardian","floor":18.0,"turns":5.0},{"damage":0.0,"enemies":"3 Byrds","floor":19.0,"turns":6.0},{"damage":7.0,"enemies":"Snake Plant","floor":21.0,"turns":7.0},{"damage":23.0,"enemies":"Chosen and Byrds","floor":22.0,"turns":6.0},{"damage":54.0,"enemies":"Slavers","floor":27.0,"turns":7.0},{"damage":34.0,"enemies":"Sentry and Sphere","floor":28.0,"turns":8.0},{"damage":4.0,"enemies":"Shelled Parasite and Fungi","floor":29.0,"turns":8.0},{"damage":0.0,"enemies":"Snake Plant","floor":30.0,"turns":2.0},{"damage":15,"enemies":"Champ","floor":33,"turns":31},{"damage":6,"enemies":"3 Shapes","floor":35,"turns":5},{"damage":12,"enemies":"Orb Walker","floor":38,"turns":5},{"damage":0,"enemies":"Maw","floor":39,"turns":10},{"damage":0,"enemies":"Giant Head","floor":40,"turns":7},{"damage":6,"enemies":"Spire Growth","floor":41,"turns":5},{"damage":14,"enemies":"Sphere and 2 Shapes","floor":42,"turns":7},{"damage":0,"enemies":"4 Shapes","floor":46,"turns":8},{"damage":35,"enemies":"Nemesis","floor":47,"turns":7},{"damage":11,"enemies":"Transient","floor":48,"turns":5},{"damage":0,"enemies":"Time Eater","floor":50,"turns":10}],"seed_played":"-2522126366709417994","potions_obtained":[{"floor":2.0,"key":"Block Potion"},{"floor":5.0,"key":"Block Potion"},{"floor":16.0,"key":"Swift Potion"},{"floor":18.0,"key":"Weak Potion"},{"floor":19.0,"key":"LiquidBronze"},{"floor":21.0,"key":"EntropicBrew"},{"floor":27.0,"key":"BloodPotion"},{"floor":33,"key":"Explosive Potion"},{"floor":39,"key":"AttackPotion"},{"floor":40,"key":"Strength Potion"},{"floor":42,"key":"Weak Potion"}],"is_trial":false,"path_per_floor":["M","M","?","T","M","E","R","?","T","R","M","T","R","?","R","B",null,"M","M","$","M","M","R","?","R","T","E","M","M","M","$","R","B",null,"M","?","?","M","M","E","M","M","T","$","?","M","E","M","R","B",null],"character_chosen":"IRONCLAD","items_purchased":["Membership Card","Anger","Happy Flower","Oddly Smooth Stone","Barricade","Dexterity Potion","Shrug It Off","Battle Trance","PanicButton","DollysMirror"],"campfire_rested":1,"item_purchase_floors":[20,20,20,20,31,31,31,44,44,44],"current_hp_per_floor":[90,93,69,69,75,51,51,40,40,40,46,46,46,51,51,25,101,104,107,107,106,89,89,95,95,95,52,40,48,56,56,107,104,127,131,131,121,121,133,139,143,143,143,143,143,150,130,131,131,143],"gold":202,"neow_bonus":"TWENTY_PERCENT_HP_BONUS","is_prod":false,"is_daily":false,"chose_seed":false,"campfire_upgraded":7,"win_rate":1,"timestamp":1555014930,"path_taken":["M","M","?","?","M","E","R","?","T","R","M","?","R","?","R","BOSS","M","M","$","M","M","R","?","R","T","E","M","M","M","$","R","BOSS","M","?","?","M","M","E","M","M","T","$","?","M","E","M","R","BOSS"],"build_version":"2019-01-23","purchased_purges":1,"victory":true,"max_hp_per_floor":[96,96,96,96,96,96,96,96,96,96,96,96,96,101,101,101,101,104,107,107,107,107,107,113,113,113,116,119,123,123,123,123,127,127,131,131,131,135,139,139,143,151,151,151,143,150,154,154,154,154],"card_choices":[{"not_picked":["Iron Wave","Combust"],"picked":"Shrug It Off","floor":1.0},{"not_picked":["Hemokinesis","Heavy Blade"],"picked":"Metallicize","floor":2.0},{"not_picked":["True Grit","Bloodletting"],"picked":"Corruption","floor":5.0},{"not_picked":["Twin Strike","Heavy Blade"],"picked":"Pommel Strike","floor":6.0},{"not_picked":["Body Slam","Second Wind"],"picked":"Twin Strike","floor":11.0},{"not_picked":["Dark Embrace","Barricade"],"picked":"Exhume","floor":16.0},{"not_picked":["Iron Wave","True Grit"],"picked":"Spot Weakness","floor":17.0},{"not_picked":["Twin Strike","Uppercut"],"picked":"Feed","floor":17.0},{"not_picked":["Burning Pact","Havoc"],"picked":"Shrug It Off","floor":17.0},{"not_picked":["Sword Boomerang","Heavy Blade"],"picked":"Warcry","floor":17.0},{"not_picked":["Rupture","Corruption"],"picked":"Iron Wave","floor":17.0},{"not_picked":["Shrug It Off","Armaments+1"],"picked":"Sentinel+1","floor":18.0},{"not_picked":["Anger","True Grit"],"picked":"Armaments","floor":19.0},{"not_picked":["Flex","Pummel"],"picked":"Iron Wave","floor":21.0},{"not_picked":["Sword Boomerang","Clash"],"picked":"Clothesline","floor":22.0},{"not_picked":["Body Slam","Thunderclap"],"picked":"Clothesline","floor":27.0},{"not_picked":["Warcry","Flame Barrier"],"picked":"Battle Trance+1","floor":28.0},{"not_picked":["Iron Wave","Rampage"],"picked":"Feel No Pain","floor":29.0},{"not_picked":["Demon Form","Feed"],"picked":"Offering","floor":33},{"not_picked":["Flex","Cleave","Warcry+1"],"picked":"SKIP","floor":35},{"not_picked":["Dramatic Entrance","Swift Strike"],"picked":"Enlightenment","floor":37},{"not_picked":["Purity","Thinking Ahead"],"picked":"Transmutation","floor":37},{"not_picked":["Havoc+1","Sever Soul+1"],"picked":"Disarm","floor":38},{"not_picked":["Pommel Strike","Body Slam+1"],"picked":"Pummel","floor":39},{"not_picked":["Dropkick+1","Thunderclap+1"],"picked":"Headbutt+1","floor":40},{"not_picked":["Havoc+1","Anger+1","Twin Strike+1"],"picked":"SKIP","floor":41},{"not_picked":["Corruption+1","Brutality"],"picked":"Inflame+1","floor":42},{"not_picked":["Clash+1","Power Through","Rage+1"],"picked":"SKIP","floor":46},{"not_picked":["Infernal Blade","Fiend Fire"],"picked":"Disarm+1","floor":47},{"not_picked":["Thunderclap","Clothesline","Perfected Strike+1"],"picked":"SKIP","floor":48}],"player_experience":293341,"relics_obtained":[{"floor":4.0,"key":"Gremlin Horn"},{"floor":6.0,"key":"Juzu Bracelet"},{"floor":9.0,"key":"Whetstone"},{"floor":12.0,"key":"Darkstone Periapt"},{"floor":26.0,"key":"Anchor"},{"floor":27.0,"key":"Regal Pillow"},{"floor":40,"key":"Smiling Mask"},{"floor":43,"key":"Magic Flower"},{"floor":47,"key":"Dream Catcher"}],"event_choices":[{"damage_healed":0.0,"max_hp_gain":0.0,"max_hp_loss":0.0,"gold_gain":0.0,"event_name":"Golden Idol","player_choice":"Take Damage","floor":3.0,"gold_loss":0.0,"damage_taken":24.0,"relics_obtained":["Golden Idol"]},{"damage_healed":0.0,"max_hp_gain":0.0,"max_hp_loss":0.0,"gold_gain":75.0,"event_name":"World of Goop","player_choice":"Gather Gold","floor":8.0,"gold_loss":0.0,"damage_taken":11.0},{"damage_healed":0.0,"max_hp_gain":5.0,"max_hp_loss":0.0,"gold_gain":0.0,"event_name":"Big Fish","player_choice":"Donut","floor":14.0,"gold_loss":0.0,"damage_taken":0.0},{"damage_healed":0.0,"max_hp_gain":0.0,"max_hp_loss":0.0,"gold_gain":0.0,"event_name":"The Mausoleum","player_choice":"Opened","floor":24.0,"gold_loss":0.0,"damage_taken":0.0,"relics_obtained":["Blood Vial"],"cards_obtained":["Writhe"]},{"cards_removed":["Shrug It Off"],"damage_healed":0,"gold_gain":0,"player_choice":"Removed Skill","damage_taken":0,"max_hp_gain":0,"max_hp_loss":0,"event_name":"Falling","floor":36,"gold_loss":0},{"damage_healed":0,"gold_gain":0,"player_choice":"Memory 3","damage_taken":10,"max_hp_gain":0,"max_hp_loss":0,"event_name":"SensoryStone","floor":37,"gold_loss":0},{"damage_healed":0,"gold_gain":0,"player_choice":"Max HP","damage_taken":0,"max_hp_gain":0,"max_hp_loss":8,"event_name":"Winding Halls","floor":45,"gold_loss":0}],"is_beta":false,"boss_relics":[{"not_picked":["Black Star","White Beast Statue"],"picked":"Orrery"},{"not_picked":["Empty Cage","Calling Bell"],"picked":"Snecko Eye"}],"items_purged_floors":[31],"is_endless":false,"potions_floor_spawned":[2,5,16,18,19,21,27,33,39,40,42,46],"ascension_level":0}