{"gold_per_floor":[116,134,152,152,68,68,68,80,80,93,112,187,202,214,214,314,314,334,51,51,67,67,67,79,79],"floor_reached":25,"playtime":702,"items_purged":[],"score":197,"play_id":"11b6c2ee-bd52-4afd-812f-9bee522e841d","local_time":"20190204112938","is_ascension_mode":false,"campfire_choices":[{"data":"Body Slam","floor":7,"key":"SMITH"},{"floor":15,"key":"REST"},{"floor":23,"key":"REST"}],"neow_cost":"NONE","seed_source_timestamp":515523822404675,"circlet_count":0,"master_deck":["Strike_R","Strike_R","Strike_R","Defend_R","Defend_R","Defend_R","Defend_R","Bash","Impatience","Pommel Strike","Hemokinesis","Body Slam+1","Evolve","Cleave","True Grit","Flex","Inflame","True Grit","Wild Strike","Immolate","Spot Weakness","Feed","Enlightenment","Carnage","Thunderclap","Wild Strike+1"],"relics":["Burning Blood"],"potions_floor_usage":[16,16],"damage_taken":[{"damage":7,"enemies":"2 Louse","floor":1,"turns":2},{"damage":6,"enemies":"Cultist","floor":2,"turns":3},{"damage":3,"enemies":"Small Slimes","floor":3,"turns":2},{"damage":7,"enemies":"3 Louse","floor":8,"turns":3},{"damage":9,"enemies":"Lots of Slimes","floor":10,"turns":3},{"damage":13,"enemies":"Looter","floor":11,"turns":2},{"damage":10,"enemies":"Blue Slaver","floor":13,"turns":3},{"damage":13,"enemies":"Exordium Wildlife","floor":14,"turns":5},{"damage":54,"enemies":"Hexaghost","floor":16,"turns":9},{"damage":37,"enemies":"2 Thieves","floor":18,"turns":4},{"damage":29,"enemies":"Chosen","floor":21,"turns":5},{"damage":46,"enemies":"Shelled Parasite and Fungi","floor":24,"turns":7},{"damage":15,"enemies":"3 Cultists","floor":25,"turns":3}],"seed_played":"7420703827268199588","potions_obtained":[{"floor":10,"key":"AttackPotion"},{"floor":11,"key":"FearPotion"},{"floor":14,"key":"Strength Potion"}],"is_trial":false,"path_per_floor":["M","M","M","?","$","?","R","M","T","M","M","?","M","M","R","B",null,"M","$","?","M","?","R","M","M"],"character_chosen":"IRONCLAD","items_purchased":["Evolve","Cleave","Feed","Enlightenment","Carnage"],"campfire_rested":2,"item_purchase_floors":[5,5,19,19,19],"current_hp_per_floor":[79,79,80,80,80,80,80,79,79,76,69,61,57,50,74,26,80,49,49,49,29,29,53,13,0],"gold":79,"neow_bonus":"RANDOM_COLORLESS","is_prod":false,"is_daily":false,"chose_seed":false,"campfire_upgraded":1,"win_rate":0,"timestamp":1549304978,"path_taken":["M","M","M","?","?","?","R","M","T","M","M","?","?","M","R","BOSS","M","$","?","?","?","R","M","M"],"build_version":"2019-01-23","purchased_purges":0,"victory":false,"max_hp_per_floor":[80,80,80,80,80,80,80,80,80,80,80,80,80,80,80,80,80,80,80,80,83,83,83,83,83],"card_choices":[{"not_picked":["True Grit","Intimidate"],"picked":"Pommel Strike","floor":1},{"not_picked":["Clash","Whirlwind"],"picked":"Hemokinesis","floor":2},{"not_picked":["Warcry","Havoc"],"picked":"Body Slam","floor":3},{"not_picked":["Inflame","Iron Wave"],"picked":"True Grit","floor":8},{"not_picked":["Second Wind","Pommel Strike"],"picked":"Flex","floor":10},{"not_picked":["Pummel","Sword Boomerang"],"picked":"Inflame","floor":11},{"not_picked":["Warcry","Clothesline"],"picked":"True Grit","floor":13},{"not_picked":["Rampage","Dual Wield"],"picked":"Wild Strike","floor":14},{"not_picked":["Juggernaut","Bludgeon"],"picked":"Immolate","floor":16},{"not_picked":["Twin Strike+1","Flex"],"picked":"Spot Weakness","floor":18},{"not_picked":["Clash","Heavy Blade"],"picked":"Thunderclap","floor":21},{"not_picked":["Pommel Strike","Entrench"],"picked":"Wild Strike+1","floor":24}],"player_experience":1387466,"relics_obtained":[],"event_choices":[{"cards_removed":["Strike_R"],"damage_healed":0,"gold_gain":0,"player_choice":"Purged","damage_taken":0,"max_hp_gain":0,"max_hp_loss":0,"event_name":"Purifier","floor":4,"gold_loss":0},{"damage_healed":0,"gold_gain":0,"player_choice":"Fled","damage_taken":0,"max_hp_gain":0,"max_hp_loss":0,"event_name":"Scrap Ooze","floor":6,"gold_loss":0},{"damage_healed":0,"gold_gain":75,"player_choice":"Touch","damage_taken":8,"max_hp_gain":0,"max_hp_loss":0,"event_name":"FaceTrader","floor":12,"gold_loss":0},{"cards_removed":["Strike_R"],"damage_healed":0,"gold_gain":0,"player_choice":"Purged","damage_taken":0,"max_hp_gain":0,"max_hp_loss":0,"event_name":"Purifier","floor":20,"gold_loss":0},{"damage_healed":0,"gold_gain":0,"player_choice":"Ignored","damage_taken":0,"max_hp_gain":0,"max_hp_loss":0,"event_name":"The Mausoleum","floor":22,"gold_loss":0}],"is_beta":false,"boss_relics":[{"not_picked":["Astrolabe","Snecko Eye","White Beast Statue"]}],"items_purged_floors":[],"is_endless":false,"potions_floor_spawned":[10,11,14],"killed_by":"3 Cultists","ascension_level":0}