{"gold_per_floor":[112,112,129,143,156,156,168,200,278,278,304,304,316,331,331,429,479,494,494,506,506,517,517,548,548,548,548,548,565,576,595,595,690,690,705,705,705,719,737,737,749,762,792,792,808,808,401,420,420,420],"floor_reached":51,"playtime":2934,"items_purged":[],"score":939,"play_id":"3116e01a-3638-48c6-9080-a6b586f23759","local_time":"20181106001215","is_ascension_mode":true,"campfire_choices":[{"data":"Flame Barrier","floor":6,"key":"SMITH"},{"floor":10,"key":"REST"},{"data":"Disarm","floor":12,"key":"SMITH"},{"data":"Havoc","floor":15,"key":"SMITH"},{"data":"Inflame","floor":23,"key":"SMITH"},{"floor":25,"key":"REST"},{"floor":32,"key":"REST"},{"data":"Pummel","floor":40,"key":"SMITH"},{"floor":49,"key":"REST"}],"neow_cost":"NONE","seed_source_timestamp":2271107009093125,"circlet_count":0,"master_deck":["Strike_R","Strike_R","Defend_R","Defend_R","Defend_R","Defend_R+1","Bash","Iron Wave","Flame Barrier+1","Inflame+1","Anger","Disarm+1","Rage+1","Iron Wave","Limit Break","Havoc+1","Sever Soul","Exhume","Warcry","Inflame+1","Shrug It Off","Spot Weakness+1","Intimidate","Pommel Strike","Power Through","Pummel+1","Dark Embrace","Perfected Strike+1","Heavy Blade","Shrug It Off+1","Fiend Fire","Sword Boomerang","Writhe","True Grit","Burning Pact+1","Shrug It Off+1","Warcry+1","Pommel Strike","Limit Break+1","Shockwave+1","Feel No Pain","True Grit+1","Second Wind+1"],"relics":["Black Blood","Charon\u0027s Ashes","Thread and Needle","Sundial","War Paint","Tiny House","Dream Catcher","Meat on the Bone","Bottled Lightning","Tiny Chest","Toxic Egg 2","Ancient Tea Set"],"potions_floor_usage":[8,11,22,24,24,33,33,45,50],"damage_taken":[{"damage":9,"enemies":"Jaw Worm","floor":1,"turns":5},{"damage":0,"enemies":"Cultist","floor":3,"turns":4},{"damage":2,"enemies":"Small Slimes","floor":4,"turns":4},{"damage":4,"enemies":"Blue Slaver","floor":5,"turns":5},{"damage":28,"enemies":"Large Slime","floor":7,"turns":8},{"damage":22,"enemies":"3 Sentries","floor":8,"turns":7},{"damage":13,"enemies":"Lagavulin","floor":11,"turns":7},{"damage":0,"enemies":"2 Fungi Beasts","floor":13,"turns":5},{"damage":1,"enemies":"Blue Slaver","floor":14,"turns":4},{"damage":30,"enemies":"Slime Boss","floor":16,"turns":11},{"damage":30,"enemies":"Spheric Guardian","floor":18,"turns":6},{"damage":15,"enemies":"Shell Parasite","floor":20,"turns":7},{"damage":24,"enemies":"Snake Plant","floor":22,"turns":4},{"damage":37,"enemies":"Gremlin Leader","floor":24,"turns":7},{"damage":16,"enemies":"Snecko","floor":29,"turns":8},{"damage":15,"enemies":"Chosen and Byrds","floor":30,"turns":5},{"damage":5,"enemies":"Centurion and Healer","floor":31,"turns":7},{"damage":74,"enemies":"Automaton","floor":33,"turns":14},{"damage":54,"enemies":"3 Darklings","floor":35,"turns":8},{"damage":13,"enemies":"Orb Walker","floor":38,"turns":5},{"damage":26,"enemies":"4 Shapes","floor":39,"turns":9},{"damage":46,"enemies":"3 Darklings","floor":41,"turns":8},{"damage":24,"enemies":"Maw","floor":42,"turns":8},{"damage":18,"enemies":"4 Shapes","floor":45,"turns":4},{"damage":19,"enemies":"Sphere and 2 Shapes","floor":48,"turns":7},{"damage":42,"enemies":"Time Eater","floor":50,"turns":16}],"seed_played":"3887303267681646370","potions_obtained":[{"floor":1,"key":"Ancient Potion"},{"floor":7,"key":"Weak Potion"},{"floor":8,"key":"EssenceOfSteel"},{"floor":11,"key":"Poison Potion"},{"floor":16,"key":"PowerPotion"},{"floor":17,"key":"Explosive Potion"},{"floor":18,"key":"Dexterity Potion"},{"floor":24,"key":"SkillPotion"},{"floor":31,"key":"AttackPotion"},{"floor":42,"key":"EssenceOfSteel"},{"floor":48,"key":"PowerPotion"}],"is_trial":false,"path_per_floor":["M","?","M","M","M","R","M","E","T","R","E","R","M","M","R","B",null,"M","?","M","?","M","R","E","R","T","?","?","M","M","M","R","B",null,"M","?","?","M","M","R","M","M","T","T","M","?","$","M","R","B",null],"character_chosen":"IRONCLAD","items_purchased":["Limit Break+1","Shockwave+1","Feel No Pain","Ancient Tea Set"],"campfire_rested":4,"item_purchase_floors":[47,47,47,47],"current_hp_per_floor":[69,69,75,79,80,80,58,42,42,66,59,59,65,70,70,46,77,53,53,44,72,54,54,23,48,48,48,48,50,53,54,79,23,70,38,38,59,56,52,52,28,26,26,26,30,30,30,33,58,38],"gold":420,"neow_bonus":"THREE_CARDS","is_prod":false,"is_daily":false,"chose_seed":false,"campfire_upgraded":5,"win_rate":0,"timestamp":1541488335,"path_taken":["M","?","M","?","M","R","?","E","T","R","E","R","M","M","R","BOSS","M","?","M","?","M","R","E","R","T","?","?","M","M","M","R","BOSS","M","?","?","M","M","R","M","M","T","?","?","?","$","M","R","BOSS"],"build_version":"2018-11-01","purchased_purges":0,"victory":true,"max_hp_per_floor":[80,80,80,80,80,80,80,80,80,80,80,80,80,80,80,80,85,85,85,85,85,85,85,85,85,85,85,85,85,85,85,85,85,85,85,85,85,85,85,85,85,85,85,85,85,85,85,85,85,85],"card_choices":[{"not_picked":["Havoc","Thunderclap"],"picked":"Iron Wave","floor":0},{"not_picked":["Evolve","Heavy Blade"],"picked":"Flame Barrier","floor":1},{"not_picked":["Thunderclap","Bloodletting"],"picked":"Inflame","floor":3},{"not_picked":["Wild Strike","Brutality"],"picked":"Anger","floor":4},{"not_picked":["Perfected Strike","Anger"],"picked":"Disarm","floor":5},{"not_picked":["Rupture","Perfected Strike"],"picked":"Rage","floor":7},{"not_picked":["Headbutt","Wild Strike"],"picked":"Iron Wave","floor":8},{"not_picked":["Berserk","Twin Strike"],"picked":"Limit Break","floor":11},{"not_picked":["Wild Strike","Pommel Strike"],"picked":"Havoc","floor":13},{"not_picked":["Twin Strike","Shrug It Off"],"picked":"Sever Soul","floor":14},{"not_picked":["Offering","Reaper"],"picked":"Exhume","floor":16},{"not_picked":["Anger","Evolve"],"picked":"Warcry","floor":17},{"not_picked":["Rampage","Hemokinesis"],"picked":"Inflame","floor":18},{"not_picked":["Heavy Blade+1","Twin Strike"],"picked":"Shrug It Off","floor":20},{"not_picked":["Heavy Blade","Clash"],"picked":"Spot Weakness+1","floor":22},{"not_picked":["Sentinel","Flex+1"],"picked":"Intimidate","floor":24},{"not_picked":["Body Slam","Clash"],"picked":"Pommel Strike","floor":25},{"not_picked":["Headbutt","Searing Blow"],"picked":"Dark Embrace","floor":29},{"not_picked":["Flex","Wild Strike"],"picked":"Perfected Strike+1","floor":30},{"not_picked":["Seeing Red","Anger"],"picked":"Heavy Blade","floor":31},{"not_picked":["Inflame","Wild Strike"],"picked":"Shrug It Off+1","floor":32},{"not_picked":["Offering","Exhume"],"picked":"Fiend Fire","floor":33},{"not_picked":["Thunderclap+1","Iron Wave+1"],"picked":"Sword Boomerang","floor":35},{"not_picked":["Fire Breathing+1","Flex+1"],"picked":"True Grit","floor":38},{"not_picked":["Fire Breathing+1","Cleave"],"picked":"Burning Pact+1","floor":39},{"not_picked":["Infernal Blade","Flex"],"picked":"Shrug It Off+1","floor":41},{"not_picked":["Anger+1","Iron Wave+1"],"picked":"Warcry+1","floor":42},{"not_picked":["Clothesline","Wild Strike"],"picked":"Pommel Strike","floor":45},{"not_picked":["Sever Soul","Iron Wave"],"picked":"True Grit+1","floor":48},{"not_picked":["Infernal Blade+1","Uppercut"],"picked":"Second Wind+1","floor":49}],"player_experience":1013900,"relics_obtained":[{"floor":8,"key":"Thread and Needle"},{"floor":9,"key":"Sundial"},{"floor":11,"key":"War Paint"},{"floor":24,"key":"Meat on the Bone"},{"floor":26,"key":"Bottled Lightning"},{"floor":43,"key":"Tiny Chest"},{"floor":44,"key":"Toxic Egg 2"}],"event_choices":[{"damage_healed":0,"gold_gain":0,"player_choice":"Gave Potion","damage_taken":0,"relics_obtained":["Charon\u0027s Ashes"],"max_hp_gain":0,"max_hp_loss":0,"event_name":"WeMeetAgain","floor":2,"gold_loss":0},{"damage_healed":0,"gold_gain":0,"player_choice":"Opened","damage_taken":0,"relics_obtained":["Dream Catcher"],"max_hp_gain":0,"max_hp_loss":0,"event_name":"The Mausoleum","floor":19,"gold_loss":0},{"damage_healed":28,"gold_gain":0,"player_choice":"Heal","damage_taken":0,"max_hp_gain":0,"max_hp_loss":0,"event_name":"The Library","floor":21,"gold_loss":0},{"damage_healed":0,"gold_gain":0,"player_choice":"Ignored","damage_taken":0,"max_hp_gain":0,"max_hp_loss":0,"event_name":"Cursed Tome","floor":27,"gold_loss":0},{"damage_healed":0,"gold_gain":0,"cards_transformed":["Strike_R","Strike_R"],"player_choice":"Became Test Subject","damage_taken":0,"max_hp_gain":0,"max_hp_loss":0,"event_name":"Drug Dealer","floor":28,"gold_loss":0,"cards_obtained":["Power Through","Pummel"]},{"cards_removed":["Strike_R"],"damage_healed":0,"gold_gain":0,"player_choice":"Removed Attack","damage_taken":0,"max_hp_gain":0,"max_hp_loss":0,"event_name":"Falling","floor":36,"gold_loss":0},{"damage_healed":21,"gold_gain":0,"player_choice":"Writhe","damage_taken":0,"max_hp_gain":0,"max_hp_loss":0,"event_name":"Winding Halls","floor":37,"gold_loss":0,"cards_obtained":["Writhe"]},{"damage_healed":0,"gold_gain":0,"player_choice":"Ignored","damage_taken":0,"max_hp_gain":0,"max_hp_loss":0,"event_name":"Mysterious Sphere","floor":46,"gold_loss":0}],"is_beta":false,"boss_relics":[{"not_picked":["Mark of Pain","Runic Dome"],"picked":"Tiny House"},{"not_picked":["Eternal Feather","Orrery"],"picked":"Black Blood"}],"items_purged_floors":[],"is_endless":false,"potions_floor_spawned":[1,7,8,11,16,18,20,24,31,42,48],"ascension_level":8}