{"gold_per_floor":[117,117,117,117,135,179,179,212,212,235,235,2,2,23,23,144,144,163,182,182,182,10,49,0,0],"floor_reached":25,"playtime":806,"items_purged":["Regret","Writhe"],"score":382,"play_id":"798098e2-1f82-4b56-9d7e-e8b78c7f81ce","local_time":"20181029220600","is_ascension_mode":true,"campfire_choices":[{"data":"Genetic Algorithm","floor":7,"key":"SMITH"},{"data":"Creative AI","floor":11,"key":"SMITH"},{"data":"Double Energy","floor":15,"key":"SMITH"}],"neow_cost":"NONE","seed_source_timestamp":189375694337201,"circlet_count":0,"master_deck":["Defend_B","Defend_B","Defend_B+1","Zap","Dualcast","Coolheaded+1","Beam Cell","Genetic Algorithm+1","Cold Snap","Coolheaded","Creative AI+1","Defragment","Coolheaded","Beam Cell","White Noise","Double Energy+1","Amplify","Loop","BootSequence","Glacier+1","Bite","Bite","Bite","Bite","Bite","Defragment","Coolheaded+1"],"relics":["Cracked Core","NeowsBlessing","Girya","Golden Idol","Du-Vu Doll","Vajra","Prayer Wheel","Black Star","Unceasing Top","Smiling Mask","Art of War"],"potions_floor_usage":[8,19,23],"damage_taken":[{"damage":0,"enemies":"2 Louse","floor":1,"turns":1},{"damage":0,"enemies":"Jaw Worm","floor":5,"turns":1},{"damage":0,"enemies":"Gremlin Nob","floor":6,"turns":1},{"damage":2,"enemies":"3 Sentries","floor":8,"turns":2},{"damage":2,"enemies":"Cultist","floor":10,"turns":3},{"damage":0,"enemies":"2 Fungi Beasts","floor":14,"turns":3},{"damage":25,"enemies":"The Guardian","floor":16,"turns":9},{"damage":26,"enemies":"Chosen","floor":18,"turns":8},{"damage":6,"enemies":"3 Byrds","floor":19,"turns":3},{"damage":23,"enemies":"Book of Stabbing","floor":23,"turns":9},{"damage":38,"enemies":"Slavers","floor":25,"turns":4}],"seed_played":"9104599807886032205","potions_obtained":[{"floor":5,"key":"PowerPotion"},{"floor":8,"key":"Regen Potion"},{"floor":18,"key":"PowerPotion"},{"floor":19,"key":"SteroidPotion"}],"is_trial":false,"path_per_floor":["M","?","?","?","M","E","R","E","T","M","R","$","?","M","R","B",null,"M","M","?","?","$","E","$"],"character_chosen":"DEFECT","items_purchased":["Defragment","Coolheaded","Beam Cell","Defragment","Dexterity Potion"],"campfire_rested":0,"item_purchase_floors":[12,12,12,22,24],"current_hp_per_floor":[75,75,69,55,55,55,55,53,53,51,51,51,44,44,44,19,69,43,37,37,37,37,32,32,0],"gold":0,"neow_bonus":"THREE_ENEMY_KILL","is_prod":false,"is_daily":false,"chose_seed":false,"campfire_upgraded":3,"win_rate":0,"timestamp":1540865160,"path_taken":["M","?","?","?","M","E","R","E","T","M","R","$","?","M","R","BOSS","M","M","?","?","?","E","?","E"],"build_version":"2018-10-29v2","purchased_purges":2,"victory":false,"max_hp_per_floor":[75,75,69,69,69,69,69,69,69,69,69,69,69,69,69,69,69,69,69,48,48,48,48,48,48],"card_choices":[{"not_picked":["Compile Driver","Barrage"],"picked":"Coolheaded","floor":1},{"not_picked":["Tempest","Streamline"],"picked":"Beam Cell","floor":5},{"not_picked":["Fusion","Static Discharge"],"picked":"Genetic Algorithm","floor":6},{"not_picked":["Compile Driver","Redo"],"picked":"Cold Snap","floor":8},{"not_picked":["Double Energy","Conserve Battery"],"picked":"Coolheaded","floor":10},{"not_picked":["Reinforced Body","Go for the Eyes"],"picked":"Creative AI","floor":10},{"not_picked":["Beam Cell","Melter"],"picked":"White Noise","floor":14},{"not_picked":["Barrage","Melter"],"picked":"Double Energy","floor":14},{"not_picked":["Core Surge","Reboot"],"picked":"Amplify","floor":16},{"not_picked":["Steam+1","Gash+1"],"picked":"Loop","floor":18},{"not_picked":["Rip and Tear","Go for the Eyes","Gash+1"],"picked":"SKIP","floor":18},{"not_picked":["Biased Cognition","Skim"],"picked":"BootSequence","floor":19},{"not_picked":["Cold Snap","Go for the Eyes"],"picked":"Glacier+1","floor":19},{"not_picked":["Beam Cell+1","Streamline+1"],"picked":"Coolheaded+1","floor":23}],"player_experience":424097,"relics_obtained":[{"floor":6,"key":"Du-Vu Doll"},{"floor":8,"key":"Vajra"},{"floor":9,"key":"Prayer Wheel"},{"floor":23,"key":"Smiling Mask"},{"floor":23,"key":"Art of War"}],"event_choices":[{"damage_healed":0,"gold_gain":0,"player_choice":"Box","damage_taken":0,"relics_obtained":["Girya"],"max_hp_gain":0,"max_hp_loss":0,"event_name":"Big Fish","floor":2,"gold_loss":0,"cards_obtained":["Regret"]},{"damage_healed":0,"gold_gain":0,"player_choice":"Lose Max HP","damage_taken":0,"relics_obtained":["Golden Idol"],"max_hp_gain":0,"max_hp_loss":6,"event_name":"Golden Idol","floor":3,"gold_loss":0},{"damage_healed":0,"gold_gain":0,"player_choice":"Entered Light","damage_taken":14,"max_hp_gain":0,"max_hp_loss":0,"event_name":"Shining Light","floor":4,"gold_loss":0,"cards_upgraded":["Coolheaded","Defend_B"]},{"cards_removed":["Defend_B"],"damage_healed":0,"gold_gain":0,"player_choice":"Card Removal","damage_taken":7,"max_hp_gain":0,"max_hp_loss":0,"event_name":"Golden Wing","floor":13,"gold_loss":0},{"damage_healed":0,"gold_gain":0,"player_choice":"Became a vampire","damage_taken":0,"max_hp_gain":0,"max_hp_loss":21,"event_name":"Vampires","floor":20,"gold_loss":0,"cards_obtained":["Bite","Bite","Bite","Bite","Bite"]},{"damage_healed":0,"gold_gain":0,"player_choice":"Opened","damage_taken":0,"relics_obtained":["Unceasing Top"],"max_hp_gain":0,"max_hp_loss":0,"event_name":"The Mausoleum","floor":21,"gold_loss":0,"cards_obtained":["Writhe"]}],"is_beta":true,"boss_relics":[{"not_picked":["Lizard Tail","Velvet Choker"],"picked":"Black Star"}],"items_purged_floors":[12,22],"is_endless":false,"potions_floor_spawned":[5,8,18,19],"killed_by":"Slavers","ascension_level":4}