{"gold_per_floor":[213,230,242,78,97,97,116,146,146,202,202,228,228,240,240,317,317,328,328,357,40,40,40,52,87,87,102,102,135,153,188,188,266,266,278,126,126,146,20,47,60,89,89,89,101,101,128,148,148,148,148,148,48,74,74],"floor_reached":55,"playtime":5063,"items_purged":["Strike_G","Eviscerate","Predator"],"score":1710,"play_id":"a0bd3c31-2d21-4c6c-90db-bbf3d6cd8e5f","local_time":"20190405204046","is_ascension_mode":true,"campfire_choices":[{"data":"All Out Attack","floor":6,"key":"SMITH"},{"floor":11,"key":"REST"},{"data":"Neutralize","floor":13,"key":"SMITH"},{"data":"After Image","floor":15,"key":"SMITH"},{"data":"Noxious Fumes","floor":23,"key":"SMITH"},{"data":"Infinite Blades","floor":28,"key":"SMITH"},{"data":"Crippling Poison","floor":32,"key":"SMITH"},{"data":"Infinite Blades","floor":46,"key":"SMITH"},{"floor":49,"key":"RECALL"},{"data":"Noxious Fumes","floor":52,"key":"SMITH"}],"neow_cost":"NONE","seed_source_timestamp":1800098905152824,"circlet_count":0,"master_deck":["AscendersBane","Survivor","Neutralize+1","All Out Attack+1","Well Laid Plans","Backstab","After Image+1","Dagger Throw","Adrenaline","Escape Plan","Deflect","Noxious Fumes+1","Infinite Blades+1","Glass Knife","Footwork","Backstab","Heel Hook","Deflect","Blur","Dodge and Roll","Backflip","Footwork+1","Crippling Poison+1","Sucker Punch+1","Malaise","Cloak And Dagger","Noxious Fumes+1","Adrenaline","PiercingWail","Footwork","Infinite Blades+1","Dodge and Roll"],"relics":["Ring of the Snake","Snake Skull","PreservedInsect","Whetstone","Bottled Flame","Pandora\u0027s Box","Red Mask","FossilizedHelix","Ginger","Molten Egg 2","The Courier","Pantograph","Sozu","Regal Pillow","Bronze Scales","Bag of Preparation","Tingsha"],"potions_floor_usage":[5,55],"damage_taken":[{"damage":0,"enemies":"2 Louse","floor":1,"turns":3},{"damage":6,"enemies":"Small Slimes","floor":2,"turns":4},{"damage":0,"enemies":"Jaw Worm","floor":3,"turns":3},{"damage":8,"enemies":"Looter","floor":5,"turns":4},{"damage":0,"enemies":"Blue Slaver","floor":7,"turns":4},{"damage":24,"enemies":"3 Sentries","floor":8,"turns":10},{"damage":8,"enemies":"Lagavulin Event","floor":10,"turns":6},{"damage":0,"enemies":"Gremlin Nob","floor":12,"turns":2},{"damage":5,"enemies":"Exordium Thugs","floor":14,"turns":3},{"damage":8,"enemies":"The Guardian","floor":16,"turns":16},{"damage":9,"enemies":"Shell Parasite","floor":18,"turns":3},{"damage":5,"enemies":"Masked Bandits","floor":20,"turns":4},{"damage":0,"enemies":"3 Byrds","floor":24,"turns":5},{"damage":0,"enemies":"Slavers","floor":25,"turns":4},{"damage":0,"enemies":"Centurion and Healer","floor":27,"turns":6},{"damage":0,"enemies":"Book of Stabbing","floor":29,"turns":5},{"damage":0,"enemies":"3 Cultists","floor":30,"turns":4},{"damage":0,"enemies":"Gremlin Leader","floor":31,"turns":5},{"damage":21,"enemies":"Automaton","floor":33,"turns":12},{"damage":9,"enemies":"Orb Walker","floor":35,"turns":3},{"damage":0,"enemies":"3 Shapes","floor":38,"turns":6},{"damage":0,"enemies":"Giant Head","floor":40,"turns":8},{"damage":0,"enemies":"Jaw Worm Horde","floor":41,"turns":4},{"damage":0,"enemies":"Reptomancer","floor":42,"turns":6},{"damage":0,"enemies":"Writhing Mass","floor":45,"turns":8},{"damage":0,"enemies":"Giant Head","floor":47,"turns":8},{"damage":0,"enemies":"4 Shapes","floor":48,"turns":5},{"damage":18,"enemies":"Donu and Deca","floor":50,"turns":9},{"damage":21,"enemies":"Shield and Spear","floor":54,"turns":5},{"damage":63,"enemies":"The Heart","floor":55,"turns":5}],"seed_played":"-8120007277045826292","potions_obtained":[{"floor":1,"key":"GhostInAJar"},{"floor":2,"key":"FearPotion"},{"floor":10,"key":"AttackPotion"},{"floor":31,"key":"PowerPotion"}],"is_trial":false,"path_per_floor":["?","?","?","?","?","?"],"character_chosen":"THE_SILENT","items_purchased":["Well Laid Plans","FossilizedHelix","Noxious Fumes","Adrenaline"],"campfire_rested":1,"item_purchase_floors":[4,21,36,39],"current_hp_per_floor":[59,53,53,53,45,45,45,21,21,13,32,32,32,27,27,19,54,45,45,40,40,40,40,40,40,40,40,40,40,40,40,40,44,61,52,52,52,52,52,52,52,52,52,52,52,52,52,52,52,45,59,59,59,38,0],"gold":74,"neow_bonus":"HUNDRED_GOLD","is_prod":false,"is_daily":false,"chose_seed":false,"campfire_upgraded":8,"win_rate":0,"timestamp":1554511246,"path_taken":["M","M","M","$","M","R","M","E","T","?","R","E","R","M","R","BOSS","M","?","?","$","?","R","M","E","T","M","R","E","M","E","R","BOSS","M","$","?","M","$","E","M","E","T","?","M","R","E","M","R","BOSS","R","$","E","BOSS"],"build_version":"2019-01-23","purchased_purges":3,"victory":false,"max_hp_per_floor":[66,66,66,66,66,66,66,66,66,66,66,66,66,66,66,66,66,66,66,66,66,66,66,66,66,66,66,66,66,66,66,66,66,66,66,66,63,63,63,63,63,63,63,63,63,63,63,63,63,63,63,63,63,63,63],"card_choices":[{"not_picked":["Blur","Dodge and Roll"],"picked":"All Out Attack","floor":1},{"not_picked":["Sucker Punch","Underhanded Strike"],"picked":"Predator","floor":2},{"not_picked":["PiercingWail","Flechettes","Terror"],"picked":"SKIP","floor":3},{"not_picked":["Catalyst","Flechettes","Underhanded Strike"],"picked":"SKIP","floor":5},{"not_picked":["PiercingWail","Bane"],"picked":"Backstab","floor":7},{"not_picked":["Quick Slash","Deadly Poison"],"picked":"After Image","floor":8},{"not_picked":["Deflect","Underhanded Strike"],"picked":"Dagger Throw","floor":10},{"not_picked":["Deflect","Bane"],"picked":"Adrenaline","floor":12},{"not_picked":["Expertise","Leg Sweep"],"picked":"Escape Plan","floor":14},{"not_picked":["Tools of the Trade","Night Terror"],"picked":"Glass Knife","floor":16},{"not_picked":["Leg Sweep","Slice"],"picked":"Deflect","floor":18},{"not_picked":["Catalyst","Slice"],"picked":"Blur","floor":20},{"not_picked":["Poisoned Stab+1","Cloak And Dagger"],"picked":"Backflip","floor":24},{"not_picked":["Crippling Poison","Outmaneuver"],"picked":"Footwork+1","floor":25},{"not_picked":["Deadly Poison","Acrobatics","Poisoned Stab+1"],"picked":"SKIP","floor":27},{"not_picked":["Underhanded Strike+1","Quick Slash+1"],"picked":"Crippling Poison","floor":29},{"not_picked":["Dash+1","Underhanded Strike+1","Phantasmal Killer"],"picked":"SKIP","floor":30},{"not_picked":["Accuracy","Acrobatics"],"picked":"Sucker Punch+1","floor":31},{"not_picked":["Phantasmal Killer","Venomology"],"picked":"Malaise","floor":33},{"not_picked":["Poisoned Stab+1","Underhanded Strike+1"],"picked":"Cloak And Dagger","floor":35},{"not_picked":["Deadly Poison","Slice+1","Blade Dance"],"picked":"SKIP","floor":38},{"not_picked":["Slice+1","Caltrops","Skewer+1"],"picked":"SKIP","floor":40},{"not_picked":["Caltrops","Prepared"],"picked":"PiercingWail","floor":41},{"not_picked":["Acrobatics+1","Outmaneuver+1"],"picked":"Footwork","floor":42},{"not_picked":["Deflect","PiercingWail"],"picked":"Infinite Blades","floor":45},{"not_picked":["Blade Dance","Accuracy","Acrobatics"],"picked":"SKIP","floor":47},{"not_picked":["Flying Knee+1","Slice+1","Bane+1"],"picked":"SKIP","floor":48},{"not_picked":["Envenom","Bane+1"],"picked":"Dodge and Roll","floor":54}],"player_experience":1528099,"relics_obtained":[{"floor":8,"key":"Snake Skull"},{"floor":9,"key":"PreservedInsect"},{"floor":10,"key":"Whetstone"},{"floor":12,"key":"Bottled Flame"},{"floor":20,"key":"Red Mask"},{"floor":25,"key":"Ginger"},{"floor":26,"key":"Molten Egg 2"},{"floor":29,"key":"The Courier"},{"floor":31,"key":"Pantograph"},{"floor":40,"key":"Regal Pillow"},{"floor":42,"key":"Bronze Scales"},{"floor":47,"key":"Bag of Preparation"},{"floor":54,"key":"Tingsha"}],"event_choices":[{"damage_healed":0,"gold_gain":30,"player_choice":"Searched \u00272\u0027 times","damage_taken":0,"max_hp_gain":0,"max_hp_loss":0,"event_name":"Dead Adventurer","floor":10,"gold_loss":0},{"damage_healed":0,"gold_gain":0,"player_choice":"Ignored","damage_taken":0,"max_hp_gain":0,"max_hp_loss":0,"event_name":"The Mausoleum","floor":19,"gold_loss":0},{"damage_healed":0,"gold_gain":0,"player_choice":"Fought Bandits","damage_taken":0,"max_hp_gain":0,"max_hp_loss":0,"event_name":"Masked Bandits","floor":20,"gold_loss":0},{"damage_healed":0,"gold_gain":0,"cards_transformed":["Outmaneuver","Flechettes"],"player_choice":"Became Test Subject","damage_taken":0,"max_hp_gain":0,"max_hp_loss":0,"event_name":"Drug Dealer","floor":22,"gold_loss":0,"cards_obtained":["Dodge and Roll","Eviscerate"]},{"damage_healed":0,"gold_gain":0,"player_choice":"Max HP","damage_taken":0,"max_hp_gain":0,"max_hp_loss":3,"event_name":"Winding Halls","floor":37,"gold_loss":0},{"cards_removed":["Glass Knife"],"damage_healed":0,"gold_gain":0,"player_choice":"Removed Attack","damage_taken":0,"max_hp_gain":0,"max_hp_loss":0,"event_name":"Falling","floor":44,"gold_loss":0}],"is_beta":false,"boss_relics":[{"not_picked":["HoveringKite","WristBlade"],"picked":"Pandora\u0027s Box"},{"not_picked":["Busted Crown","Snecko Eye"],"picked":"Sozu"}],"items_purged_floors":[4,36,53],"is_endless":false,"potions_floor_spawned":[1,2,10,14,16,27,30,31,33,40,41,45,47],"killed_by":"The Heart","ascension_level":16}