{"gold_per_floor":[119,394,409,422,442,442,452,470,470,470,482,482,494,494,494,596,596,610,610,623,642,642],"floor_reached":22,"playtime":664,"items_purged":[],"score":182,"play_id":"a63da0ce-f5c6-4d85-ad9e-13f2b8d8b841","local_time":"20190211120026","is_ascension_mode":false,"campfire_choices":[{"data":"Demon Form","floor":6,"key":"SMITH"},{"floor":10,"key":"REST"},{"data":"Uppercut","floor":15,"key":"SMITH"}],"neow_cost":"NONE","seed_source_timestamp":1122221703382440,"circlet_count":0,"master_deck":["Strike_R","Strike_R","Strike_R","Strike_R","Strike_R","Defend_R","Defend_R","Defend_R","Defend_R","Bash","Demon Form+1","Thunderclap","Regret","Uppercut+1","Pommel Strike","Twin Strike","Sword Boomerang","Flex","Reckless Charge","Parasite","Reaper","Twin Strike","Intimidate","Clothesline"],"relics":["Black Blood"],"potions_floor_usage":[5,8,11,20,21],"damage_taken":[{"damage":6,"enemies":"Jaw Worm","floor":1,"turns":3},{"damage":6,"enemies":"Cultist","floor":3,"turns":3},{"damage":12,"enemies":"2 Louse","floor":4,"turns":3},{"damage":18,"enemies":"Lots of Slimes","floor":5,"turns":5},{"damage":39,"enemies":"Exordium Thugs","floor":7,"turns":4},{"damage":18,"enemies":"Red Slaver","floor":8,"turns":4},{"damage":25,"enemies":"Gremlin Gang","floor":11,"turns":4},{"damage":7,"enemies":"Looter","floor":13,"turns":3},{"damage":58,"enemies":"Hexaghost","floor":16,"turns":8},{"damage":44,"enemies":"2 Thieves","floor":18,"turns":4},{"damage":48,"enemies":"Shell Parasite","floor":20,"turns":7},{"damage":36,"enemies":"3 Cultists","floor":21,"turns":6},{"damage":25,"enemies":"Centurion and Healer","floor":22,"turns":3}],"seed_played":"3668518905447055825","potions_obtained":[{"floor":4,"key":"Regen Potion"},{"floor":5,"key":"GamblersBrew"},{"floor":8,"key":"Regen Potion"},{"floor":11,"key":"Ancient Potion"},{"floor":19,"key":"SkillPotion"},{"floor":19,"key":"Strength Potion"},{"floor":21,"key":"Ancient Potion"}],"is_trial":false,"path_per_floor":["M","?","M","M","M","R","M","M","T","R","M","T","M","?","R","B",null,"M","?","M","M","M"],"character_chosen":"IRONCLAD","items_purchased":[],"campfire_rested":1,"item_purchase_floors":[],"current_hp_per_floor":[80,80,80,74,74,74,41,29,29,53,46,46,45,65,65,13,80,60,60,36,22,0],"gold":642,"neow_bonus":"ONE_RANDOM_RARE_CARD","is_prod":false,"is_daily":false,"chose_seed":false,"campfire_upgraded":2,"win_rate":0,"timestamp":1549911626,"path_taken":["M","?","M","M","M","R","M","?","T","R","M","?","M","?","R","BOSS","M","?","?","M","M"],"build_version":"2019-01-23","purchased_purges":0,"victory":false,"max_hp_per_floor":[80,80,80,80,80,80,80,80,80,80,80,80,80,80,80,80,80,80,80,80,80,80],"card_choices":[{"not_picked":["Armaments","Havoc"],"picked":"Thunderclap","floor":1},{"not_picked":["True Grit","Havoc"],"picked":"Uppercut","floor":3},{"not_picked":["Armaments","Berserk"],"picked":"Pommel Strike","floor":4},{"not_picked":["Body Slam","Warcry"],"picked":"Twin Strike","floor":5},{"not_picked":["Anger","Havoc"],"picked":"Sword Boomerang","floor":7},{"not_picked":["Headbutt","Armaments"],"picked":"Flex","floor":8},{"not_picked":["Sentinel","Headbutt"],"picked":"Reckless Charge","floor":11},{"not_picked":["Blood for Blood","Clash","Evolve"],"picked":"SKIP","floor":13},{"not_picked":["Immolate","Brutality"],"picked":"Reaper","floor":16},{"not_picked":["Perfected Strike+1","Havoc"],"picked":"Twin Strike","floor":18},{"not_picked":["Headbutt","Perfected Strike+1"],"picked":"Intimidate","floor":20},{"not_picked":["Body Slam","Wild Strike"],"picked":"Clothesline","floor":21}],"player_experience":1432653,"relics_obtained":[],"event_choices":[{"damage_healed":0,"gold_gain":275,"player_choice":"Desecrate","damage_taken":0,"max_hp_gain":0,"max_hp_loss":0,"event_name":"Golden Shrine","floor":2,"gold_loss":0,"cards_obtained":["Regret"]},{"damage_healed":20,"gold_gain":0,"player_choice":"Healed and dodged fight","damage_taken":0,"max_hp_gain":0,"max_hp_loss":0,"event_name":"Mushrooms","floor":14,"gold_loss":0,"cards_obtained":["Parasite"]},{"damage_healed":0,"gold_gain":0,"player_choice":"Got Potions","damage_taken":0,"max_hp_gain":0,"max_hp_loss":0,"event_name":"Lab","floor":19,"gold_loss":0}],"is_beta":false,"boss_relics":[{"not_picked":["Eternal Feather","Cursed Key"],"picked":"Black Blood"}],"items_purged_floors":[],"is_endless":false,"potions_floor_spawned":[4,5,8,11,21],"killed_by":"Centurion and Healer","ascension_level":0}