{"gold_per_floor":[110,128,128,128,143,172,172,172,226,257,257,275,200,200,200,304,304,324,324,337,337,37,37,57,57,111,111,146,201,234,249,249,354,354,364,364,374,374,394,422,422,32,107,118,118,133,146,175,175,175],"floor_reached":51,"playtime":3578,"items_purged":["Second Wind"],"score":803,"play_id":"2666b569-b973-4086-9621-ea8a9cfaff54","local_time":"20190211121349","is_ascension_mode":false,"campfire_choices":[{"floor":8,"key":"REST"},{"floor":11,"key":"REST"},{"data":"Juggernaut","floor":15,"key":"SMITH"},{"data":"Metallicize","floor":25,"key":"SMITH"},{"data":"Feed","floor":27,"key":"SMITH"},{"floor":32,"key":"REST"},{"floor":41,"key":"REST"},{"floor":49,"key":"REST"}],"neow_cost":"PERCENT_DAMAGE","seed_source_timestamp":341616953462828,"circlet_count":0,"master_deck":["Strike_R+1","Strike_R+1","Strike_R+1","Strike_R+1","Defend_R+1","Defend_R+1","Defend_R+1","Bash","Cleave","Flex+1","Iron Wave","Juggernaut+1","Feed+1","Pommel Strike+1","Metallicize+1","Dual Wield+1","Flex","Flame Barrier+1","Inflame","Feed"],"relics":["Burning Blood","StoneCalendar","Lantern","Omamori","Mummified Hand","WarpedTongs","Lizard Tail","War Paint","Incense Burner","Tiny Chest","Pen Nib","Bronze Scales","Ancient Tea Set","Orrery","Strawberry","Blood Vial","Membership Card","Red Skull","Singing Bowl","Oddly Smooth Stone","Bag of Preparation"],"potions_floor_usage":[12,18,20,28,31,33,46,46,50,50],"damage_taken":[{"damage":0,"enemies":"2 Louse","floor":1,"turns":3},{"damage":0,"enemies":"Small Slimes","floor":2,"turns":3},{"damage":1,"enemies":"Cultist","floor":5,"turns":3},{"damage":31,"enemies":"Lagavulin","floor":6,"turns":5},{"damage":25,"enemies":"3 Sentries","floor":10,"turns":7},{"damage":10,"enemies":"Exordium Thugs","floor":12,"turns":2},{"damage":23,"enemies":"Hexaghost","floor":16,"turns":7},{"damage":20,"enemies":"Shell Parasite","floor":18,"turns":6},{"damage":22,"enemies":"3 Byrds","floor":20,"turns":5},{"damage":2,"enemies":"Centurion and Healer","floor":24,"turns":5},{"damage":44,"enemies":"Gremlin Leader","floor":28,"turns":7},{"damage":37,"enemies":"Slavers","floor":30,"turns":4},{"damage":0,"enemies":"Snake Plant","floor":31,"turns":3},{"damage":53,"enemies":"Collector","floor":33,"turns":10},{"damage":16,"enemies":"3 Darklings","floor":35,"turns":5},{"damage":1,"enemies":"Orb Walker","floor":37,"turns":4},{"damage":24,"enemies":"3 Darklings","floor":39,"turns":5},{"damage":27,"enemies":"Reptomancer","floor":40,"turns":7},{"damage":44,"enemies":"Transient","floor":44,"turns":5},{"damage":8,"enemies":"Writhing Mass","floor":46,"turns":7},{"damage":1,"enemies":"Maw","floor":47,"turns":6},{"damage":70,"enemies":"Giant Head","floor":48,"turns":9},{"damage":138,"enemies":"Donu and Deca","floor":50,"turns":12}],"seed_played":"-4358484992594637832","potions_obtained":[{"floor":2,"key":"SpeedPotion"},{"floor":5,"key":"BloodPotion"},{"floor":10,"key":"Explosive Potion"},{"floor":16,"key":"FairyPotion"},{"floor":18,"key":"Regen Potion"},{"floor":24,"key":"Swift Potion"},{"floor":30,"key":"Swift Potion"},{"floor":40,"key":"BloodPotion"},{"floor":44,"key":"SkillPotion"},{"floor":46,"key":"Dexterity Potion"},{"floor":47,"key":"SneckoOil"}],"is_trial":false,"path_per_floor":["?","?","?","M","?","?","?","?","T","M","T","M","?","$","T"],"character_chosen":"IRONCLAD","items_purchased":["Incense Burner","Membership Card","Inflame","Feed","Red Skull"],"campfire_rested":5,"item_purchase_floors":[22,42,42,42,42],"current_hp_per_floor":[62,68,52,52,57,32,32,56,56,37,61,57,57,57,57,40,80,78,78,75,75,75,75,82,82,82,82,48,48,21,27,56,13,103,93,100,109,114,100,79,114,114,114,80,80,98,107,51,91,57],"gold":175,"neow_bonus":"ONE_RARE_RELIC","is_prod":false,"is_daily":false,"chose_seed":false,"campfire_upgraded":3,"win_rate":0,"timestamp":1549905229,"path_taken":["M","M","?","?","M","E","?","R","T","E","R","?","$","?","R","BOSS","M","?","M","?","$","?","M","R","T","R","E","?","E","?","R","BOSS","M","?","?","?","M","E","R","?","T","M","?","M","M","E","R","BOSS"],"build_version":"2019-01-23","purchased_purges":1,"victory":true,"max_hp_per_floor":[80,80,80,80,80,80,80,80,80,80,80,80,80,80,80,80,80,84,84,88,88,88,88,91,91,91,91,95,95,99,99,99,103,103,103,110,114,114,118,118,118,118,118,120,120,126,128,134,134,134],"card_choices":[{"not_picked":["True Grit","Hemokinesis"],"picked":"Cleave","floor":1},{"not_picked":["Shockwave","Power Through","Havoc"],"picked":"SKIP","floor":2},{"not_picked":["Wild Strike","Clothesline"],"picked":"Flex","floor":5},{"not_picked":["Reckless Charge","Headbutt"],"picked":"Iron Wave","floor":6},{"not_picked":["Second Wind","Rupture","Intimidate"],"picked":"SKIP","floor":10},{"not_picked":["Anger","Pommel Strike"],"picked":"Juggernaut","floor":12},{"not_picked":["Fiend Fire","Dark Embrace"],"picked":"Feed","floor":16},{"not_picked":["Thunderclap","Burning Pact"],"picked":"Pommel Strike+1","floor":18},{"not_picked":["Seeing Red","Entrench","Thunderclap+1"],"picked":"SKIP","floor":20},{"not_picked":["Intimidate","Infernal Blade"],"picked":"Metallicize","floor":24},{"not_picked":["Thunderclap","Perfected Strike+1","Limit Break"],"picked":"SKIP","floor":28},{"not_picked":["Whirlwind","Anger+1"],"picked":"Dual Wield+1","floor":30},{"not_picked":["Warcry","Body Slam"],"picked":"Flex","floor":31},{"not_picked":["Iron Wave","Entrench"],"picked":"Evolve","floor":34},{"not_picked":["Bludgeon","Flex"],"picked":"Flame Barrier+1","floor":34},{"not_picked":["Pommel Strike+1","Sword Boomerang","Whirlwind+1"],"picked":"SKIP","floor":35},{"not_picked":["Shockwave+1","Body Slam+1","Anger+1"],"picked":"SKIP","floor":37},{"not_picked":["Wild Strike","Sever Soul+1","Heavy Blade"],"picked":"SKIP","floor":39},{"not_picked":["Twin Strike+1","Burning Pact+1","Bloodletting"],"picked":"SKIP","floor":40},{"not_picked":["Clothesline","Dropkick+1","Pommel Strike+1"],"picked":"Singing Bowl","floor":44},{"not_picked":["Sword Boomerang+1","Clothesline","Armaments"],"picked":"Singing Bowl","floor":46},{"not_picked":["Flex","Perfected Strike+1","Pummel+1"],"picked":"Singing Bowl","floor":47},{"not_picked":["Thunderclap+1","Infernal Blade+1","Searing Blow"],"picked":"Singing Bowl","floor":48}],"player_experience":412804,"relics_obtained":[{"floor":6,"key":"Lantern"},{"floor":9,"key":"Omamori"},{"floor":10,"key":"Mummified Hand"},{"floor":26,"key":"Tiny Chest"},{"floor":28,"key":"Pen Nib"},{"floor":29,"key":"Bronze Scales"},{"floor":30,"key":"Ancient Tea Set"},{"floor":36,"key":"Strawberry"},{"floor":40,"key":"Blood Vial"},{"floor":43,"key":"Singing Bowl"},{"floor":45,"key":"Oddly Smooth Stone"},{"floor":48,"key":"Bag of Preparation"}],"event_choices":[{"damage_healed":0,"gold_gain":0,"player_choice":"Entered Light","damage_taken":16,"max_hp_gain":0,"max_hp_loss":0,"event_name":"Shining Light","floor":3,"gold_loss":0,"cards_upgraded":["Strike_R","Strike_R"]},{"cards_removed":["Strike_R"],"damage_healed":0,"gold_gain":0,"player_choice":"Forget","damage_taken":0,"max_hp_gain":0,"max_hp_loss":0,"event_name":"Living Wall","floor":4,"gold_loss":0},{"damage_healed":0,"gold_gain":0,"cards_transformed":["Defend_R"],"player_choice":"Transformed","damage_taken":0,"max_hp_gain":0,"max_hp_loss":0,"event_name":"Transmorgrifier","floor":7,"gold_loss":0,"cards_obtained":["Second Wind"]},{"damage_healed":0,"gold_gain":0,"player_choice":"Rummage","damage_taken":0,"relics_obtained":["WarpedTongs"],"max_hp_gain":0,"max_hp_loss":0,"event_name":"Accursed Blacksmith","floor":14,"gold_loss":0,"cards_obtained":["Pain"]},{"damage_healed":0,"gold_gain":0,"player_choice":"Simplicity","damage_taken":0,"max_hp_gain":0,"max_hp_loss":0,"event_name":"Back to Basics","floor":19,"gold_loss":0,"cards_upgraded":["Strike_R","Strike_R","Defend_R","Defend_R","Defend_R"]},{"damage_healed":0,"gold_gain":0,"player_choice":"Opened","damage_taken":0,"relics_obtained":["War Paint"],"max_hp_gain":0,"max_hp_loss":0,"event_name":"The Mausoleum","floor":21,"gold_loss":0,"cards_obtained":["Writhe"]},{"damage_healed":0,"gold_gain":0,"player_choice":"Ignored","damage_taken":0,"max_hp_gain":0,"max_hp_loss":0,"event_name":"Vampires","floor":23,"gold_loss":0},{"cards_removed":["Evolve"],"damage_healed":5,"gold_gain":0,"player_choice":"Offered Uncommon","damage_taken":0,"max_hp_gain":0,"max_hp_loss":0,"event_name":"Bonfire Elementals","floor":38,"gold_loss":0}],"is_beta":false,"boss_relics":[{"not_picked":["Sozu","Velvet Choker"],"picked":"Lizard Tail"},{"not_picked":["Mark of Pain","Astrolabe"],"picked":"Orrery"}],"items_purged_floors":[13],"is_endless":false,"potions_floor_spawned":[2,5,10,16,18,24,30,40,44,46,47],"ascension_level":0}