{"gold_per_floor":[113,113,113,41,52,78,78,124,170,170,196,196,209,209,209,314,314,324,32,0,0,15,32,32,47,47,63,76,88,99,99,99,99],"floor_reached":33,"playtime":4201,"items_purged":["Strike_R"],"score":307,"play_id":"c6892c3e-dc6d-4060-ae39-8b8dbecfc792","local_time":"20190401182840","is_ascension_mode":false,"campfire_choices":[{"data":"Bash","floor":7,"key":"SMITH"},{"data":"Rampage","floor":10,"key":"SMITH"},{"data":"Uppercut","floor":12,"key":"SMITH"},{"data":"Defend_R","floor":15,"key":"SMITH"},{"data":"True Grit","floor":24,"key":"SMITH"},{"floor":32,"key":"REST"}],"neow_cost":"NONE","seed_source_timestamp":195119740924300,"circlet_count":0,"master_deck":["Strike_R","Strike_R","Strike_R","Strike_R","Defend_R","Defend_R+1","Defend_R+1","Defend_R+1","Bash+1","Rampage+1","Uppercut+1","Body Slam+1","Reaper","Metallicize","True Grit+1","Limit Break","Spot Weakness"],"relics":["Burning Blood","NeowsBlessing","Matryoshka","Omamori","Vajra","Red Skull","War Paint","StoneCalendar","Sozu","Pen Nib","Pear"],"potions_floor_usage":[11,11,23],"damage_taken":[{"damage":0,"enemies":"2 Louse","floor":1,"turns":1},{"damage":0,"enemies":"Jaw Worm","floor":5,"turns":1},{"damage":0,"enemies":"3 Sentries","floor":6,"turns":1},{"damage":14,"enemies":"Gremlin Nob","floor":11,"turns":4},{"damage":0,"enemies":"Cultist","floor":13,"turns":3},{"damage":14,"enemies":"Slime Boss","floor":16,"turns":7},{"damage":22,"enemies":"Spheric Guardian","floor":18,"turns":4},{"damage":9,"enemies":"Shell Parasite","floor":22,"turns":4},{"damage":3,"enemies":"Centurion and Healer","floor":23,"turns":6},{"damage":4,"enemies":"Snake Plant","floor":25,"turns":4},{"damage":20,"enemies":"3 Cultists","floor":27,"turns":6},{"damage":36,"enemies":"Sentry and Sphere","floor":28,"turns":7},{"damage":18,"enemies":"Snake Plant","floor":29,"turns":5},{"damage":15,"enemies":"Chosen and Byrds","floor":30,"turns":6},{"damage":104,"enemies":"Champ","floor":33,"turns":11}],"seed_played":"-1552475523449761005","potions_obtained":[{"floor":5,"key":"Weak Potion"},{"floor":6,"key":"LiquidBronze"},{"floor":16,"key":"Energy Potion"}],"is_trial":false,"path_per_floor":["M","?","?","$","M","E","R","T","T","R","E","R","M","?","R","B",null,"M","$","?","?","M","M","R","M","T","M","M","M","M","$","R","B"],"character_chosen":"IRONCLAD","items_purchased":["Rampage","Metallicize","Pen Nib"],"campfire_rested":1,"item_purchase_floors":[4,19,19],"current_hp_per_floor":[80,85,85,85,85,85,85,85,85,85,77,77,83,83,83,75,85,69,69,69,69,73,85,85,85,95,93,63,58,57,57,85,0],"gold":99,"neow_bonus":"THREE_ENEMY_KILL","is_prod":false,"is_daily":false,"chose_seed":false,"campfire_upgraded":5,"win_rate":0.0,"timestamp":1554157720,"path_taken":["M","?","?","$","M","E","R","?","T","R","E","R","?","?","R","BOSS","M","$","?","?","M","M","R","M","T","M","M","M","M","$","R","BOSS"],"build_version":"2019-01-23","purchased_purges":1,"victory":false,"max_hp_per_floor":[80,85,85,85,85,85,85,85,85,85,85,85,85,85,85,85,85,85,85,85,85,85,85,85,85,95,95,95,95,95,95,95,95],"card_choices":[{"not_picked":["Clash","Combust","Feel No Pain"],"picked":"SKIP","floor":1},{"not_picked":["Intimidate","Flex","Blood for Blood"],"picked":"SKIP","floor":5},{"not_picked":["Searing Blow","Rage","Thunderclap"],"picked":"SKIP","floor":6},{"not_picked":["Brutality","Metallicize"],"picked":"Uppercut","floor":11},{"not_picked":["Spot Weakness","Feel No Pain"],"picked":"Body Slam","floor":13},{"not_picked":["Feed","Fiend Fire"],"picked":"Reaper","floor":16},{"not_picked":["Iron Wave","Sword Boomerang","Clash"],"picked":"SKIP","floor":18},{"not_picked":["Sword Boomerang+1","Spot Weakness","Twin Strike"],"picked":"SKIP","floor":22},{"not_picked":["Perfected Strike","Pommel Strike"],"picked":"True Grit","floor":23},{"not_picked":["Pommel Strike+1","Armaments"],"picked":"Limit Break","floor":25},{"not_picked":["Dual Wield","Cleave","Searing Blow"],"picked":"SKIP","floor":27},{"not_picked":["Clothesline","Metallicize"],"picked":"Spot Weakness","floor":28},{"not_picked":["Bloodletting+1","Flex","True Grit+1"],"picked":"SKIP","floor":29},{"not_picked":["Bludgeon","Iron Wave","Anger"],"picked":"SKIP","floor":30}],"player_experience":77665,"relics_obtained":[{"floor":6,"key":"Matryoshka"},{"floor":8,"key":"Omamori"},{"floor":8,"key":"Vajra"},{"floor":9,"key":"Red Skull"},{"floor":9,"key":"War Paint"},{"floor":11,"key":"StoneCalendar"},{"floor":26,"key":"Pear"}],"event_choices":[{"damage_healed":0,"gold_gain":0,"player_choice":"Donut","damage_taken":0,"max_hp_gain":5,"max_hp_loss":0,"event_name":"Big Fish","floor":2,"gold_loss":0},{"damage_healed":0,"gold_gain":0,"player_choice":"Ignored","damage_taken":0,"max_hp_gain":0,"max_hp_loss":0,"event_name":"Golden Idol","floor":3,"gold_loss":0},{"damage_healed":0,"gold_gain":0,"player_choice":"Upgraded","damage_taken":0,"max_hp_gain":0,"max_hp_loss":0,"event_name":"Upgrade Shrine","floor":14,"gold_loss":0,"cards_upgraded":["Body Slam"]},{"damage_healed":0,"gold_gain":0,"player_choice":"Paid Fearfully","damage_taken":0,"max_hp_gain":0,"max_hp_loss":0,"event_name":"Masked Bandits","floor":20,"gold_loss":32},{"damage_healed":0,"gold_gain":0,"player_choice":"Ignored","damage_taken":0,"max_hp_gain":0,"max_hp_loss":0,"event_name":"Vampires","floor":21,"gold_loss":0}],"is_beta":false,"boss_relics":[{"not_picked":["Eternal Feather","Busted Crown"],"picked":"Sozu"}],"items_purged_floors":[19],"is_endless":false,"potions_floor_spawned":[5,6,16,22,23,27,29],"killed_by":"Champ","ascension_level":0}