{"gold_per_floor":[113,288,302,302,315,315,349,113,139,214,214,240,259,259,259,384,384,398,398,423,348,363,363,8,8,8,26,26,38,38,54,54,153,153,172,0,0,18,35,35,35,35],"floor_reached":42,"playtime":1823,"items_purged":[],"score":421,"play_id":"3ee9698b-3a87-4a7c-94d8-89eb5cc1cc3c","local_time":"20190201190814","is_ascension_mode":false,"campfire_choices":[{"data":"Perfected Strike","floor":6,"key":"SMITH"},{"floor":15,"key":"REST"},{"data":"Armaments","floor":23,"key":"SMITH"},{"data":"True Grit","floor":30,"key":"SMITH"},{"data":"Anger","floor":32,"key":"SMITH"},{"data":"Anger","floor":40,"key":"SMITH"}],"neow_cost":"NONE","seed_source_timestamp":282711099826599,"circlet_count":0,"master_deck":["Strike_R","Strike_R","Strike_R","Strike_R","Strike_R","Defend_R","Defend_R","Defend_R","Defend_R","Bash","Perfected Strike+1","Anger+1","Injury","True Grit+1","Armaments+1","Wild Strike","Shrug It Off","Shrug It Off","Shrug It Off","Wild Strike+1","Writhe","Shrug It Off","True Grit","Perfected Strike+1","Clothesline+1","Anger+1","Flex+1","Shrug It Off+1","Writhe"],"relics":["Burning Blood","Strawberry","Bloody Idol","MawBank","Blood Vial","Boot","Mercury Hourglass","Odd Mushroom","Sundial","Eternal Feather","Gambling Chip","DollysMirror","Ancient Tea Set","Torii","White Beast Statue","Red Mask"],"potions_floor_usage":[12,16,20,33,33,33,35,39,42,42],"damage_taken":[{"damage":1,"enemies":"2 Louse","floor":1,"turns":3},{"damage":0,"enemies":"Small Slimes","floor":3,"turns":3},{"damage":6,"enemies":"Jaw Worm","floor":5,"turns":2},{"damage":37,"enemies":"3 Sentries","floor":7,"turns":9},{"damage":12,"enemies":"The Mushroom Lair","floor":12,"turns":4},{"damage":18,"enemies":"Exordium Thugs","floor":13,"turns":5},{"damage":44,"enemies":"Slime Boss","floor":16,"turns":10},{"damage":19,"enemies":"Spheric Guardian","floor":18,"turns":4},{"damage":8,"enemies":"Shell Parasite","floor":20,"turns":5},{"damage":36,"enemies":"Centurion and Healer","floor":22,"turns":8},{"damage":9,"enemies":"Shelled Parasite and Fungi","floor":27,"turns":5},{"damage":8,"enemies":"Cultist and Chosen","floor":29,"turns":7},{"damage":9,"enemies":"3 Cultists","floor":31,"turns":6},{"damage":74,"enemies":"Champ","floor":33,"turns":12},{"damage":29,"enemies":"3 Darklings","floor":35,"turns":9},{"damage":15,"enemies":"Orb Walker","floor":38,"turns":3},{"damage":27,"enemies":"Spire Growth","floor":39,"turns":6},{"damage":119,"enemies":"Giant Head","floor":42,"turns":9}],"seed_played":"-3840522202651680212","potions_obtained":[{"floor":7,"key":"Block Potion"},{"floor":13,"key":"Regen Potion"},{"floor":16,"key":"AttackPotion"},{"floor":18,"key":"SpeedPotion"},{"floor":27,"key":"Energy Potion"},{"floor":31,"key":"LiquidBronze"},{"floor":33,"key":"SneckoOil"},{"floor":35,"key":"SkillPotion"},{"floor":38,"key":"Swift Potion"},{"floor":39,"key":"Swift Potion"}],"is_trial":false,"path_per_floor":["M","?","M","?","M","R","E","$","T","?","T","?","M","T","R","B",null,"M","?","M","?","M","R","$","?","T","M","$","M","R","M","R","B",null,"M","?","$","M","M","R","?","E"],"character_chosen":"IRONCLAD","items_purchased":["Blood Vial","Wild Strike","Shrug It Off","DollysMirror","Ancient Tea Set"],"campfire_rested":1,"item_purchase_floors":[8,8,8,24,24],"current_hp_per_floor":[87,87,87,87,87,87,56,56,56,45,45,41,31,31,57,36,87,74,74,74,74,46,58,58,58,58,62,62,67,82,86,87,24,87,69,69,69,67,53,68,87,0],"gold":35,"neow_bonus":"RANDOM_COMMON_RELIC","is_prod":false,"is_daily":false,"chose_seed":false,"campfire_upgraded":5,"win_rate":0,"timestamp":1549073294,"path_taken":["M","?","M","?","M","R","E","$","T","?","?","?","M","?","R","BOSS","M","?","M","?","M","R","$","?","T","M","?","M","R","M","R","BOSS","M","?","$","M","M","R","?","E"],"build_version":"2019-01-23","purchased_purges":0,"victory":false,"max_hp_per_floor":[87,87,87,87,87,87,87,87,87,87,87,87,87,87,87,87,87,87,87,87,87,87,87,87,87,87,87,87,87,87,87,87,87,87,87,87,87,87,87,87,87,87],"card_choices":[{"not_picked":["True Grit","Cleave"],"picked":"Perfected Strike","floor":1},{"not_picked":["Dual Wield","Bloodletting"],"picked":"Anger","floor":3},{"not_picked":["Clash","Headbutt"],"picked":"True Grit","floor":5},{"not_picked":["Dual Wield","Spot Weakness"],"picked":"Armaments","floor":7},{"not_picked":["Iron Wave","Sever Soul"],"picked":"Shrug It Off","floor":12},{"not_picked":["Headbutt","Limit Break"],"picked":"Shrug It Off","floor":13},{"not_picked":["Whirlwind","Armaments"],"picked":"Wild Strike+1","floor":18},{"not_picked":["Burning Pact","Entrench"],"picked":"Shrug It Off","floor":20},{"not_picked":["Evolve","Blood for Blood"],"picked":"True Grit","floor":22},{"not_picked":["Fire Breathing","Dropkick"],"picked":"Clothesline+1","floor":27},{"not_picked":["Metallicize+1","Clash+1","Brutality"],"picked":"SKIP","floor":29},{"not_picked":["Thunderclap","Sentinel"],"picked":"Anger","floor":31},{"not_picked":["Clothesline","Hemokinesis"],"picked":"Flex+1","floor":35},{"not_picked":["Burning Pact+1","Warcry+1","Hemokinesis"],"picked":"SKIP","floor":38},{"not_picked":["Sword Boomerang","Headbutt+1"],"picked":"Shrug It Off+1","floor":39}],"player_experience":1367335,"relics_obtained":[{"floor":7,"key":"MawBank"},{"floor":9,"key":"Boot"},{"floor":11,"key":"Mercury Hourglass"},{"floor":12,"key":"Odd Mushroom"},{"floor":14,"key":"Sundial"},{"floor":26,"key":"Torii"}],"event_choices":[{"damage_healed":0,"gold_gain":175,"player_choice":"AGREE","damage_taken":0,"max_hp_gain":0,"max_hp_loss":0,"event_name":"Liars Game","floor":2,"gold_loss":0,"cards_obtained":["Doubt"]},{"damage_healed":0,"gold_gain":0,"player_choice":"Take Wound","damage_taken":0,"relics_obtained":["Golden Idol"],"max_hp_gain":0,"max_hp_loss":0,"event_name":"Golden Idol","floor":4,"gold_loss":0,"cards_obtained":["Injury"]},{"damage_healed":0,"gold_gain":75,"player_choice":"Gather Gold","damage_taken":11,"max_hp_gain":0,"max_hp_loss":0,"event_name":"World of Goop","floor":10,"gold_loss":0},{"damage_healed":0,"gold_gain":0,"player_choice":"Fought Mushrooms","damage_taken":0,"max_hp_gain":0,"max_hp_loss":0,"event_name":"Mushrooms","floor":12,"gold_loss":0},{"damage_healed":0,"gold_gain":0,"player_choice":"Opened","damage_taken":0,"relics_obtained":["Gambling Chip"],"max_hp_gain":0,"max_hp_loss":0,"event_name":"The Mausoleum","floor":19,"gold_loss":0,"cards_obtained":["Writhe"]},{"cards_removed":["Doubt"],"damage_healed":0,"gold_gain":0,"player_choice":"Gave Gold","damage_taken":0,"max_hp_gain":0,"max_hp_loss":0,"event_name":"Beggar","floor":21,"gold_loss":75},{"damage_healed":0,"gold_gain":0,"player_choice":"Gave Idol","damage_taken":0,"relics_obtained":["Bloody Idol"],"max_hp_gain":0,"max_hp_loss":0,"event_name":"Forgotten Altar","floor":25,"relics_lost":["Golden Idol"],"gold_loss":0},{"damage_healed":0,"gold_gain":0,"player_choice":"Paid","damage_taken":0,"relics_obtained":["Red Mask"],"max_hp_gain":0,"max_hp_loss":0,"event_name":"Tomb of Lord Red Mask","floor":36,"gold_loss":172},{"damage_healed":22,"gold_gain":0,"player_choice":"Writhe","damage_taken":0,"max_hp_gain":0,"max_hp_loss":0,"event_name":"Winding Halls","floor":41,"gold_loss":0,"cards_obtained":["Writhe"]}],"is_beta":false,"boss_relics":[{"not_picked":["Pandora\u0027s Box","Calling Bell"],"picked":"Eternal Feather"},{"not_picked":["Busted Crown","Black Star"],"picked":"White Beast Statue"}],"items_purged_floors":[],"is_endless":false,"potions_floor_spawned":[7,13,16,18,27,31,33,35,38,39],"killed_by":"Giant Head","ascension_level":0}