{"gold_per_floor":[13,13,13,33,33,33,46,72,72,106,106,31,47,59,59,59],"floor_reached":16,"playtime":730,"items_purged":["Strike_R"],"score":110,"play_id":"9b74a99e-3411-46cc-9b23-99f2a7891c29","local_time":"20190211002227","is_ascension_mode":false,"campfire_choices":[{"data":"Pommel Strike","floor":6,"key":"SMITH"},{"floor":11,"key":"REST"},{"data":"Shrug It Off","floor":15,"key":"SMITH"}],"neow_cost":"NO_GOLD","seed_source_timestamp":301788570621526,"circlet_count":0,"master_deck":["Strike_R","Strike_R","Strike_R","Defend_R","Defend_R","Defend_R","Bash","Pommel Strike+1","Shrug It Off+1"],"relics":["Burning Blood","Torii","Unceasing Top","Darkstone Periapt"],"potions_floor_usage":[8,8,16],"damage_taken":[{"damage":3,"enemies":"Jaw Worm","floor":1,"turns":4},{"damage":3,"enemies":"Cultist","floor":4,"turns":3},{"damage":8,"enemies":"Small Slimes","floor":7,"turns":3},{"damage":40,"enemies":"3 Sentries","floor":8,"turns":8},{"damage":36,"enemies":"Lagavulin","floor":10,"turns":6},{"damage":4,"enemies":"Exordium Wildlife","floor":13,"turns":7},{"damage":2,"enemies":"Looter","floor":14,"turns":3},{"damage":62,"enemies":"Hexaghost","floor":16,"turns":14}],"seed_played":"2797095641377708760","potions_obtained":[{"floor":4,"key":"Energy Potion"},{"floor":7,"key":"Regen Potion"},{"floor":10,"key":"SteroidPotion"}],"is_trial":false,"path_per_floor":["?","$","?","M"],"character_chosen":"IRONCLAD","items_purchased":[],"campfire_rested":1,"item_purchase_floors":[],"current_hp_per_floor":[80,80,80,80,80,80,78,59,59,29,53,53,55,59,59,0],"gold":59,"neow_bonus":"REMOVE_TWO","is_prod":false,"is_daily":false,"chose_seed":false,"campfire_upgraded":2,"win_rate":0,"timestamp":1549862547,"path_taken":["M","?","?","M","?","R","?","E","T","E","R","$","M","M","R","BOSS"],"build_version":"2019-01-23","purchased_purges":1,"victory":false,"max_hp_per_floor":[80,80,80,80,80,80,80,80,80,80,80,80,80,80,80,80],"card_choices":[{"not_picked":["Havoc","Perfected Strike"],"picked":"Pommel Strike","floor":1},{"not_picked":["Hemokinesis","Clothesline","Intimidate"],"picked":"SKIP","floor":4},{"not_picked":["Havoc","Wild Strike","Reaper"],"picked":"SKIP","floor":7},{"not_picked":["Armaments","Twin Strike"],"picked":"Shrug It Off","floor":8},{"not_picked":["Sword Boomerang","Havoc","Flame Barrier"],"picked":"SKIP","floor":10},{"not_picked":["Heavy Blade","Twin Strike","Sword Boomerang"],"picked":"SKIP","floor":13},{"not_picked":["Heavy Blade","Wild Strike","Demon Form"],"picked":"SKIP","floor":14}],"player_experience":401332,"relics_obtained":[{"floor":8,"key":"Torii"},{"floor":9,"key":"Unceasing Top"},{"floor":10,"key":"Darkstone Periapt"}],"event_choices":[{"damage_healed":0,"gold_gain":0,"player_choice":"Cursed","damage_taken":0,"max_hp_gain":0,"max_hp_loss":0,"event_name":"Wheel of Change","floor":2,"gold_loss":0,"cards_obtained":["Decay"]},{"cards_removed":["Decay"],"damage_healed":0,"gold_gain":0,"player_choice":"Purged","damage_taken":0,"max_hp_gain":0,"max_hp_loss":0,"event_name":"Purifier","floor":5,"gold_loss":0}],"is_beta":false,"boss_relics":[],"items_purged_floors":[12],"is_endless":false,"potions_floor_spawned":[4,7,10],"killed_by":"Hexaghost","ascension_level":0}