{"gold_per_floor":[118,138,153,153,153,153,191,191,191,210,210,246,265,265,265,265],"floor_reached":16,"playtime":698,"items_purged":[],"score":193,"play_id":"6b058f94-5f81-489c-b019-8785e067b064","local_time":"20190407193842","is_ascension_mode":true,"campfire_choices":[{"data":"Bash","floor":6,"key":"SMITH"},{"floor":8,"key":"REST"},{"floor":15,"key":"REST"}],"neow_cost":"NONE","seed_source_timestamp":1973537166494717,"circlet_count":0,"master_deck":["AscendersBane","Strike_R","Strike_R","Strike_R","Strike_R","Strike_R","Defend_R","Defend_R","Defend_R","Defend_R","Bash+1","Hemokinesis+1","Offering","Battle Trance","Headbutt","Clothesline","True Grit"],"relics":["Burning Blood","Bird Faced Urn","Golden Idol","Anchor","Kunai","Nunchaku"],"potions_floor_usage":[7,16,16],"damage_taken":[{"damage":3,"enemies":"2 Louse","floor":1,"turns":4},{"damage":1,"enemies":"Small Slimes","floor":2,"turns":4},{"damage":3,"enemies":"Cultist","floor":3,"turns":2},{"damage":42,"enemies":"Lagavulin","floor":7,"turns":5},{"damage":9,"enemies":"Exordium Wildlife","floor":10,"turns":2},{"damage":24,"enemies":"3 Sentries","floor":12,"turns":9},{"damage":6,"enemies":"Looter","floor":13,"turns":2},{"damage":74,"enemies":"The Guardian","floor":16,"turns":17}],"seed_played":"-1437591279364177141","potions_obtained":[{"floor":2,"key":"Poison Potion"},{"floor":10,"key":"GamblersBrew"},{"floor":12,"key":"BloodPotion"}],"is_trial":false,"path_per_floor":["?","?","?","?"],"character_chosen":"IRONCLAD","items_purchased":[],"campfire_rested":2,"item_purchase_floors":[],"current_hp_per_floor":[78,82,82,77,49,49,13,37,37,34,34,16,16,16,40,0],"gold":265,"neow_bonus":"TEN_PERCENT_HP_BONUS","is_prod":false,"is_daily":false,"chose_seed":false,"campfire_upgraded":1,"win_rate":0,"timestamp":1554680322,"path_taken":["M","M","M","?","?","R","E","R","T","M","?","E","M","?","R","BOSS"],"build_version":"2019-01-23","purchased_purges":0,"victory":false,"max_hp_per_floor":[82,82,82,82,82,82,82,82,82,82,82,82,82,82,82,82],"card_choices":[{"not_picked":["Shrug It Off","Iron Wave"],"picked":"Hemokinesis","floor":1},{"not_picked":["Havoc","Cleave","Clash"],"picked":"SKIP","floor":2},{"not_picked":["Headbutt","Feel No Pain"],"picked":"Offering","floor":3},{"not_picked":["Seeing Red","Ghostly Armor"],"picked":"Battle Trance","floor":7},{"not_picked":["Body Slam","Havoc"],"picked":"Headbutt","floor":10},{"not_picked":["Barricade","Heavy Blade"],"picked":"Clothesline","floor":12},{"not_picked":["Second Wind","Clothesline"],"picked":"True Grit","floor":13}],"player_experience":1601581,"relics_obtained":[{"floor":7,"key":"Anchor"},{"floor":9,"key":"Kunai"},{"floor":12,"key":"Nunchaku"}],"event_choices":[{"damage_healed":0,"gold_gain":0,"player_choice":"Success","damage_taken":5,"relics_obtained":["Bird Faced Urn"],"max_hp_gain":0,"max_hp_loss":0,"event_name":"Scrap Ooze","floor":4,"gold_loss":0},{"damage_healed":0,"gold_gain":0,"player_choice":"Take Damage","damage_taken":28,"relics_obtained":["Golden Idol"],"max_hp_gain":0,"max_hp_loss":0,"event_name":"Golden Idol","floor":5,"gold_loss":0},{"damage_healed":0,"gold_gain":0,"player_choice":"Grow","damage_taken":0,"max_hp_gain":0,"max_hp_loss":0,"event_name":"Living Wall","floor":11,"gold_loss":0,"cards_upgraded":["Hemokinesis"]},{"damage_healed":0,"gold_gain":0,"player_choice":"0 cards matched","damage_taken":0,"max_hp_gain":0,"max_hp_loss":0,"event_name":"Match and Keep!","floor":14,"gold_loss":0,"cards_obtained":[]}],"is_beta":false,"boss_relics":[],"items_purged_floors":[],"is_endless":false,"potions_floor_spawned":[2,10,12],"killed_by":"The Guardian","ascension_level":15}