{"gold_per_floor":[119,133,150,161,12,45,45,73,73,86,103,53,64,74,74,74],"floor_reached":16,"playtime":1374,"items_purged":[],"score":145,"play_id":"c685d17d-681d-48d6-97ac-08c14bbf2b34","local_time":"20190319171342","is_ascension_mode":true,"campfire_choices":[{"floor":7,"key":"DIG"},{"floor":15,"key":"REST"}],"neow_cost":"NONE","seed_source_timestamp":322530097156142,"circlet_count":0,"master_deck":["Defend_G","Defend_G","Defend_G","Defend_G","Strike_G","Strike_G","Strike_G","Strike_G","Strike_G","Survivor","Neutralize+1","Dash","Backstab","Malaise","Backstab","Cloak And Dagger","Deflect","PiercingWail"],"relics":["Ring of the Snake","Oddly Smooth Stone","Shovel","Letter Opener","Matryoshka","Blood Vial","Paper Crane"],"potions_floor_usage":[],"damage_taken":[{"damage":0,"enemies":"Cultist","floor":1,"turns":4},{"damage":0,"enemies":"2 Louse","floor":2,"turns":3},{"damage":0,"enemies":"Jaw Worm","floor":3,"turns":4},{"damage":1,"enemies":"2 Fungi Beasts","floor":4,"turns":4},{"damage":14,"enemies":"Lagavulin","floor":6,"turns":12},{"damage":28,"enemies":"3 Sentries","floor":8,"turns":13},{"damage":0,"enemies":"3 Louse","floor":10,"turns":3},{"damage":0,"enemies":"Exordium Wildlife","floor":11,"turns":3},{"damage":0,"enemies":"Red Slaver","floor":13,"turns":3},{"damage":0,"enemies":"2 Fungi Beasts","floor":14,"turns":3},{"damage":59,"enemies":"Hexaghost","floor":16,"turns":18}],"seed_played":"1146508833865678697","potions_obtained":[{"floor":2,"key":"Fire Potion"},{"floor":13,"key":"Energy Potion"},{"floor":14,"key":"LiquidBronze"}],"is_trial":false,"path_per_floor":["M","?"],"character_chosen":"THE_SILENT","items_purchased":["Oddly Smooth Stone"],"campfire_rested":1,"item_purchase_floors":[5],"current_hp_per_floor":[70,70,70,69,69,55,55,27,27,29,31,31,33,35,56,0],"gold":74,"neow_bonus":"UPGRADE_CARD","is_prod":false,"is_daily":false,"chose_seed":false,"campfire_upgraded":0,"win_rate":0,"timestamp":1553030022,"path_taken":["M","M","?","M","$","E","R","E","T","M","M","?","M","M","R","BOSS"],"build_version":"2019-01-23","purchased_purges":0,"victory":false,"max_hp_per_floor":[70,70,70,70,70,70,70,70,70,70,70,70,70,70,70,70],"card_choices":[{"not_picked":["Deflect","Bane","Underhanded Strike"],"picked":"SKIP","floor":1},{"not_picked":["Dagger Throw","Backflip","Unload"],"picked":"SKIP","floor":2},{"not_picked":["Bane","Outmaneuver"],"picked":"Dash","floor":3},{"not_picked":["Distraction","Acrobatics"],"picked":"Backstab","floor":4},{"not_picked":["Deflect","Flechettes"],"picked":"Malaise","floor":6},{"not_picked":["Predator","Deadly Poison"],"picked":"Backstab","floor":8},{"not_picked":["Concentrate","PiercingWail"],"picked":"Cloak And Dagger","floor":10},{"not_picked":["Concentrate","Acrobatics","Choke"],"picked":"SKIP","floor":11},{"not_picked":["Underhanded Strike","Tools of the Trade"],"picked":"Deflect","floor":13},{"not_picked":["Slice","Concentrate"],"picked":"PiercingWail","floor":14}],"player_experience":800285,"relics_obtained":[{"floor":6,"key":"Shovel"},{"floor":7,"key":"Letter Opener"},{"floor":8,"key":"Matryoshka"},{"floor":9,"key":"Blood Vial"},{"floor":9,"key":"Paper Crane"}],"event_choices":[{"cards_removed":["Defend_G"],"damage_healed":0,"gold_gain":0,"player_choice":"Card Removal","damage_taken":0,"max_hp_gain":0,"max_hp_loss":0,"event_name":"The Cleric","floor":12,"gold_loss":50}],"is_beta":false,"boss_relics":[],"items_purged_floors":[],"is_endless":false,"potions_floor_spawned":[2,13,14],"killed_by":"Hexaghost","ascension_level":5}