{"gold_per_floor":[117,117,117,217,235,263,275,318,353,380,392,404,432,444,456,468],"floor_reached":16,"playtime":1092,"items_purged":[],"score":149,"play_id":"d4b1926c-d944-4351-9411-ce8f6d8dc951","local_time":"20190408184624","is_ascension_mode":true,"campfire_choices":[{"floor":7,"key":"REST"},{"floor":11,"key":"REST"},{"floor":15,"key":"REST"}],"neow_cost":"NONE","seed_source_timestamp":804130226143600,"circlet_count":0,"master_deck":["Defend_G","Defend_G","Defend_G","Defend_G","Defend_G","Strike_G+1","Strike_G","Strike_G","Strike_G","Survivor","Neutralize+1","Bouncing Flask+1"],"relics":["Ring of the Snake","MawBank","Mango","Whetstone","Matryoshka"],"potions_floor_usage":[16,16],"damage_taken":[{"damage":1,"enemies":"Small Slimes","floor":1,"turns":5},{"damage":5,"enemies":"Cultist","floor":5,"turns":5},{"damage":28,"enemies":"Gremlin Nob","floor":6,"turns":4},{"damage":38,"enemies":"Lagavulin","floor":8,"turns":7},{"damage":4,"enemies":"Jaw Worm","floor":10,"turns":3},{"damage":7,"enemies":"2 Fungi Beasts","floor":13,"turns":3},{"damage":114,"enemies":"Slime Boss","floor":16,"turns":13}],"seed_played":"4089681920556218968","potions_obtained":[{"floor":6,"key":"Block Potion"},{"floor":8,"key":"FairyPotion"},{"floor":10,"key":"Regen Potion"}],"is_trial":false,"path_per_floor":["M","?","?","?","M","E","R","E","T","M","R","T","M","?","R","B"],"character_chosen":"THE_SILENT","items_purchased":[],"campfire_rested":3,"item_purchase_floors":[],"current_hp_per_floor":[76,76,76,76,71,43,66,42,42,38,65,65,58,58,85,0],"gold":468,"neow_bonus":"TEN_PERCENT_HP_BONUS","is_prod":false,"is_daily":false,"chose_seed":false,"campfire_upgraded":0,"win_rate":0,"timestamp":1554763584,"path_taken":["M","?","?","?","?","E","R","E","T","M","R","?","M","?","R","BOSS"],"build_version":"2019-01-23","purchased_purges":0,"victory":false,"max_hp_per_floor":[77,77,77,77,77,77,77,91,91,91,91,91,91,91,91,91],"card_choices":[{"not_picked":["Slice","Blade Dance","Calculated Gamble"],"picked":"SKIP","floor":1},{"not_picked":["Quick Slash","Infinite Blades"],"picked":"Bouncing Flask","floor":5},{"not_picked":["Expertise","Bane","Acrobatics"],"picked":"SKIP","floor":6},{"not_picked":["Predator","Crippling Poison","Acrobatics"],"picked":"SKIP","floor":8},{"not_picked":["Unload","Underhanded Strike","Deflect"],"picked":"SKIP","floor":10},{"not_picked":["Poisoned Stab","Reflex","Eviscerate"],"picked":"SKIP","floor":13}],"player_experience":270613,"relics_obtained":[{"floor":6,"key":"MawBank"},{"floor":8,"key":"Mango"},{"floor":9,"key":"Whetstone"},{"floor":12,"key":"Matryoshka"}],"event_choices":[{"cards_removed":["Strike_G"],"damage_healed":0,"gold_gain":0,"player_choice":"Forget","damage_taken":0,"max_hp_gain":0,"max_hp_loss":0,"event_name":"Living Wall","floor":2,"gold_loss":0},{"damage_healed":0,"gold_gain":0,"player_choice":"Ignored","damage_taken":0,"max_hp_gain":0,"max_hp_loss":0,"event_name":"Shining Light","floor":3,"gold_loss":0},{"damage_healed":0,"gold_gain":100,"player_choice":"Gold","damage_taken":0,"max_hp_gain":0,"max_hp_loss":0,"event_name":"Wheel of Change","floor":4,"gold_loss":0},{"damage_healed":0,"gold_gain":0,"player_choice":"Forge","damage_taken":0,"max_hp_gain":0,"max_hp_loss":0,"event_name":"Accursed Blacksmith","floor":14,"gold_loss":0,"cards_upgraded":["Bouncing Flask"]}],"is_beta":false,"boss_relics":[],"items_purged_floors":[],"is_endless":false,"potions_floor_spawned":[6,8,10],"killed_by":"Slime Boss","ascension_level":3}