{"gold_per_floor":[119,139,139,149,149,149,183,194,194,194,194,209,209,229,229,325,325,345,408,424,474,474],"floor_reached":22,"playtime":903,"items_purged":[],"score":188,"play_id":"ae7c617e-fe55-487c-85aa-7764a34acf7c","local_time":"20190318103223","is_ascension_mode":false,"campfire_choices":[{"data":"Zap","floor":6,"key":"SMITH"},{"floor":10,"key":"REST"},{"floor":15,"key":"REST"}],"neow_cost":"PERCENT_DAMAGE","seed_source_timestamp":212554668102851,"circlet_count":0,"master_deck":["Strike_B","Strike_B","Defend_B","Defend_B","Defend_B","Zap+1","Dualcast","Melter","Sweeping Beam","Conserve Battery","Fusion","Core Surge","Core Surge","Conserve Battery"],"relics":["Cracked Core","Calipers","The Courier","SsserpentHead","Inserter"],"potions_floor_usage":[22,22],"damage_taken":[{"damage":0,"enemies":"Small Slimes","floor":1,"turns":3},{"damage":1,"enemies":"Cultist","floor":2,"turns":4},{"damage":0,"enemies":"2 Louse","floor":4,"turns":3},{"damage":21,"enemies":"Gremlin Nob","floor":7,"turns":4},{"damage":3,"enemies":"Gremlin Gang","floor":8,"turns":4},{"damage":0,"enemies":"Large Slime","floor":12,"turns":5},{"damage":13,"enemies":"Exordium Thugs","floor":14,"turns":4},{"damage":41,"enemies":"Slime Boss","floor":16,"turns":8},{"damage":18,"enemies":"Shell Parasite","floor":18,"turns":5},{"damage":23,"enemies":"2 Thieves","floor":19,"turns":4},{"damage":32,"enemies":"3 Cultists","floor":20,"turns":5},{"damage":2,"enemies":"Shelled Parasite and Fungi","floor":22,"turns":2}],"seed_played":"-7625160735259418475","potions_obtained":[{"floor":8,"key":"LiquidBronze"},{"floor":12,"key":"SteroidPotion"},{"floor":14,"key":"GamblersBrew"},{"floor":21,"key":"EssenceOfSteel"},{"floor":21,"key":"FocusPotion"}],"is_trial":false,"path_per_floor":["?","?","M","?"],"character_chosen":"DEFECT","items_purchased":[],"campfire_rested":2,"item_purchase_floors":[],"current_hp_per_floor":[54,53,53,53,53,53,32,29,29,51,51,51,51,38,60,19,75,57,34,2,2,0],"gold":474,"neow_bonus":"REMOVE_TWO","is_prod":false,"is_daily":false,"chose_seed":false,"campfire_upgraded":1,"win_rate":0,"timestamp":1552919543,"path_taken":["M","M","$","M","?","R","E","M","T","R","?","M","$","M","R","BOSS","M","?","M","?","M"],"build_version":"2019-01-23","purchased_purges":0,"victory":false,"max_hp_per_floor":[75,75,75,75,75,75,75,75,75,75,75,75,75,75,75,75,75,75,75,75,75,75],"card_choices":[{"not_picked":["Steam","Recycle"],"picked":"Melter","floor":1},{"not_picked":["Redo","Ball Lightning","BootSequence"],"picked":"SKIP","floor":2},{"not_picked":["Static Discharge","Ball Lightning"],"picked":"Sweeping Beam","floor":4},{"not_picked":["Coolheaded","Leap"],"picked":"Conserve Battery","floor":7},{"not_picked":["Turbo","Compile Driver"],"picked":"Fusion","floor":8},{"not_picked":["Rebound","Leap","Cold Snap"],"picked":"SKIP","floor":12},{"not_picked":["Auto Shields","Redo"],"picked":"Core Surge","floor":14},{"not_picked":["Thunder Strike","Biased Cognition"],"picked":"Core Surge","floor":16},{"not_picked":["Compile Driver+1","Coolheaded","Gash+1"],"picked":"SKIP","floor":18},{"not_picked":["Leap","Go for the Eyes","Recycle"],"picked":"SKIP","floor":19},{"not_picked":["Buffer","Gash"],"picked":"Conserve Battery","floor":20}],"player_experience":743168,"relics_obtained":[{"floor":7,"key":"Calipers"},{"floor":9,"key":"The Courier"}],"event_choices":[{"cards_removed":["Strike_B"],"damage_healed":0,"gold_gain":0,"player_choice":"Forget","damage_taken":0,"max_hp_gain":0,"max_hp_loss":0,"event_name":"Living Wall","floor":5,"gold_loss":0},{"damage_healed":0,"gold_gain":0,"player_choice":"Trade","damage_taken":0,"relics_obtained":["SsserpentHead"],"max_hp_gain":0,"max_hp_loss":0,"event_name":"FaceTrader","floor":11,"gold_loss":0},{"damage_healed":0,"gold_gain":0,"player_choice":"Got Potions","damage_taken":0,"max_hp_gain":0,"max_hp_loss":0,"event_name":"Lab","floor":21,"gold_loss":0}],"is_beta":false,"boss_relics":[{"not_picked":["Calling Bell","Empty Cage"],"picked":"Inserter"}],"items_purged_floors":[],"is_endless":false,"potions_floor_spawned":[8,12,14,20],"killed_by":"Shelled Parasite and Fungi","ascension_level":0}