{"path_per_floor":["M","?","M","M","?","R","?","M","T","E","M","R","M","$","R"],"character_chosen":"DEFECT","items_purchased":["Fission","Master of Strategy","Go for the Eyes","Skim"],"gold_per_floor":[112,187,200,220,395,395,425,443,468,497,513,513,526,80,80,80],"floor_reached":16,"campfire_rested":3,"playtime":1030,"current_hp_per_floor":[73,62,59,53,53,75,75,60,60,34,13,35,34,34,56,0],"items_purged":["Normality"],"gold":80,"score":102,"play_id":"d1b8ec9c-ba47-4670-b274-7bfe21bf768b","local_time":"20180427032046","is_prod":false,"is_daily":false,"chose_seed":false,"is_ascension_mode":false,"campfire_upgraded":0,"timestamp":1524813646,"path_taken":["M","?","M","M","?","R","?","?","T","E","M","R","M","$","R","BOSS"],"build_version":"2018-04-26v2","seed_source_timestamp":206970586471018,"purchased_purges":1,"victory":false,"master_deck":["Strike_B","Strike_B","Strike_B","Strike_B","Defend_B","Defend_B","Defend_B","Defend_B","Zap","Dualcast","Beam Cell","Creative AI","Tempest","Doubt","Stack","Skim","Conserve Battery","Stack","Capacitor","Fission","Master of Strategy","Go for the Eyes","Skim","Leap"],"max_hp_per_floor":[75,75,75,75,75,75,75,75,75,75,75,75,75,75,75,75],"relics":["Cracked Core","Tiny Chest","Dream Catcher","Singing Bowl"],"card_choices":[{"not_picked":["Go for the Eyes","Melter"],"picked":"Beam Cell","floor":1},{"not_picked":["Beam Cell","Gash"],"picked":"Creative AI","floor":3},{"not_picked":["Coolheaded","Ball Lightning"],"picked":"Tempest","floor":4},{"not_picked":["Coolheaded","Prime"],"picked":"Stack","floor":8},{"not_picked":["Impulse","Beam Cell"],"picked":"Skim","floor":10},{"not_picked":["Force Field","Reinforced Body"],"picked":"Conserve Battery","floor":11},{"not_picked":["Leap","Hologram"],"picked":"Stack","floor":12},{"not_picked":["Heatsinks","Loop"],"picked":"Capacitor","floor":13},{"not_picked":["Steam Power","Heatsinks"],"picked":"Leap","floor":15}],"player_experience":102187,"potions_floor_usage":[10,13,16],"damage_taken":[{"damage":2,"enemies":"Small Slimes","floor":1,"turns":3},{"damage":3,"enemies":"Jaw Worm","floor":3,"turns":3},{"damage":6,"enemies":"Cultist","floor":4,"turns":3},{"damage":15,"enemies":"2 Fungi Beasts","floor":8,"turns":3},{"damage":26,"enemies":"3 Sentries","floor":10,"turns":6},{"damage":21,"enemies":"3 Louse","floor":11,"turns":4},{"damage":1,"enemies":"Looter","floor":13,"turns":5},{"damage":59,"enemies":"Hexaghost","floor":16,"turns":12}],"event_choices":[{"event_name":"World of Goop","player_choice":"Gather Gold","floor":2,"damage_taken":0},{"event_name":"Liars Game","player_choice":"agreed","floor":5,"damage_taken":0},{"event_name":"Accursed Blacksmith","player_choice":"Rummage","floor":7,"damage_taken":0}],"boss_relics":[],"potions_floor_spawned":[3,8,11],"seed_played":"2619720104985753786","killed_by":"Hexaghost","ascension_level":0,"is_trial":false}