{"gold_per_floor":[118,118,293,306,231,258,258,290,316,316,14,63,90,105,105,208,208,227,239,239,251,265,297,314,314,314,229,19,19,54,68,68,170,170],"floor_reached":34,"playtime":1655,"items_purged":["Doubt"],"score":458,"play_id":"137f3301-10c4-40cb-bdde-cca4c8a28e07","local_time":"20190315211512","is_ascension_mode":false,"campfire_choices":[{"floor":10,"key":"REST"},{"data":"Armaments","floor":15,"key":"SMITH"},{"floor":29,"key":"REST"},{"data":"Mayhem","floor":32,"key":"SMITH"}],"neow_cost":"NONE","seed_source_timestamp":204866104645157,"circlet_count":0,"master_deck":["Strike_R","Strike_R","Strike_R","Strike_R","Defend_R","Defend_R","Headbutt","Armaments+1","Carnage","Clash","Clash+1","Thunderclap+1","Cleave","Mayhem+1","Dropkick+1","Metallicize+1","Clash+1","Bludgeon+1"],"relics":["Burning Blood","NeowsBlessing","Centennial Puzzle","Dodecahedron","Meat on the Bone","Boot","Incense Burner","Orichalcum","Blood Vial","Empty Cage","PreservedInsect","Regal Pillow","Molten Egg 2","Blue Candle","Darkstone Periapt","Lizard Tail"],"potions_floor_usage":[23,30,33,33,33,33,33,33],"damage_taken":[{"damage":0,"enemies":"2 Louse","floor":1,"turns":1},{"damage":0,"enemies":"Small Slimes","floor":4,"turns":1},{"damage":0,"enemies":"Lagavulin","floor":6,"turns":1},{"damage":37,"enemies":"3 Sentries","floor":8,"turns":14},{"damage":0,"enemies":"Gremlin Nob","floor":13,"turns":3},{"damage":0,"enemies":"Jaw Worm","floor":14,"turns":2},{"damage":60,"enemies":"Slime Boss","floor":16,"turns":13},{"damage":5,"enemies":"Spheric Guardian","floor":18,"turns":3},{"damage":0,"enemies":"Chosen","floor":19,"turns":3},{"damage":34,"enemies":"Snecko","floor":21,"turns":6},{"damage":17,"enemies":"Shelled Parasite and Fungi","floor":22,"turns":5},{"damage":5,"enemies":"Book of Stabbing","floor":23,"turns":3},{"damage":18,"enemies":"Centurion and Healer","floor":24,"turns":6},{"damage":21,"enemies":"Slavers","floor":30,"turns":2},{"damage":6,"enemies":"Cultist and Chosen","floor":31,"turns":4},{"damage":62,"enemies":"Collector","floor":33,"turns":10}],"seed_played":"1683025516554972220","potions_obtained":[{"floor":8,"key":"EntropicBrew"},{"floor":14,"key":"SteroidPotion"},{"floor":21,"key":"Fire Potion"},{"floor":23,"key":"Swift Potion"},{"floor":24,"key":"Explosive Potion"},{"floor":31,"key":"Block Potion"}],"is_trial":false,"path_per_floor":["?","?","?","$","T","?","?","?","$","M"],"character_chosen":"IRONCLAD","items_purchased":["Incense Burner","Mayhem","Dropkick+1"],"campfire_rested":2,"item_purchase_floors":[11,28,28],"current_hp_per_floor":[80,80,80,80,80,80,68,37,37,61,61,61,67,75,75,35,80,80,80,80,52,55,58,48,48,48,48,48,80,65,67,67,37,80],"gold":170,"neow_bonus":"THREE_ENEMY_KILL","is_prod":false,"is_daily":false,"chose_seed":false,"campfire_upgraded":2,"win_rate":0,"timestamp":1552698912,"path_taken":["M","?","?","M","$","E","?","E","T","R","?","?","E","M","R","BOSS","M","M","?","M","M","E","M","?","T","?","?","R","E","?","R","BOSS"],"build_version":"2019-01-23","purchased_purges":1,"victory":false,"max_hp_per_floor":[80,80,80,80,80,80,80,80,80,80,80,80,80,80,80,80,80,80,80,80,80,80,80,80,80,80,80,80,80,80,80,80,80,80],"card_choices":[{"not_picked":["Armaments","Thunderclap"],"picked":"Headbutt","floor":1},{"not_picked":["Pommel Strike","Sword Boomerang"],"picked":"Armaments","floor":4},{"not_picked":["Shockwave","Body Slam","Clothesline"],"picked":"SKIP","floor":6},{"not_picked":["Whirlwind","Clothesline"],"picked":"Carnage","floor":8},{"not_picked":["Disarm","Headbutt"],"picked":"Clash","floor":13},{"not_picked":["Havoc","Combust","Bloodletting"],"picked":"SKIP","floor":14},{"not_picked":["Flex","Sword Boomerang","Pommel Strike"],"picked":"SKIP","floor":18},{"not_picked":["Burning Pact","Rupture"],"picked":"Clash+1","floor":19},{"not_picked":["Ghostly Armor","Warcry+1"],"picked":"Thunderclap+1","floor":21},{"not_picked":["Thunderclap","Blood for Blood","Feel No Pain+1"],"picked":"SKIP","floor":22},{"not_picked":["Intimidate+1","Evolve"],"picked":"Cleave","floor":23},{"not_picked":["Armaments","Clothesline+1","Whirlwind"],"picked":"SKIP","floor":24},{"not_picked":["Wild Strike+1","Disarm"],"picked":"Metallicize+1","floor":30},{"not_picked":["Flame Barrier","Intimidate"],"picked":"Clash+1","floor":31},{"not_picked":["Limit Break","Berserk"],"picked":"Bludgeon+1","floor":33}],"player_experience":668323,"relics_obtained":[{"floor":6,"key":"Centennial Puzzle"},{"floor":8,"key":"Meat on the Bone"},{"floor":9,"key":"Boot"},{"floor":12,"key":"Orichalcum"},{"floor":13,"key":"Blood Vial"},{"floor":23,"key":"Regal Pillow"},{"floor":26,"key":"Molten Egg 2"},{"floor":30,"key":"Darkstone Periapt"}],"event_choices":[{"cards_removed":["Strike_R"],"damage_healed":0,"gold_gain":0,"player_choice":"Forget","damage_taken":0,"max_hp_gain":0,"max_hp_loss":0,"event_name":"Living Wall","floor":2,"gold_loss":0},{"damage_healed":0,"gold_gain":175,"player_choice":"AGREE","damage_taken":0,"max_hp_gain":0,"max_hp_loss":0,"event_name":"Liars Game","floor":3,"gold_loss":0,"cards_obtained":["Doubt"]},{"damage_healed":0,"gold_gain":0,"player_choice":"Success","damage_taken":12,"relics_obtained":["Dodecahedron"],"max_hp_gain":0,"max_hp_loss":0,"event_name":"Scrap Ooze","floor":7,"gold_loss":0},{"damage_healed":0,"gold_gain":0,"player_choice":"Opened","damage_taken":0,"relics_obtained":["PreservedInsect"],"max_hp_gain":0,"max_hp_loss":0,"event_name":"The Mausoleum","floor":20,"gold_loss":0},{"cards_removed":["Defend_R"],"damage_healed":0,"gold_gain":0,"player_choice":"Elegance","damage_taken":0,"max_hp_gain":0,"max_hp_loss":0,"event_name":"Back to Basics","floor":25,"gold_loss":0},{"damage_healed":0,"gold_gain":0,"player_choice":"Obtained Relic","damage_taken":0,"relics_obtained":["Blue Candle"],"max_hp_gain":0,"max_hp_loss":0,"event_name":"Addict","floor":27,"gold_loss":85}],"is_beta":false,"boss_relics":[{"not_picked":["Runic Pyramid","Orrery"],"picked":"Empty Cage"},{"not_picked":["Eternal Feather","Philosopher\u0027s Stone"],"picked":"Lizard Tail"}],"items_purged_floors":[5],"is_endless":false,"potions_floor_spawned":[8,14,21,23,24,31],"ascension_level":0}