{"gold_per_floor":[118,118,131,146,164,194,206,206,206,236,252,252,252],"floor_reached":13,"playtime":551,"items_purged":[],"score":107,"play_id":"1fe97845-e46a-49e1-97d2-50384ac1feed","local_time":"20180829090725","is_ascension_mode":true,"campfire_choices":[{"floor":8,"key":"REST"}],"neow_cost":"NONE","seed_source_timestamp":1064898436959464,"circlet_count":0,"master_deck":["Strike_B","Strike_B","Strike_B","Strike_B","Defend_B","Defend_B","Defend_B","Defend_B","Zap","Dualcast","Turbo","Capacitor","Darkness","Hologram","Storm","Steam","Hello World","Cold Snap+1","Force Field"],"relics":["Cracked Core","Cables","Happy Flower","Molten Egg 2","Bronze Scales"],"potions_floor_usage":[5,6,6,7,7,10],"damage_taken":[{"damage":0,"enemies":"Cultist","floor":1,"turns":3},{"damage":0,"enemies":"Small Slimes","floor":3,"turns":2},{"damage":2,"enemies":"Jaw Worm","floor":4,"turns":3},{"damage":9,"enemies":"Large Slime","floor":5,"turns":5},{"damage":39,"enemies":"Lagavulin","floor":6,"turns":7},{"damage":0,"enemies":"2 Fungi Beasts","floor":7,"turns":2},{"damage":35,"enemies":"Gremlin Nob","floor":10,"turns":6},{"damage":7,"enemies":"Looter","floor":11,"turns":3},{"damage":10,"enemies":"Large Slime","floor":13,"turns":3}],"seed_played":"8358958859873894774","potions_obtained":[{"floor":3,"key":"FocusPotion"},{"floor":4,"key":"Fire Potion"},{"floor":5,"key":"Weak Potion"},{"floor":6,"key":"EntropicBrew"}],"is_trial":false,"path_per_floor":["M","T","M","M","M","E","M","R","T","E","M","?"],"character_chosen":"DEFECT","items_purchased":[],"campfire_rested":1,"item_purchase_floors":[],"current_hp_per_floor":[75,75,75,73,64,25,25,47,47,12,5,5,0],"gold":252,"neow_bonus":"THREE_CARDS","is_prod":false,"is_daily":false,"chose_seed":false,"campfire_upgraded":0,"win_rate":0,"timestamp":1535555245,"path_taken":["M","?","M","M","M","E","M","R","T","E","M","?","M"],"build_version":"2018-08-23v2","purchased_purges":0,"victory":false,"max_hp_per_floor":[75,75,75,75,75,75,75,75,75,75,75,75,75],"card_choices":[{"not_picked":["Leap","Barrage"],"picked":"Turbo","floor":0},{"not_picked":["Sweeping Beam","Compile Driver"],"picked":"Capacitor","floor":1},{"not_picked":["Barrage","Auto Shields"],"picked":"Darkness","floor":3},{"not_picked":["Sweeping Beam","Gash"],"picked":"Hologram","floor":4},{"not_picked":["Redo","Force Field"],"picked":"Storm","floor":5},{"not_picked":["Consume","Undo"],"picked":"Steam","floor":6},{"not_picked":["Biased Cognition","Steam Power"],"picked":"Hello World","floor":7},{"not_picked":["Sweeping Beam+1","Ball Lightning+1"],"picked":"Cold Snap+1","floor":10},{"not_picked":["Streamline+1","Barrage+1"],"picked":"Force Field","floor":11}],"player_experience":382502,"relics_obtained":[{"floor":2,"key":"Cables"},{"floor":6,"key":"Happy Flower"},{"floor":9,"key":"Molten Egg 2"},{"floor":10,"key":"Bronze Scales"}],"event_choices":[{"event_name":"Golden Idol","player_choice":"Ignored","floor":12,"damage_taken":0}],"is_beta":false,"boss_relics":[],"items_purged_floors":[],"is_endless":false,"potions_floor_spawned":[3,4,5,6],"killed_by":"Large Slime","ascension_level":2}