{"gold_per_floor":[119,139,99,119,119,119,148,148,200,156,188,188,188,208,208,282,282,300,313,328,345,345,377,377,409,409,409,409,428,446,471,471,471],"floor_reached":33,"playtime":1479,"items_purged":[],"score":576,"play_id":"9109d675-b7ab-49f2-9e0d-6ff7a422b4be","local_time":"20190407132748","is_ascension_mode":true,"campfire_choices":[{"data":"Zap","floor":6,"key":"SMITH"},{"data":"Sweeping Beam","floor":8,"key":"SMITH"},{"floor":12,"key":"REST"},{"floor":15,"key":"REST"},{"data":"Electrodynamics","floor":24,"key":"SMITH"},{"data":"Creative AI","floor":28,"key":"SMITH"},{"data":"Creative AI","floor":32,"key":"SMITH"}],"neow_cost":"NONE","seed_source_timestamp":1950500761748415,"circlet_count":0,"master_deck":["AscendersBane","Defend_B","Defend_B","Defend_B+1","Defend_B+1","Zap+1","Dualcast","Sweeping Beam+1","Rainbow","Glacier+1","Ball Lightning+1","Electrodynamics+1","Ball Lightning+1","Genetic Algorithm","Ball Lightning+1","Bite+1","Bite+1","Bite+1","Bite+1","Bite+1","Creative AI+1","Creative AI+1","Compile Driver+1"],"relics":["Cracked Core","Centennial Puzzle","Whetstone","War Paint","Juzu Bracelet","Molten Egg 2","Velvet Choker","Potion Belt","Pear","Frozen Egg 2","Meat on the Bone"],"potions_floor_usage":[23,33,33,33],"damage_taken":[{"damage":0,"enemies":"Small Slimes","floor":1,"turns":3},{"damage":0,"enemies":"Cultist","floor":2,"turns":3},{"damage":2,"enemies":"Jaw Worm","floor":4,"turns":4},{"damage":20,"enemies":"3 Sentries","floor":7,"turns":7},{"damage":6,"enemies":"Lagavulin","floor":11,"turns":8},{"damage":2,"enemies":"3 Louse","floor":14,"turns":3},{"damage":28,"enemies":"The Guardian","floor":16,"turns":11},{"damage":0,"enemies":"3 Byrds","floor":18,"turns":4},{"damage":0,"enemies":"Spheric Guardian","floor":19,"turns":3},{"damage":9,"enemies":"Shelled Parasite and Fungi","floor":20,"turns":4},{"damage":9,"enemies":"Cultist and Chosen","floor":21,"turns":4},{"damage":25,"enemies":"Book of Stabbing","floor":23,"turns":5},{"damage":4,"enemies":"Gremlin Leader","floor":25,"turns":6},{"damage":11,"enemies":"Snecko","floor":29,"turns":5},{"damage":11,"enemies":"Sentry and Sphere","floor":30,"turns":3},{"damage":24,"enemies":"Slavers","floor":31,"turns":2},{"damage":75,"enemies":"Collector","floor":33,"turns":7}],"seed_played":"2273034759848094833","potions_obtained":[{"floor":1,"key":"EssenceOfSteel"},{"floor":3,"key":"SkillPotion"},{"floor":14,"key":"LiquidBronze"},{"floor":23,"key":"GamblersBrew"},{"floor":25,"key":"SteroidPotion"},{"floor":29,"key":"SmokeBomb"},{"floor":31,"key":"Block Potion"}],"is_trial":false,"path_per_floor":["?","M","?","?","T","?","?"],"character_chosen":"DEFECT","items_purchased":[],"campfire_rested":2,"item_purchase_floors":[],"current_hp_per_floor":[64,64,64,62,41,41,21,21,21,21,15,36,36,34,55,27,60,60,60,51,42,42,29,29,53,53,53,53,51,55,31,31,0],"gold":471,"neow_bonus":"RANDOM_COMMON_RELIC","is_prod":false,"is_daily":false,"chose_seed":false,"campfire_upgraded":5,"win_rate":0,"timestamp":1554658068,"path_taken":["M","M","?","?","?","R","E","R","T","?","E","R","?","M","R","BOSS","M","M","M","M","?","E","R","E","T","?","R","M","M","E","R","BOSS"],"build_version":"2019-01-23","purchased_purges":0,"victory":false,"max_hp_per_floor":[71,71,71,71,71,71,71,71,71,71,71,71,71,71,71,71,71,71,71,71,71,49,49,49,59,59,59,59,59,59,59,59,59],"card_choices":[{"not_picked":["Aggregate","Stack","Barrage"],"picked":"SKIP","floor":1},{"not_picked":["Steam","Reinforced Body"],"picked":"Sweeping Beam","floor":2},{"not_picked":["Rebound","Blizzard"],"picked":"Rainbow","floor":4},{"not_picked":["Self Repair","Stack"],"picked":"Glacier","floor":7},{"not_picked":["Go for the Eyes","Rebound","Force Field"],"picked":"SKIP","floor":11},{"not_picked":["Gash+1","Barrage+1"],"picked":"Ball Lightning+1","floor":14},{"not_picked":["Fission","Hyperbeam+1"],"picked":"Electrodynamics","floor":16},{"not_picked":["Fusion","Hologram"],"picked":"Ball Lightning+1","floor":18},{"not_picked":["Compile Driver+1","Rebound+1"],"picked":"Genetic Algorithm","floor":19},{"not_picked":["Redo","Fusion+1","Rip and Tear+1"],"picked":"SKIP","floor":20},{"not_picked":["Beam Cell+1","Consume+1"],"picked":"Ball Lightning+1","floor":21},{"not_picked":["Cold Snap+1","Rip and Tear+1"],"picked":"Creative AI","floor":23},{"not_picked":["Hologram","Aggregate"],"picked":"Creative AI","floor":25},{"not_picked":["Cold Snap+1","Conserve Battery","Turbo"],"picked":"SKIP","floor":29},{"not_picked":["Go for the Eyes+1","Steam"],"picked":"Compile Driver+1","floor":30},{"not_picked":["Sunder+1","BootSequence","Rebound+1"],"picked":"SKIP","floor":31}],"player_experience":1589654,"relics_obtained":[{"floor":7,"key":"Whetstone"},{"floor":9,"key":"War Paint"},{"floor":11,"key":"Juzu Bracelet"},{"floor":13,"key":"Molten Egg 2"},{"floor":23,"key":"Potion Belt"},{"floor":25,"key":"Pear"},{"floor":31,"key":"Meat on the Bone"}],"event_choices":[{"damage_healed":0,"gold_gain":0,"player_choice":"Bought 3 Potions","damage_taken":0,"max_hp_gain":0,"max_hp_loss":0,"event_name":"The Woman in Blue","floor":3,"gold_loss":0},{"damage_healed":0,"gold_gain":0,"player_choice":"Entered Light","damage_taken":21,"max_hp_gain":0,"max_hp_loss":0,"event_name":"Shining Light","floor":5,"gold_loss":0,"cards_upgraded":["Defend_B","Strike_B"]},{"damage_healed":0,"gold_gain":0,"player_choice":"Left Gold","damage_taken":0,"max_hp_gain":0,"max_hp_loss":0,"event_name":"World of Goop","floor":10,"gold_loss":44},{"damage_healed":0,"gold_gain":0,"player_choice":"Became a vampire","damage_taken":0,"max_hp_gain":0,"max_hp_loss":22,"event_name":"Vampires","floor":22,"gold_loss":0,"cards_obtained":["Bite","Bite","Bite","Bite","Bite"]},{"damage_healed":0,"gold_gain":0,"player_choice":"Gave Potion","damage_taken":0,"relics_obtained":["Frozen Egg 2"],"max_hp_gain":0,"max_hp_loss":0,"event_name":"WeMeetAgain","floor":27,"gold_loss":0}],"is_beta":false,"boss_relics":[{"not_picked":["Black Star","Pandora\u0027s Box"],"picked":"Velvet Choker"}],"items_purged_floors":[],"is_endless":false,"potions_floor_spawned":[1,14,18,23,25,29,31],"killed_by":"Collector","ascension_level":15}