{"gold_per_floor":[418,418,57,68,81,81,106,122,122,134,166,166,196,196],"floor_reached":14,"playtime":689,"items_purged":[],"score":176,"play_id":"05c8fbc0-9a22-448a-8205-cb4d69e5ff7c","local_time":"20190330181453","is_ascension_mode":true,"campfire_choices":[{"data":"Uppercut","floor":6,"key":"SMITH"},{"data":"True Grit","floor":12,"key":"SMITH"}],"neow_cost":"TEN_PERCENT_HP_LOSS","seed_source_timestamp":1277316319831979,"circlet_count":0,"master_deck":["AscendersBane","Strike_R","Strike_R","Strike_R","Strike_R","Strike_R","Defend_R","Defend_R","Defend_R","Defend_R","Bash+1","Battle Trance","Uppercut+1","Headbutt","Armaments","True Grit+1","Inflame","Limit Break"],"relics":["Burning Blood","Old Coin","Pear","Pen Nib","Matryoshka","Incense Burner","Molten Egg 2"],"potions_floor_usage":[7,14],"damage_taken":[{"damage":7,"enemies":"Jaw Worm","floor":1,"turns":5},{"damage":1,"enemies":"Cultist","floor":4,"turns":4},{"damage":2,"enemies":"2 Louse","floor":5,"turns":2},{"damage":45,"enemies":"Gremlin Nob","floor":7,"turns":6},{"damage":11,"enemies":"Large Slime","floor":8,"turns":7},{"damage":12,"enemies":"Blue Slaver","floor":10,"turns":3},{"damage":18,"enemies":"Lagavulin","floor":11,"turns":5},{"damage":18,"enemies":"3 Sentries","floor":13,"turns":12},{"damage":23,"enemies":"Exordium Thugs","floor":14,"turns":3}],"seed_played":"-936135073633284054","potions_obtained":[{"floor":5,"key":"SteroidPotion"},{"floor":7,"key":"FearPotion"}],"is_trial":false,"path_per_floor":["?","M"],"character_chosen":"IRONCLAD","items_purchased":["Pear","Fruit Juice"],"campfire_rested":0,"item_purchase_floors":[3,3],"current_hp_per_floor":[71,71,81,82,82,82,48,43,43,37,25,25,13,0],"gold":196,"neow_bonus":"ONE_RARE_RELIC","is_prod":false,"is_daily":false,"chose_seed":false,"campfire_upgraded":2,"win_rate":0,"timestamp":1553984093,"path_taken":["M","?","$","M","?","R","E","M","T","M","E","R","E","M"],"build_version":"2019-01-23","purchased_purges":0,"victory":false,"max_hp_per_floor":[72,72,82,82,82,82,87,87,87,87,87,87,87,87],"card_choices":[{"not_picked":["Headbutt","Flex"],"picked":"Battle Trance","floor":1},{"not_picked":["Flame Barrier","Fire Breathing"],"picked":"Uppercut","floor":4},{"not_picked":["Thunderclap","Iron Wave"],"picked":"Headbutt","floor":5},{"not_picked":["Entrench","Rupture","Bloodletting"],"picked":"SKIP","floor":7},{"not_picked":["Iron Wave","Heavy Blade"],"picked":"Armaments","floor":8},{"not_picked":["Dual Wield","Rampage"],"picked":"True Grit","floor":10},{"not_picked":["Twin Strike","Havoc"],"picked":"Inflame","floor":11},{"not_picked":["Disarm","Infernal Blade"],"picked":"Limit Break","floor":13}],"player_experience":1299841,"relics_obtained":[{"floor":7,"key":"Pen Nib"},{"floor":9,"key":"Matryoshka"},{"floor":11,"key":"Incense Burner"},{"floor":13,"key":"Molten Egg 2"}],"event_choices":[{"damage_healed":0,"gold_gain":0,"player_choice":"Upgraded","damage_taken":0,"max_hp_gain":0,"max_hp_loss":0,"event_name":"Upgrade Shrine","floor":2,"gold_loss":0,"cards_upgraded":["Bash"]}],"is_beta":false,"boss_relics":[],"items_purged_floors":[],"is_endless":false,"potions_floor_spawned":[5,7,8,10],"killed_by":"Exordium Thugs","ascension_level":12}