{"gold_per_floor":[112,112,187,206,225,225,238,238,238,238,267,267,297,142,142,241,241,260,260,260,278,289,289,318,336,363,392,411,424,456,475,475,573,573,583,583,2,2,16,16,30,30,101,133,145,158,175,191,191,191,191,191,37,71,71],"floor_reached":56,"playtime":5360,"items_purged":["Strike_G","Pain"],"score":1614,"play_id":"ef260191-ebc0-48aa-a976-600a7dc48411","local_time":"20190325140843","is_ascension_mode":true,"campfire_choices":[{"data":"Neutralize","floor":6,"key":"SMITH"},{"data":"Quick Slash","floor":8,"key":"SMITH"},{"data":"Well Laid Plans","floor":10,"key":"SMITH"},{"data":"Blur","floor":12,"key":"SMITH"},{"floor":15,"key":"REST"},{"data":"Cloak And Dagger","floor":23,"key":"SMITH"},{"data":"Blade Dance","floor":32,"key":"SMITH"},{"floor":40,"key":"RECALL"},{"data":"RitualDagger","floor":42,"key":"SMITH"},{"data":"Blur","floor":49,"key":"SMITH"},{"floor":52,"key":"REST"}],"neow_cost":"TEN_PERCENT_HP_LOSS","seed_source_timestamp":825861859825323,"circlet_count":0,"master_deck":["Defend_G","Defend_G","Defend_G","Defend_G","Defend_G","Strike_G","Strike_G","Strike_G","Strike_G","Survivor","Neutralize+1","Quick Slash+1","Well Laid Plans+1","Blur+1","Footwork+1","A Thousand Cuts+1","Blade Dance+1","RitualDagger+1","Cloak And Dagger+1","A Thousand Cuts+1","Backflip","Footwork+1","Noxious Fumes+1","After Image+1","Dodge and Roll+1","Blur+1","Infinite Blades+1","Caltrops+1","Backflip+1","PiercingWail","Caltrops+1","Blur","Envenom+1"],"relics":["Ring of the Snake","Bird Faced Urn","Lantern","Frozen Egg 2","Blood Vial","WristBlade","Art of War","PreservedInsect","Vajra","Anchor","Pantograph","Lizard Tail","WarpedTongs","Bronze Scales","Sling","Incense Burner","Strawberry","Boot"],"potions_floor_usage":[18,24,27,27,27,55,55,55],"damage_taken":[{"damage":0,"enemies":"Cultist","floor":1,"turns":4},{"damage":4,"enemies":"Small Slimes","floor":4,"turns":4},{"damage":0,"enemies":"2 Louse","floor":5,"turns":3},{"damage":12,"enemies":"Exordium Wildlife","floor":7,"turns":8},{"damage":15,"enemies":"3 Sentries","floor":11,"turns":10},{"damage":42,"enemies":"Slime Boss","floor":16,"turns":26},{"damage":22,"enemies":"2 Thieves","floor":18,"turns":5},{"damage":12,"enemies":"3 Byrds","floor":21,"turns":4},{"damage":0,"enemies":"Centurion and Healer","floor":22,"turns":8},{"damage":19,"enemies":"Slavers","floor":24,"turns":6},{"damage":11,"enemies":"Shelled Parasite and Fungi","floor":25,"turns":6},{"damage":0,"enemies":"Book of Stabbing","floor":27,"turns":4},{"damage":0,"enemies":"3 Cultists","floor":28,"turns":4},{"damage":8,"enemies":"Sentry and Sphere","floor":29,"turns":10},{"damage":21,"enemies":"Slavers","floor":30,"turns":4},{"damage":0,"enemies":"Cultist and Chosen","floor":31,"turns":5},{"damage":29,"enemies":"Champ","floor":33,"turns":11},{"damage":0,"enemies":"3 Shapes","floor":35,"turns":5},{"damage":23,"enemies":"3 Darklings","floor":39,"turns":7},{"damage":5,"enemies":"Sphere and 2 Shapes","floor":41,"turns":6},{"damage":11,"enemies":"Reptomancer","floor":44,"turns":7},{"damage":10,"enemies":"Writhing Mass","floor":45,"turns":6},{"damage":0,"enemies":"4 Shapes","floor":46,"turns":7},{"damage":3,"enemies":"Jaw Worm Horde","floor":47,"turns":6},{"damage":0,"enemies":"Sphere and 2 Shapes","floor":48,"turns":4},{"damage":57,"enemies":"Time Eater","floor":50,"turns":11},{"damage":66,"enemies":"Shield and Spear","floor":54,"turns":8},{"damage":34,"enemies":"The Heart","floor":55,"turns":9}],"seed_played":"7450215057650390721","potions_obtained":[{"floor":1,"key":"SkillPotion"},{"floor":4,"key":"FearPotion"},{"floor":7,"key":"GhostInAJar"},{"floor":21,"key":"EssenceOfSteel"},{"floor":24,"key":"Block Potion"},{"floor":27,"key":"Weak Potion"},{"floor":33,"key":"GamblersBrew"},{"floor":39,"key":"GhostInAJar"},{"floor":44,"key":"GhostInAJar"}],"is_trial":false,"path_per_floor":["$","?","?","?","T","?","T","M","M"],"character_chosen":"THE_SILENT","items_purchased":["Footwork+1","Bronze Scales","Sling","Blur","Infinite Blades+1","Blur","Envenom+1"],"campfire_rested":2,"item_purchase_floors":[14,37,37,37,37,53,53],"current_hp_per_floor":[63,63,52,48,50,50,40,40,40,40,27,27,27,27,45,9,50,36,30,30,26,34,34,23,22,22,30,42,46,37,51,51,36,56,63,63,63,63,47,47,60,60,60,67,67,70,70,70,70,23,58,70,70,16,31],"gold":71,"neow_bonus":"ONE_RARE_RELIC","is_prod":false,"is_daily":false,"chose_seed":false,"campfire_upgraded":8,"win_rate":0,"timestamp":1553537323,"path_taken":["M","?","?","M","M","R","M","R","T","R","E","R","?","$","R","BOSS","M","?","?","M","M","R","E","M","T","E","M","M","E","M","R","BOSS","M","?","$","?","?","R","M","R","T","E","M","M","M","?","R","BOSS","R","$","E","BOSS"],"build_version":"2019-01-23","purchased_purges":2,"victory":true,"max_hp_per_floor":[63,63,63,63,63,63,63,63,63,63,63,63,63,63,63,63,63,63,63,63,63,63,63,63,63,63,63,63,63,63,63,63,63,63,63,63,63,63,63,63,63,63,63,70,70,70,70,70,70,70,70,70,70,70,70],"card_choices":[{"not_picked":["Reflex","Blade Dance"],"picked":"Quick Slash","floor":1},{"not_picked":["Blade Dance","Slice"],"picked":"Well Laid Plans","floor":4},{"not_picked":["Catalyst","Dagger Spray"],"picked":"Blur","floor":5},{"not_picked":["Acrobatics","Prepared","Flying Knee"],"picked":"SKIP","floor":7},{"not_picked":["Predator","Acrobatics","Distraction"],"picked":"SKIP","floor":11},{"not_picked":["Bullet Time","Envenom+1"],"picked":"A Thousand Cuts+1","floor":16},{"not_picked":["Well Laid Plans+1","Prepared"],"picked":"Blade Dance","floor":18},{"not_picked":["Dagger Spray","Finisher+1","Quick Slash"],"picked":"SKIP","floor":21},{"not_picked":["Dodge and Roll","Calculated Gamble"],"picked":"Cloak And Dagger","floor":22},{"not_picked":["Reflex","Dodge and Roll"],"picked":"A Thousand Cuts+1","floor":24},{"not_picked":["Underhanded Strike+1","Quick Slash"],"picked":"Backflip","floor":25},{"not_picked":["Expertise","Bane"],"picked":"Footwork+1","floor":27},{"not_picked":["Acrobatics","Deadly Poison","Flechettes"],"picked":"SKIP","floor":28},{"not_picked":["Reflex","Tactician+1","Dagger Throw"],"picked":"SKIP","floor":29},{"not_picked":["Deflect","Flying Knee"],"picked":"Noxious Fumes+1","floor":30},{"not_picked":["Deadly Poison+1","Flying Knee","Prepared"],"picked":"SKIP","floor":31},{"not_picked":["Tools of the Trade+1","Malaise"],"picked":"After Image+1","floor":33},{"not_picked":["Underhanded Strike","Poisoned Stab+1"],"picked":"Dodge and Roll+1","floor":35},{"not_picked":["Flying Knee+1","Bane+1","Slice"],"picked":"SKIP","floor":39},{"not_picked":["Outmaneuver+1","Quick Slash+1","Backstab"],"picked":"SKIP","floor":41},{"not_picked":["Finisher+1","Sucker Punch"],"picked":"Caltrops+1","floor":44},{"not_picked":["Sucker Punch","Acrobatics"],"picked":"Backflip+1","floor":45},{"not_picked":["Caltrops+1","Acrobatics"],"picked":"PiercingWail","floor":46},{"not_picked":["Predator","Blade Dance"],"picked":"Caltrops+1","floor":47},{"not_picked":["Cloak And Dagger+1","Dodge and Roll","Concentrate+1"],"picked":"SKIP","floor":48},{"not_picked":["Tools of the Trade+1","Slice","Calculated Gamble+1"],"picked":"SKIP","floor":54}],"player_experience":991533,"relics_obtained":[{"floor":9,"key":"Lantern"},{"floor":11,"key":"Frozen Egg 2"},{"floor":20,"key":"Art of War"},{"floor":24,"key":"PreservedInsect"},{"floor":26,"key":"Vajra"},{"floor":27,"key":"Anchor"},{"floor":30,"key":"Pantograph"},{"floor":38,"key":"Incense Burner"},{"floor":44,"key":"Strawberry"},{"floor":54,"key":"Boot"}],"event_choices":[{"damage_healed":0,"gold_gain":75,"player_choice":"Gather Gold","damage_taken":11,"max_hp_gain":0,"max_hp_loss":0,"event_name":"World of Goop","floor":3,"gold_loss":0},{"damage_healed":0,"gold_gain":30,"player_choice":"Searched \u00273\u0027 times","damage_taken":0,"relics_obtained":["Blood Vial"],"max_hp_gain":0,"max_hp_loss":0,"event_name":"Dead Adventurer","floor":13,"gold_loss":0},{"damage_healed":0,"gold_gain":0,"player_choice":"Joined the Cult","damage_taken":6,"max_hp_gain":0,"max_hp_loss":0,"event_name":"Nest","floor":19,"gold_loss":0,"cards_obtained":["RitualDagger"]},{"damage_healed":0,"gold_gain":0,"player_choice":"Rummage","damage_taken":0,"relics_obtained":["WarpedTongs"],"max_hp_gain":0,"max_hp_loss":0,"event_name":"Accursed Blacksmith","floor":36,"gold_loss":0,"cards_obtained":["Pain"]}],"is_beta":false,"boss_relics":[{"not_picked":["Ring of the Serpent","Runic Pyramid"],"picked":"WristBlade"},{"not_picked":["Pandora\u0027s Box","Tiny House"],"picked":"Lizard Tail"}],"items_purged_floors":[14,37],"is_endless":false,"potions_floor_spawned":[1,4,7,21,24,27,33,39,44,47],"ascension_level":9}