{"gold_per_floor":[119,137,137,137,210,210,210,210,210,228,228,56,88,108,108,186,186,196,396,414,329,329,363,381,381,435,464,475,223,223,233,233,311,311,324,324,324,344,389,420,432,474,512,214,231,231,257,257,257,257,257,257,257,34,59,59],"floor_reached":57,"playtime":3783,"items_purged":["Blood for Blood"],"score":2748,"play_id":"1fddda4c-bb2b-4a2d-9e3d-9cf039256a12","local_time":"20190411191940","is_ascension_mode":true,"campfire_choices":[{"data":"Armaments","floor":6.0,"key":"SMITH"},{"data":"Bash","floor":8.0,"key":"SMITH"},{"data":"Disarm","floor":11.0,"key":"SMITH"},{"data":"Cleave","floor":15.0,"key":"SMITH"},{"data":"Feed","floor":25.0,"key":"SMITH"},{"data":"Uppercut","floor":30.0,"key":"SMITH"},{"floor":32.0,"key":"REST"},{"floor":41.0,"key":"RECALL"},{"data":"Shockwave","floor":49.0,"key":"SMITH"},{"data":"Dual Wield","floor":53.0,"key":"SMITH"}],"neow_cost":"TEN_PERCENT_HP_LOSS","seed_source_timestamp":0,"circlet_count":0,"master_deck":["AscendersBane","Bash+1","Feed+1","Armaments+1","Disarm+1","Evolve+1","Cleave+1","Exhume","Clothesline","Dual Wield+1","Pommel Strike","Seeing Red","Sentinel","Feel No Pain+1","Shrug It Off","Immolate","Feel No Pain+1","Uppercut+1","Reaper","Demon Form+1","Intimidate+1","Impervious","Warcry+1","Ghostly Armor","Inflame+1","Shrug It Off","Secret Technique","Panache+1","Finesse","Shockwave+1","Headbutt"],"special_seed":0,"relics":["Burning Blood","Darkstone Periapt","Frozen Egg 2","Bronze Scales","Magic Flower","Pandora\u0027s Box","Question Card","MutagenicStrength","Bottled Tornado","Happy Flower","Letter Opener","Busted Crown","StoneCalendar","MawBank","Kunai","Medical Kit","Juzu Bracelet","Anchor","Incense Burner"],"potions_floor_usage":[56,56],"damage_taken":[{"damage":1.0,"enemies":"Small Slimes","floor":1.0,"turns":4.0},{"damage":5.0,"enemies":"2 Louse","floor":2.0,"turns":4.0},{"damage":0.0,"enemies":"Cultist","floor":10.0,"turns":2.0},{"damage":19.0,"enemies":"Lagavulin","floor":13.0,"turns":8.0},{"damage":18.0,"enemies":"Exordium Thugs","floor":14.0,"turns":5.0},{"damage":37.0,"enemies":"The Guardian","floor":16.0,"turns":14.0},{"damage":2.0,"enemies":"3 Byrds","floor":18.0,"turns":4.0},{"damage":27.0,"enemies":"Spheric Guardian","floor":20.0,"turns":6.0},{"damage":19.0,"enemies":"Book of Stabbing","floor":23.0,"turns":6.0},{"damage":29.0,"enemies":"Cultist and Chosen","floor":24.0,"turns":5.0},{"damage":55.0,"enemies":"Gremlin Leader","floor":27.0,"turns":8.0},{"damage":17.0,"enemies":"Shelled Parasite and Fungi","floor":28.0,"turns":7.0},{"damage":9.0,"enemies":"Snake Plant","floor":31.0,"turns":6.0},{"damage":93.0,"enemies":"Automaton","floor":33.0,"turns":10.0},{"damage":8.0,"enemies":"3 Shapes","floor":35.0,"turns":8.0},{"damage":38.0,"enemies":"3 Darklings","floor":38.0,"turns":7.0},{"damage":72.0,"enemies":"2 Orb Walkers","floor":39.0,"turns":6.0},{"damage":13.0,"enemies":"Reptomancer","floor":40.0,"turns":7.0},{"damage":52.0,"enemies":"Nemesis","floor":42.0,"turns":7.0},{"damage":22.0,"enemies":"4 Shapes","floor":45.0,"turns":6.0},{"damage":55.0,"enemies":"Reptomancer","floor":47.0,"turns":7.0},{"damage":103.0,"enemies":"Time Eater","floor":50.0,"turns":19.0},{"damage":143.0,"enemies":"Awakened One","floor":51.0,"turns":18.0},{"damage":95,"enemies":"Shield and Spear","floor":55,"turns":10},{"damage":102,"enemies":"The Heart","floor":56,"turns":10}],"seed_played":"2443366695081928723","potions_obtained":[{"floor":2.0,"key":"EssenceOfSteel"},{"floor":13.0,"key":"Dexterity Potion"},{"floor":28.0,"key":"Regen Potion"},{"floor":31.0,"key":"Weak Potion"},{"floor":38.0,"key":"LiquidBronze"}],"is_trial":false,"path_per_floor":["M","M","?","?","?","R","?","R","T","M","R","$","E","M","R","B",null,"M","?","M","?","?","E","M","R","T","E","M","$","R","M","R","B",null,"M","?","?","M","?","E","R","E","T","$","M","?","E","?","R","B","B",null,"R","$","E","B",null],"character_chosen":"IRONCLAD","items_purchased":["Bronze Scales","Demon Form+1","Inflame+1","Medical Kit","Shrug It Off","Anchor","Headbutt"],"campfire_rested":1,"item_purchase_floors":[12,29,44,44,44,54,54],"current_hp_per_floor":[71,75,52,47,47,47,85,85,85,88,88,88,79,76,76,53,88,106,106,93,93,93,89,74,74,74,28,32,32,32,62,100,78,119,140,140,140,130,73,69,69,48,48,48,110,100,158,152,152,150,164,164,164,164,168,131],"gold":59,"neow_bonus":"TRANSFORM_TWO_CARDS","is_prod":false,"is_daily":false,"chose_seed":false,"campfire_upgraded":8,"win_rate":0,"timestamp":1555024780,"path_taken":["M","M","?","?","?","R","?","R","T","?","R","$","E","M","R","BOSS","M","?","?","?","?","E","M","R","T","E","M","?","R","M","R","BOSS","M","?","?","M","?","E","R","E","T","$","M","?","E","?","R","BOSS","BOSS","R","$","E","BOSS"],"build_version":"2019-04-04","purchased_purges":1,"victory":true,"max_hp_per_floor":[71,75,75,75,75,75,85,85,85,88,88,88,92,96,96,99,99,106,106,109,109,109,113,116,116,116,116,124,124,124,128,128,132,132,140,140,140,144,148,148,148,148,148,148,160,160,160,152,152,156,164,164,164,164,168,168],"card_choices":[{"not_picked":["Headbutt","Dropkick"],"picked":"Armaments","floor":1.0},{"not_picked":["Clash","Headbutt"],"picked":"Disarm","floor":2.0},{"not_picked":["Bloodletting","Sever Soul","Searing Blow"],"picked":"SKIP","floor":10.0},{"not_picked":["Wild Strike","Havoc"],"picked":"Evolve+1","floor":13.0},{"not_picked":["Havoc","Flex"],"picked":"Cleave","floor":14.0},{"not_picked":["Barricade+1","Limit Break"],"picked":"Exhume","floor":16.0},{"not_picked":["Uppercut","Rampage"],"picked":"Feel No Pain+1","floor":18.0},{"not_picked":["Fire Breathing+1","Pommel Strike"],"picked":"Shrug It Off","floor":20.0},{"not_picked":["Sword Boomerang+1","Thunderclap","Armaments"],"picked":"Immolate","floor":23.0},{"not_picked":["Heavy Blade","Cleave","Wild Strike"],"picked":"Feel No Pain+1","floor":24.0},{"not_picked":["Sever Soul","Sword Boomerang","Pummel"],"picked":"Uppercut","floor":27.0},{"not_picked":["Clothesline+1","Infernal Blade","Cleave"],"picked":"Reaper","floor":28.0},{"not_picked":["Whirlwind","Flex","Dropkick"],"picked":"Intimidate+1","floor":31.0},{"not_picked":["Dark Embrace+1","Feed","Demon Form+1"],"picked":"Impervious","floor":33.0},{"not_picked":["Perfected Strike","Cleave"],"picked":"SKIP","floor":35.0},{"not_picked":["Flex+1"],"picked":"Warcry+1","floor":38.0},{"not_picked":["Havoc+1"],"picked":"Ghostly Armor","floor":40.0},{"not_picked":["Body Slam","Sever Soul+1"],"picked":"SKIP","floor":42.0},{"not_picked":["Flex","Seeing Red"],"picked":"SKIP","floor":45.0},{"not_picked":["Apotheosis"],"picked":"Secret Technique","floor":46.0},{"not_picked":["Blind"],"picked":"Panache+1","floor":46.0},{"not_picked":["Blind"],"picked":"Finesse","floor":46.0},{"not_picked":["Body Slam+1"],"picked":"Shockwave","floor":47.0},{"not_picked":["Sentinel","Entrench"],"picked":"SKIP","floor":55}],"player_experience":1513078,"relics_obtained":[{"floor":9.0,"key":"Frozen Egg 2"},{"floor":13.0,"key":"Magic Flower"},{"floor":23.0,"key":"Bottled Tornado"},{"floor":26.0,"key":"Happy Flower"},{"floor":27.0,"key":"Letter Opener"},{"floor":39.0,"key":"StoneCalendar"},{"floor":40.0,"key":"MawBank"},{"floor":42.0,"key":"Kunai"},{"floor":47.0,"key":"Juzu Bracelet"},{"floor":55,"key":"Incense Burner"}],"event_choices":[{"damage_healed":0.0,"max_hp_gain":0.0,"max_hp_loss":0.0,"gold_gain":0.0,"event_name":"Shining Light","player_choice":"Entered Light","floor":3.0,"gold_loss":0.0,"damage_taken":23.0,"cards_upgraded":["Strike_R","Defend_R"]},{"damage_healed":0.0,"max_hp_gain":0.0,"max_hp_loss":0.0,"gold_gain":0.0,"event_name":"Scrap Ooze","player_choice":"Success","floor":4.0,"gold_loss":0.0,"damage_taken":5.0,"relics_obtained":["Darkstone Periapt"]},{"damage_healed":0.0,"max_hp_gain":0.0,"max_hp_loss":0.0,"gold_gain":73.0,"event_name":"Golden Wing","player_choice":"Gained Gold","floor":5.0,"gold_loss":0.0,"damage_taken":0.0},{"cards_removed":["Brutality"],"damage_healed":28.0,"max_hp_gain":10.0,"max_hp_loss":0.0,"gold_gain":0.0,"event_name":"Bonfire Elementals","player_choice":"Offered Rare","floor":7.0,"gold_loss":0.0,"damage_taken":0.0},{"damage_healed":0.0,"max_hp_gain":0.0,"max_hp_loss":0.0,"gold_gain":250.0,"event_name":"The Joust","player_choice":"Bet on Owner","floor":19.0,"gold_loss":50.0,"damage_taken":0.0},{"damage_healed":0.0,"max_hp_gain":0.0,"max_hp_loss":0.0,"gold_gain":0.0,"event_name":"Addict","player_choice":"Obtained Relic","floor":21.0,"gold_loss":85.0,"damage_taken":0.0,"relics_obtained":["Question Card"]},{"damage_healed":0.0,"max_hp_gain":0.0,"max_hp_loss":0.0,"gold_gain":0.0,"event_name":"Drug Dealer","player_choice":"Inject Mutagens","floor":22.0,"gold_loss":0.0,"damage_taken":0.0,"relics_obtained":["MutagenicStrength"]},{"damage_healed":0.0,"max_hp_gain":0.0,"max_hp_loss":0.0,"gold_gain":0.0,"event_name":"Tomb of Lord Red Mask","player_choice":"Ignored","floor":36.0,"gold_loss":0.0,"damage_taken":0.0},{"cards_removed":["Infernal Blade"],"damage_healed":0.0,"max_hp_gain":0.0,"max_hp_loss":0.0,"gold_gain":0.0,"event_name":"Falling","player_choice":"Removed Skill","floor":37.0,"gold_loss":0.0,"damage_taken":0.0},{"damage_healed":0.0,"max_hp_gain":0.0,"max_hp_loss":0.0,"gold_gain":0.0,"event_name":"Mysterious Sphere","player_choice":"Fight","floor":39.0,"gold_loss":0.0,"damage_taken":0.0},{"damage_healed":0.0,"max_hp_gain":0.0,"max_hp_loss":0.0,"gold_gain":0.0,"event_name":"SensoryStone","player_choice":"Memory 3","floor":46.0,"gold_loss":0.0,"damage_taken":10.0},{"damage_healed":0.0,"max_hp_gain":0.0,"max_hp_loss":8.0,"gold_gain":0.0,"event_name":"Winding Halls","player_choice":"Max HP","floor":48.0,"gold_loss":0.0,"damage_taken":0.0}],"is_beta":true,"boss_relics":[{"not_picked":["Runic Cube","Tiny House"],"picked":"Pandora\u0027s Box"},{"not_picked":["Runic Pyramid","Eternal Feather"],"picked":"Busted Crown"}],"items_purged_floors":[29],"is_endless":false,"potions_floor_spawned":[2,13,14,28,31,38,42,47],"ascension_level":20}