{"gold_per_floor":[118,130,27,42,53,84,84,84,84,98,128,138,150,164,164,267,267,284,284,301,321,78,104,104,132,211,311,325,325,30,30,30,30],"floor_reached":33,"playtime":1773,"items_purged":[],"score":389,"play_id":"55cc2b4b-ed99-4655-a14f-fd19e070af56","local_time":"20180805133839","is_ascension_mode":true,"campfire_choices":[{"floor":8,"key":"REST"},{"floor":15,"key":"REST"},{"floor":24,"key":"REST"},{"floor":32,"key":"REST"}],"neow_cost":"","seed_source_timestamp":358320544959686,"circlet_count":0,"master_deck":["Defend_G","Defend_G","Defend_G","Defend_G","Defend_G","Strike_G","Strike_G","Strike_G","Strike_G+1","Strike_G","Survivor","Neutralize+1","Backstab","Footwork","Dagger Spray","Crippling Poison","Deflect","Poisoned Stab+1","Deadly Poison","Prepared","Deadly Poison","Terror","Deadly Poison","Slice","Tools of the Trade","Flying Knee","Backstab","Deflect","Underhanded Strike","Flying Knee","Caltrops","RitualDagger","Leg Sweep+1","Deadly Poison","Flechettes","Bane","Crippling Poison","Blur","Noxious Fumes","Apotheosis","Deflect","Normality"],"relics":["Ring of the Snake","Ginger","Pear","Blue Candle","Orrery","Lee\u0027s Waffle","Happy Flower","Whetstone","Smiling Mask","Boot","Du-Vu Doll"],"potions_floor_usage":[11,16,16,16,25,25,28,33],"damage_taken":[{"damage":12,"enemies":"Jaw Worm","floor":1,"turns":5},{"damage":2,"enemies":"Cultist","floor":2,"turns":4},{"damage":2,"enemies":"Small Slimes","floor":4,"turns":3},{"damage":0,"enemies":"Blue Slaver","floor":5,"turns":5},{"damage":17,"enemies":"3 Sentries","floor":6,"turns":11},{"damage":12,"enemies":"Looter","floor":10,"turns":3},{"damage":17,"enemies":"Gremlin Nob","floor":11,"turns":4},{"damage":0,"enemies":"Large Slime","floor":12,"turns":4},{"damage":8,"enemies":"Gremlin Gang","floor":13,"turns":3},{"damage":10,"enemies":"Looter","floor":14,"turns":3},{"damage":30,"enemies":"The Guardian","floor":16,"turns":8},{"damage":10,"enemies":"Chosen","floor":18,"turns":5},{"damage":23,"enemies":"2 Thieves","floor":20,"turns":4},{"damage":14,"enemies":"Chosen and Byrds","floor":21,"turns":6},{"damage":59,"enemies":"Slavers","floor":23,"turns":6},{"damage":25,"enemies":"Gremlin Leader","floor":25,"turns":6},{"damage":14,"enemies":"Cultist and Chosen","floor":28,"turns":6},{"damage":41,"enemies":"Collector","floor":33,"turns":4}],"seed_played":"-6710966141572714738","potions_obtained":[{"floor":2,"key":"FearPotion"},{"floor":5,"key":"Swift Potion"},{"floor":6,"key":"GhostInAJar"},{"floor":11,"key":"SpeedPotion"},{"floor":12,"key":"LiquidBronze"},{"floor":18,"key":"Swift Potion"},{"floor":20,"key":"Dexterity Potion"},{"floor":23,"key":"EssenceOfSteel"},{"floor":25,"key":"PowerPotion"}],"is_trial":false,"path_per_floor":["M","M","$","M","M","E","?","R","T","M","E","M","M","M","R","B",null,"M","?","M","M","$","E","R","E","T","?","M","T","$","?","R"],"character_chosen":"THE_SILENT","items_purchased":["Dagger Spray","Crippling Poison","Lee\u0027s Waffle","Flechettes","Noxious Fumes","Apotheosis","Deflect"],"campfire_rested":4,"item_purchase_floors":[3,3,22,22,30,30,30],"current_hp_per_floor":[58,56,56,54,54,37,37,58,68,56,39,39,31,21,45,15,80,70,64,41,27,87,28,54,29,29,29,15,15,15,15,41,0],"gold":30,"neow_bonus":"","is_prod":false,"is_daily":false,"chose_seed":false,"campfire_upgraded":0,"win_rate":0,"timestamp":1533497919,"path_taken":["M","M","$","M","M","E","?","R","T","M","E","M","M","M","R","BOSS","M","?","M","M","$","E","R","E","T","?","M","?","$","?","R","BOSS"],"build_version":"2018-08-02","purchased_purges":0,"victory":false,"max_hp_per_floor":[70,70,70,70,70,70,70,70,80,80,80,80,80,80,80,80,80,80,80,80,80,87,87,87,87,87,87,87,87,87,87,87,87],"card_choices":[{"not_picked":["Poisoned Stab","Dagger Spray"],"picked":"Backstab","floor":1},{"not_picked":["Outmaneuver","Riddle With Holes"],"picked":"Footwork","floor":2},{"not_picked":["Dagger Spray","Riddle With Holes"],"picked":"Deflect","floor":4},{"not_picked":["Crippling Poison","Flying Knee"],"picked":"Poisoned Stab","floor":5},{"not_picked":["PiercingWail","Crippling Poison"],"picked":"Deadly Poison","floor":6},{"not_picked":["Heel Hook","Finisher"],"picked":"Prepared","floor":10},{"not_picked":["Cloak And Dagger","Concentrate"],"picked":"Deadly Poison","floor":11},{"not_picked":["Tactician","Cloak And Dagger"],"picked":"Terror","floor":12},{"not_picked":["Reflex","Heel Hook"],"picked":"Deadly Poison","floor":13},{"not_picked":["PiercingWail","Dodge and Roll"],"picked":"Slice","floor":14},{"not_picked":["Malaise","Grand Finale"],"picked":"Tools of the Trade","floor":16},{"not_picked":["Dagger Spray","Predator"],"picked":"Flying Knee","floor":17},{"not_picked":["Dash","Slice"],"picked":"Backstab","floor":17},{"not_picked":["Prepared","Quick Slash"],"picked":"Deflect","floor":17},{"not_picked":["Flying Knee","Masterful Stab"],"picked":"Underhanded Strike","floor":17},{"not_picked":["Concentrate","Underhanded Strike"],"picked":"Flying Knee","floor":17},{"not_picked":["Tools of the Trade","Cloak And Dagger"],"picked":"Caltrops","floor":18},{"not_picked":["Finisher","Flying Knee"],"picked":"Leg Sweep+1","floor":20},{"not_picked":["Cloak And Dagger","Phantasmal Killer"],"picked":"Deadly Poison","floor":21},{"not_picked":["Expertise+1","Flying Knee"],"picked":"Bane","floor":23},{"not_picked":["Deadly Poison","Escape Plan"],"picked":"Crippling Poison","floor":25},{"not_picked":["Dagger Throw","Quick Slash+1"],"picked":"Blur","floor":28}],"player_experience":201310,"relics_obtained":[{"floor":6,"key":"Ginger"},{"floor":9,"key":"Pear"},{"floor":11,"key":"Blue Candle"},{"floor":23,"key":"Happy Flower"},{"floor":25,"key":"Whetstone"},{"floor":26,"key":"Smiling Mask"},{"floor":29,"key":"Boot"}],"event_choices":[{"event_name":"Upgrade Shrine","player_choice":"Upgraded","floor":7,"damage_taken":0},{"event_name":"Nest","player_choice":"Joined the Cult","floor":19,"damage_taken":0},{"event_name":"Golden Shrine","player_choice":"Pray","floor":27,"damage_taken":0},{"event_name":"Accursed Blacksmith","player_choice":"Rummage","floor":31,"damage_taken":0}],"is_beta":false,"boss_relics":[{"not_picked":["Lizard Tail","Fusion Hammer"],"picked":"Orrery"}],"items_purged_floors":[],"is_endless":false,"potions_floor_spawned":[2,5,6,11,12,18,20,23,25],"killed_by":"Collector","ascension_level":1}