{"gold_per_floor":[114,126,142,142,142,142,176,176,176,196,231,261,326,352,352,447,447,417,194,194,213,58,87,87,120,199,199],"floor_reached":27,"playtime":1466,"items_purged":["Strike_G"],"score":327,"play_id":"ce8b4b59-df12-4c39-99b2-dcc1feceb7a0","local_time":"20190404232937","daily_mods":["Colorless Cards","DeadlyEvents","Elite Swarm"],"is_ascension_mode":false,"campfire_choices":[{"data":"Neutralize","floor":6,"key":"SMITH"},{"data":"Poisoned Stab","floor":8,"key":"SMITH"},{"floor":15,"key":"REST"},{"data":"Footwork","floor":24,"key":"SMITH"}],"neow_cost":"","seed_source_timestamp":1726700019204948,"circlet_count":0,"master_deck":["Defend_G","Defend_G","Defend_G","Defend_G","Defend_G","Strike_G","Strike_G","Strike_G","Strike_G","Survivor+1","Neutralize+1","Choke","Caltrops","Poisoned Stab+1","Adrenaline+1","Cloak And Dagger","Malaise","Backflip","PiercingWail","Caltrops","Caltrops","Infinite Blades+1","Footwork+1"],"relics":["Ring of the Snake","Darkstone Periapt","Singing Bowl","War Paint","Calipers","PreservedInsect","Anchor","Orrery","Bag of Preparation","Ancient Tea Set","Bottled Lightning"],"potions_floor_usage":[11,14,14,16,25,25],"damage_taken":[{"damage":0,"enemies":"Small Slimes","floor":1,"turns":4},{"damage":0,"enemies":"Jaw Worm","floor":2,"turns":4},{"damage":0,"enemies":"Cultist","floor":3,"turns":4},{"damage":14,"enemies":"Lagavulin","floor":7,"turns":9},{"damage":2,"enemies":"3 Louse","floor":10,"turns":4},{"damage":14,"enemies":"Gremlin Nob","floor":11,"turns":3},{"damage":21,"enemies":"3 Sentries","floor":12,"turns":10},{"damage":0,"enemies":"Gremlin Nob","floor":14,"turns":2},{"damage":17,"enemies":"The Guardian","floor":16,"turns":16},{"damage":12,"enemies":"2 Thieves","floor":18,"turns":5},{"damage":0,"enemies":"Shell Parasite","floor":21,"turns":5},{"damage":11,"enemies":"Book of Stabbing","floor":23,"turns":4},{"damage":40,"enemies":"Gremlin Leader","floor":25,"turns":6},{"damage":32,"enemies":"Slavers","floor":27,"turns":3}],"seed_played":"6304114805153688187","potions_obtained":[{"floor":7,"key":"FearPotion"},{"floor":10,"key":"Swift Potion"},{"floor":11,"key":"Energy Potion"},{"floor":12,"key":"EssenceOfSteel"},{"floor":16,"key":"AttackPotion"},{"floor":18,"key":"Dexterity Potion"},{"floor":23,"key":"Ancient Potion"},{"floor":25,"key":"FearPotion"}],"is_trial":true,"path_per_floor":["?","?","M","E","?","?","$"],"character_chosen":"THE_SILENT","items_purchased":["Bag of Preparation","Caltrops","Footwork"],"campfire_rested":1,"item_purchase_floors":[19,19,22],"current_hp_per_floor":[70,70,70,70,58,58,44,44,44,42,30,9,9,11,33,18,82,72,72,72,72,72,63,63,25,25,0],"gold":199,"neow_bonus":"","is_prod":false,"is_daily":false,"chose_seed":false,"campfire_upgraded":3,"win_rate":0,"timestamp":1554434977,"path_taken":["M","M","M","?","?","R","E","R","T","?","?","E","?","E","R","BOSS","M","$","?","M","?","E","R","E","T","E"],"build_version":"2019-01-23","purchased_purges":1,"victory":false,"max_hp_per_floor":[70,70,70,70,70,70,70,70,70,70,72,72,72,74,74,76,82,84,84,84,84,84,86,86,88,88,88],"card_choices":[{"not_picked":["Prepared","Flying Knee"],"picked":"Choke","floor":1},{"not_picked":["Dramatic Entrance","Choke"],"picked":"Caltrops","floor":2},{"not_picked":["Distraction","Blade Dance"],"picked":"Poisoned Stab","floor":3},{"not_picked":["Storm of Steel","Wraith Form v2"],"picked":"Adrenaline","floor":7},{"not_picked":["Sucker Punch","Bouncing Flask"],"picked":"Cloak And Dagger","floor":10},{"not_picked":["Violence","Magnetism","The Bomb"],"picked":"Singing Bowl","floor":11},{"not_picked":["Chrysalis","Wraith Form v2"],"picked":"Malaise","floor":12},{"not_picked":["Venomology","Mayhem","HandOfGreed"],"picked":"Singing Bowl","floor":14},{"not_picked":["Grand Finale","Die Die Die","Transmutation"],"picked":"Singing Bowl","floor":16},{"not_picked":["Poisoned Stab","Blade Dance"],"picked":"Backflip","floor":17},{"not_picked":["Distraction","Skewer"],"picked":"PiercingWail","floor":17},{"not_picked":["Eviscerate","Bane","Flying Knee"],"picked":"Singing Bowl","floor":17},{"not_picked":["Tools of the Trade","Underhanded Strike","Poisoned Stab"],"picked":"Singing Bowl","floor":17},{"not_picked":["Choke","Enlightenment","Deflect"],"picked":"Singing Bowl","floor":17},{"not_picked":["Quick Slash+1","PiercingWail+1","Deflect"],"picked":"Singing Bowl","floor":18},{"not_picked":["Calculated Gamble","Deep Breath"],"picked":"Infinite Blades+1","floor":21},{"not_picked":["Panache","Secret Weapon","The Bomb"],"picked":"Singing Bowl","floor":23},{"not_picked":["Die Die Die","Violence","Apotheosis"],"picked":"Singing Bowl","floor":25}],"player_experience":1498966,"relics_obtained":[{"floor":7,"key":"Singing Bowl"},{"floor":9,"key":"War Paint"},{"floor":11,"key":"Calipers"},{"floor":12,"key":"PreservedInsect"},{"floor":14,"key":"Anchor"},{"floor":25,"key":"Ancient Tea Set"},{"floor":26,"key":"Bottled Lightning"}],"event_choices":[{"damage_healed":0,"gold_gain":0,"player_choice":"Ignored","damage_taken":0,"max_hp_gain":0,"max_hp_loss":0,"event_name":"Liars Game","floor":4,"gold_loss":0},{"damage_healed":0,"gold_gain":0,"player_choice":"Success","damage_taken":12,"relics_obtained":["Darkstone Periapt"],"max_hp_gain":0,"max_hp_loss":0,"event_name":"Scrap Ooze","floor":5,"gold_loss":0},{"damage_healed":0,"gold_gain":65,"player_choice":"Gained Gold","damage_taken":0,"max_hp_gain":0,"max_hp_loss":0,"event_name":"Golden Wing","floor":13,"gold_loss":0},{"damage_healed":0,"gold_gain":0,"player_choice":"Read","damage_taken":0,"max_hp_gain":0,"max_hp_loss":0,"event_name":"The Library","floor":20,"gold_loss":0,"cards_obtained":["Caltrops"]}],"is_beta":false,"boss_relics":[{"not_picked":["Runic Dome","Pandora\u0027s Box"],"picked":"Orrery"}],"items_purged_floors":[22],"is_endless":true,"potions_floor_spawned":[7,10,11,12,16,18,23,25],"killed_by":"Slavers","ascension_level":0}