{"gold_per_floor":[114,129,129,144,159,159,174,174,229,229,244,274,304,154,154,254,254,269,269,284,299,314,314,344,371,408,435,447,4,29,59,59,59],"floor_reached":33,"playtime":5672,"items_purged":[],"score":374,"play_id":"66bb771d-636f-4dba-982e-b14767700a2c","local_time":"20190205214857","daily_mods":["Specialized","ControlledChaos","DeadlyEvents"],"is_ascension_mode":false,"campfire_choices":[{"floor":6.0,"key":"REST"},{"floor":10.0,"key":"REST"},{"floor":15,"key":"REST"},{"floor":23,"key":"REST"},{"floor":28,"key":"REST"},{"floor":32,"key":"REST"}],"neow_cost":"","seed_source_timestamp":0,"circlet_count":0,"master_deck":["Defend_G","Defend_G","Defend_G","Defend_G","Defend_G","Strike_G","Strike_G","Strike_G","Strike_G","Strike_G","Survivor","Neutralize","Wraith Form v2","Wraith Form v2","Wraith Form v2","Wraith Form v2","Wraith Form v2","Terror","Dagger Spray","Acrobatics","Endless Agony","Calculated Gamble","Pain","Dagger Throw","Quick Slash","Calculated Gamble","Corpse Explosion","Dash","Infinite Blades","Shame","Tools of the Trade","Bane","All Out Attack+1","Bouncing Flask","Backflip","After Image","Blade Dance+1","Leg Sweep","Poisoned Stab","Bane","Slice","Bane","All Out Attack+1"],"special_seed":17932,"relics":["Ring of the Snake","Frozen Eye","WarpedTongs","Tiny Chest","PreservedInsect","Prayer Wheel","Art of War","Fusion Hammer","Unceasing Top","MawBank","Centennial Puzzle","Sling","Blood Vial","Happy Flower","Incense Burner"],"potions_floor_usage":[16,16,22,24,31],"damage_taken":[{"damage":6.0,"enemies":"2 Louse","floor":1.0,"turns":5.0},{"damage":18.0,"enemies":"Cultist","floor":2.0,"turns":6.0},{"damage":1.0,"enemies":"Jaw Worm","floor":4.0,"turns":4.0},{"damage":11.0,"enemies":"Exordium Wildlife","floor":5.0,"turns":4.0},{"damage":1.0,"enemies":"Looter","floor":7.0,"turns":4.0},{"damage":6.0,"enemies":"Red Slaver","floor":11.0,"turns":3.0},{"damage":24.0,"enemies":"3 Sentries","floor":12.0,"turns":7.0},{"damage":3,"enemies":"Lagavulin","floor":13,"turns":4},{"damage":46,"enemies":"Slime Boss","floor":16,"turns":12},{"damage":6,"enemies":"Chosen","floor":18,"turns":4},{"damage":5,"enemies":"2 Thieves","floor":20,"turns":4},{"damage":25,"enemies":"Snake Plant","floor":21,"turns":5},{"damage":4,"enemies":"Cultist and Chosen","floor":22,"turns":6},{"damage":21,"enemies":"Slavers","floor":24,"turns":5},{"damage":15,"enemies":"3 Cultists","floor":25,"turns":3},{"damage":8,"enemies":"Chosen and Byrds","floor":27,"turns":5},{"damage":4,"enemies":"Gremlin Leader","floor":31,"turns":3},{"damage":68,"enemies":"Collector","floor":33,"turns":8}],"seed_played":"-4750178062839727014","potions_obtained":[{"floor":1.0,"key":"Weak Potion"},{"floor":2.0,"key":"SpeedPotion"},{"floor":3.0,"key":"SneckoOil"},{"floor":3.0,"key":"Block Potion"},{"floor":18,"key":"SmokeBomb"},{"floor":20,"key":"Explosive Potion"},{"floor":21,"key":"Block Potion"},{"floor":24,"key":"Dexterity Potion"}],"is_trial":false,"path_per_floor":["M","M","?","M","M","R","M","?","T","R","M","E","E","$","R","B",null,"M","?","M","M","M","R","E","M","T","M","R","$","T","E","R","B"],"character_chosen":"THE_SILENT","items_purchased":["Art of War","Sling","Blood Vial","Slice","Bane"],"campfire_rested":6,"item_purchase_floors":[14,29,29,29,29],"current_hp_per_floor":[64,46,46,45,34,55,54,54,54,70,64,40,37,37,58,12,70,64,64,59,34,30,51,30,15,15,7,28,28,28,26,47,0],"gold":59,"neow_bonus":"","is_prod":false,"is_daily":true,"chose_seed":false,"campfire_upgraded":0,"win_rate":0.0,"timestamp":1549403337,"path_taken":["M","M","?","?","M","R","M","?","T","R","M","E","?","?","R","BOSS","M","?","M","M","M","R","E","M","T","?","R","$","?","?","R","BOSS"],"build_version":"2019-01-23","purchased_purges":0,"victory":false,"max_hp_per_floor":[70,70,70,70,70,70,70,70,70,70,70,70,70,70,70,70,70,70,70,70,70,70,70,70,70,70,70,70,70,70,70,70,70],"card_choices":[{"not_picked":["Distraction","Dash"],"picked":"Terror","floor":1.0},{"not_picked":["Prepared","Flechettes"],"picked":"Dagger Spray","floor":2.0},{"not_picked":["Dagger Throw","Terror"],"picked":"Acrobatics","floor":4.0},{"not_picked":["PiercingWail","Distraction"],"picked":"Endless Agony","floor":5.0},{"not_picked":["Poisoned Stab","Dodge and Roll"],"picked":"Calculated Gamble","floor":7.0},{"not_picked":["Accuracy","Underhanded Strike"],"picked":"Dagger Throw","floor":11.0},{"not_picked":["Predator","Slice"],"picked":"Quick Slash","floor":12},{"not_picked":["Storm of Steel","Skewer"],"picked":"Calculated Gamble","floor":13},{"not_picked":["After Image","Venomology"],"picked":"Corpse Explosion","floor":16},{"not_picked":["Prepared","Dagger Throw"],"picked":"Dash","floor":18},{"not_picked":["Terror","Outmaneuver+1"],"picked":"Infinite Blades","floor":18},{"not_picked":["Slice","Acrobatics+1"],"picked":"Tools of the Trade","floor":20},{"not_picked":["Underhanded Strike","Blur"],"picked":"Bane","floor":20},{"not_picked":["Distraction","Acrobatics"],"picked":"All Out Attack+1","floor":21},{"not_picked":["Cloak And Dagger","Acrobatics+1"],"picked":"Bouncing Flask","floor":21},{"not_picked":["Prepared","Tactician"],"picked":"Backflip","floor":22},{"not_picked":["Sucker Punch","Cloak And Dagger","Catalyst+1"],"picked":"SKIP","floor":22},{"not_picked":["Night Terror","Cloak And Dagger+1"],"picked":"After Image","floor":24},{"not_picked":["Distraction","Flechettes"],"picked":"Blade Dance+1","floor":25},{"not_picked":["Dodge and Roll","Prepared"],"picked":"Leg Sweep","floor":25},{"not_picked":["All Out Attack","Predator"],"picked":"Poisoned Stab","floor":27},{"not_picked":["Dash+1","Cloak And Dagger"],"picked":"Bane","floor":27},{"not_picked":["Blur","Accuracy"],"picked":"All Out Attack+1","floor":31}],"player_experience":158569,"relics_obtained":[{"floor":9.0,"key":"Tiny Chest"},{"floor":12,"key":"PreservedInsect"},{"floor":13,"key":"Prayer Wheel"},{"floor":24,"key":"MawBank"},{"floor":26,"key":"Centennial Puzzle"},{"floor":30,"key":"Happy Flower"},{"floor":31,"key":"Incense Burner"}],"event_choices":[{"damage_healed":0.0,"max_hp_gain":0.0,"max_hp_loss":0.0,"gold_gain":0.0,"event_name":"Lab","player_choice":"Got Potions","floor":3.0,"gold_loss":0.0,"damage_taken":0.0},{"damage_healed":0.0,"max_hp_gain":0.0,"max_hp_loss":0.0,"gold_gain":0.0,"event_name":"Accursed Blacksmith","player_choice":"Rummage","floor":8.0,"gold_loss":0.0,"damage_taken":0.0,"relics_obtained":["WarpedTongs"],"cards_obtained":["Pain"]},{"damage_healed":0,"gold_gain":0,"player_choice":"Stole Relic","damage_taken":0,"relics_obtained":["Unceasing Top"],"max_hp_gain":0,"max_hp_loss":0,"event_name":"Addict","floor":19,"gold_loss":0,"cards_obtained":["Shame"]}],"is_beta":false,"boss_relics":[{"not_picked":["Astrolabe","WristBlade"],"picked":"Fusion Hammer"}],"items_purged_floors":[],"is_endless":false,"potions_floor_spawned":[1,2,4,11,18,20,21,24],"killed_by":"Collector","ascension_level":0}