{"gold_per_floor":[112,125,225,235,235,255,50,76,127,145,165,190,190,209,209,312,312,329,55,55,71,71,71,87,12,36,48,75,87,106,180,180,285,285,303,26,26,38,38,71,86,11,11,30,50,0,0,14,14,14],"floor_reached":51,"playtime":3821,"items_purged":["Offering"],"score":836,"play_id":"5ee96d98-9990-430f-a656-8550f7c1aa65","local_time":"20180730152404","daily_mods":["Brewmaster","Shiny","Terminal"],"is_ascension_mode":false,"campfire_choices":[{"data":"Apotheosis","floor":13,"key":"SMITH"},{"data":"Dark Embrace","floor":15,"key":"SMITH"},{"data":"Feed","floor":23,"key":"SMITH"},{"data":"Double Tap","floor":32,"key":"SMITH"},{"data":"Barricade","floor":49,"key":"SMITH"}],"neow_cost":"","seed_source_timestamp":331266197537185,"circlet_count":0,"master_deck":["Double Tap+1","Demon Form","Bludgeon","Feed+1","Limit Break","Barricade+1","Fiend Fire","Dark Embrace+1","Impervious","Juggernaut","Reaper","Exhume","Immolate","Venomology","Venomology","Venomology","Venomology+1","Venomology","Twin Strike","Corruption","Dual Wield","Shockwave","Twin Strike","Apotheosis+1","Sword Boomerang","Flex","Pommel Strike","Barricade+1","Cleave","Impervious","Intimidate+1","Flex","Anger+1","Havoc+1","Feed","Second Wind","Pommel Strike","Sword Boomerang","Exhume","Flex+1","Spot Weakness","Sword Boomerang","Flex+1","Madness","Madness","Immolate","Iron Wave+1","Rage","Anger+1","Burning Pact+1"],"relics":["Black Blood","White Beast Statue","Frozen Egg 2","Oddly Smooth Stone","Odd Mushroom","Juzu Bracelet","Bottled Lightning","Boot","Thread and Needle","Mercury Hourglass","Black Star","War Paint","Red Skull","Dream Catcher","Art of War","Red Mask"],"potions_floor_usage":[1,1,2,2,4,8,10,11,11,11,12,12,12,12,16,16,16,16,16,18,18,21,21,21,21,21,21,21,24,27,27,27,27,28,28,28,29,29,29,29,29,30,30,30,30,33,33,33,35,35,35,38,38,40,40,40,40,40,40,41,41,41,41,41,41,41,41,44,44,44,44,44,44,44,45,45,45,45,48,48,50,50,50,50,50,50,50,50],"damage_taken":[{"damage":18,"enemies":"Small Slimes","floor":1,"turns":4},{"damage":3,"enemies":"Cultist","floor":2,"turns":5},{"damage":11,"enemies":"2 Louse","floor":4,"turns":4},{"damage":0,"enemies":"Lots of Slimes","floor":6,"turns":1},{"damage":23,"enemies":"Gremlin Nob","floor":8,"turns":4},{"damage":20,"enemies":"Looter","floor":10,"turns":5},{"damage":5,"floor":11,"turns":3},{"damage":27,"enemies":"Lagavulin","floor":12,"turns":4},{"damage":0,"enemies":"3 Louse","floor":14,"turns":1},{"damage":21,"enemies":"Hexaghost","floor":16,"turns":7},{"damage":22,"enemies":"3 Byrds","floor":18,"turns":3},{"damage":12,"enemies":"Spheric Guardian","floor":21,"turns":4},{"damage":16,"enemies":"Snake Plant","floor":24,"turns":3},{"damage":18,"enemies":"Centurion and Healer","floor":27,"turns":3},{"damage":3,"enemies":"Book of Stabbing","floor":28,"turns":3},{"damage":0,"enemies":"Snecko","floor":29,"turns":4},{"damage":5,"enemies":"Snake Plant","floor":30,"turns":3},{"damage":0,"enemies":"Champ","floor":33,"turns":8},{"damage":4,"enemies":"3 Shapes","floor":35,"turns":4},{"damage":17,"enemies":"3 Darklings","floor":38,"turns":3},{"damage":12,"enemies":"Giant Head","floor":40,"turns":5},{"damage":7,"enemies":"Maw","floor":41,"turns":5},{"damage":25,"enemies":"Spire Growth","floor":44,"turns":6},{"damage":4,"enemies":"Transient","floor":45,"turns":5},{"damage":19,"enemies":"4 Shapes","floor":48,"turns":5},{"damage":23,"enemies":"Time Eater","floor":50,"turns":12}],"seed_played":"6851717978963172681","potions_obtained":[{"floor":1,"key":"EssenceOfSteel"},{"floor":2,"key":"Dexterity Potion"},{"floor":4,"key":"Block Potion"},{"floor":6,"key":"PowerPotion"},{"floor":8,"key":"Regen Potion"},{"floor":10,"key":"PowerPotion"},{"floor":11,"key":"Energy Potion"},{"floor":14,"key":"PowerPotion"},{"floor":16,"key":"Strength Potion"},{"floor":18,"key":"FearPotion"},{"floor":21,"key":"Explosive Potion"},{"floor":24,"key":"Explosive Potion"},{"floor":27,"key":"GamblersBrew"},{"floor":28,"key":"SpeedPotion"},{"floor":29,"key":"Ancient Potion"},{"floor":30,"key":"Energy Potion"},{"floor":33,"key":"SpeedPotion"},{"floor":35,"key":"GamblersBrew"},{"floor":38,"key":"Ancient Potion"},{"floor":40,"key":"EssenceOfSteel"},{"floor":41,"key":"SkillPotion"},{"floor":44,"key":"EssenceOfSteel"},{"floor":45,"key":"Strength Potion"},{"floor":48,"key":"BloodPotion"}],"is_trial":true,"path_per_floor":["M","M","?","M","?","M","$","E","T","M","?","E","R","M","R","B",null,"M","$","?","M","$","R","M","?","T","M","E","M","M","T","R","B",null,"M","$","?","M","?","E","M","$","T","M","M","?","$","M","R","B"],"character_chosen":"IRONCLAD","items_purchased":["Apotheosis","Bottled Lightning","Flex","War Paint","Spot Weakness","Sword Boomerang"],"campfire_rested":0,"item_purchase_floors":[7,19,19,36,36,36],"current_hp_per_floor":[74,77,76,78,77,76,75,61,61,65,71,70,69,68,67,70,69,63,63,63,64,64,63,57,57,57,49,56,57,60,59,58,61,60,59,58,57,56,49,47,54,54,54,54,53,52,51,46,46,38],"gold":14,"neow_bonus":"","is_prod":false,"is_daily":false,"chose_seed":false,"campfire_upgraded":5,"win_rate":0.0,"timestamp":1532985844,"path_taken":["M","M","?","M","?","M","$","E","T","M","?","E","R","M","R","BOSS","M","$","?","M","$","R","M","?","T","M","E","M","M","?","R","BOSS","M","$","?","M","?","E","M","?","T","M","M","?","$","M","R","BOSS"],"build_version":"2018-07-26","purchased_purges":1,"victory":true,"max_hp_per_floor":[78,77,76,78,77,76,75,74,73,72,71,70,69,68,67,70,69,68,67,66,65,64,63,62,61,60,59,58,57,60,59,58,61,60,59,58,57,56,55,54,57,56,55,54,53,52,51,54,53,52],"card_choices":[{"not_picked":["Perfected Strike","Corruption"],"picked":"Twin Strike","floor":1},{"not_picked":["Clash","Wild Strike"],"picked":"Corruption","floor":2},{"not_picked":["Pommel Strike","Combust"],"picked":"Dual Wield","floor":4},{"not_picked":["Body Slam","Anger"],"picked":"Twin Strike","floor":6},{"not_picked":["Wild Strike","True Grit"],"picked":"Sword Boomerang","floor":8},{"not_picked":["Havoc","Clothesline"],"picked":"Flex","floor":10},{"not_picked":["Perfected Strike","Whirlwind"],"picked":"Pommel Strike","floor":11},{"not_picked":["Pommel Strike","Dual Wield"],"picked":"Barricade+1","floor":12},{"not_picked":["Clash","Heavy Blade"],"picked":"Cleave","floor":14},{"not_picked":["Brutality+1","Barricade+1"],"picked":"Impervious","floor":16},{"not_picked":["Corruption+1","Wild Strike"],"picked":"Intimidate+1","floor":18},{"not_picked":["Clothesline+1","Flex"],"picked":"Anger+1","floor":21},{"not_picked":["Twin Strike","Heavy Blade"],"picked":"Havoc+1","floor":24},{"not_picked":["Dual Wield","Power Through"],"picked":"Feed","floor":27},{"not_picked":["Shockwave+1","Warcry"],"picked":"Second Wind","floor":28},{"not_picked":["Seeing Red","Thunderclap"],"picked":"Pommel Strike","floor":29},{"not_picked":["Corruption+1","Armaments+1"],"picked":"Sword Boomerang","floor":30},{"not_picked":["Berserk+1","Barricade+1"],"picked":"Exhume","floor":33},{"not_picked":["Intimidate","Uppercut+1"],"picked":"Flex","floor":35},{"not_picked":["Dropkick+1","Perfected Strike"],"picked":"Flex+1","floor":38},{"not_picked":["Intimidate","Body Slam"],"picked":"Immolate","floor":40},{"not_picked":["Corruption+1","Wild Strike"],"picked":"Iron Wave+1","floor":41},{"not_picked":["Headbutt","Body Slam+1"],"picked":"Rage","floor":44},{"not_picked":["Perfected Strike","Dropkick"],"picked":"Anger+1","floor":45},{"not_picked":["Dropkick","Blood for Blood+1"],"picked":"Burning Pact+1","floor":48}],"player_experience":101669,"relics_obtained":[{"floor":8,"key":"Frozen Egg 2"},{"floor":9,"key":"Oddly Smooth Stone"},{"floor":11,"key":"Odd Mushroom"},{"floor":12,"key":"Juzu Bracelet"},{"floor":26,"key":"Boot"},{"floor":28,"key":"Thread and Needle"},{"floor":31,"key":"Mercury Hourglass"},{"floor":40,"key":"Red Skull"},{"floor":40,"key":"Dream Catcher"},{"floor":43,"key":"Art of War"}],"event_choices":[{"event_name":"Golden Shrine","player_choice":"Pray","floor":3,"damage_taken":0},{"event_name":"Transmorgrifier","player_choice":"Transform","floor":5,"damage_taken":0},{"event_name":"Mushrooms","player_choice":"Fought Mushrooms","floor":11,"damage_taken":0},{"event_name":"Drug Dealer","player_choice":"Ignored","floor":20,"damage_taken":0},{"event_name":"Beggar","player_choice":"Gave Gold","floor":25,"damage_taken":0},{"event_name":"Transmorgrifier","player_choice":"Transform","floor":37,"damage_taken":0},{"event_name":"Winding Halls","player_choice":"Embrace Madness","floor":39,"damage_taken":0},{"event_name":"Tomb of Lord Red Mask","player_choice":"Paid","floor":46,"damage_taken":0}],"is_beta":false,"boss_relics":[{"not_picked":["Sozu","Snecko Eye"],"picked":"Black Blood"},{"not_picked":["Coffee Dripper","Runic Pyramid"],"picked":"Black Star"}],"items_purged_floors":[42],"is_endless":false,"potions_floor_spawned":[1,2,4,6,8,10,11,12,14,16,18,21,24,27,28,29,30,33,35,38,40,41,44,45,48],"ascension_level":0}