{"gold_per_floor":[115,133,133,150,169,169,197,46,72,104,116,116,128,128,128,225,225,237,250,4,4,4],"floor_reached":22,"playtime":770,"items_purged":[],"score":284,"play_id":"f03ad607-0472-4fb7-af36-8a6299c48b35","local_time":"20190113000856","is_ascension_mode":true,"campfire_choices":[{"data":"Beam Cell","floor":6.0,"key":"SMITH"},{"data":"Gash","floor":12.0,"key":"SMITH"},{"floor":15.0,"key":"REST"}],"neow_cost":"NONE","seed_source_timestamp":0,"circlet_count":0,"master_deck":["Zap","Dualcast","Gash+1","Beam Cell+1","Reinforced Body","Conserve Battery","Auto Shields","Sunder","Leap","Steam","White Noise","All For One","Hologram","Seek","Self Repair","Ball Lightning","Redo","Steam Power","Hyperbeam","Streamline","Meteor Strike","Skim","Master of Strategy","Go for the Eyes"],"special_seed":0,"relics":["Cracked Core","NeowsBlessing","DataDisk","Anchor","War Paint","Pandora\u0027s Box"],"potions_floor_usage":[],"damage_taken":[{"damage":0.0,"enemies":"Jaw Worm","floor":1.0,"turns":1.0},{"damage":0.0,"enemies":"Cultist","floor":2.0,"turns":1.0},{"damage":0.0,"enemies":"2 Louse","floor":4.0,"turns":1.0},{"damage":8.0,"enemies":"Blue Slaver","floor":5.0,"turns":3.0},{"damage":20.0,"enemies":"Gremlin Nob","floor":7.0,"turns":5.0},{"damage":20.0,"enemies":"3 Sentries","floor":10.0,"turns":7.0},{"damage":0.0,"enemies":"Large Slime","floor":11.0,"turns":4.0},{"damage":0.0,"enemies":"Looter","floor":13.0,"turns":3.0},{"damage":19.0,"enemies":"Slime Boss","floor":16.0,"turns":10.0},{"damage":11.0,"enemies":"Spheric Guardian","floor":18.0,"turns":4.0},{"damage":12,"enemies":"3 Byrds","floor":19,"turns":4},{"damage":41,"enemies":"Colosseum Slavers","floor":21,"turns":5},{"damage":0,"enemies":"Centurion and Healer","floor":22,"turns":1}],"seed_played":"-1199023665090168059","potions_obtained":[{"floor":5.0,"key":"Energy Potion"},{"floor":7.0,"key":"GamblersBrew"},{"floor":11.0,"key":"Dexterity Potion"},{"floor":16.0,"key":"PowerPotion"}],"is_trial":false,"path_per_floor":["M","M","?","M","M","R","E","$","T","E","M","R","M","?","R","B",null,"M","M","$","?","M"],"character_chosen":"DEFECT","items_purchased":["PowerPotion","Leap","Steam","Master of Strategy","Go for the Eyes"],"campfire_rested":1,"item_purchase_floors":[8,8,8,20,20],"current_hp_per_floor":[68,68,68,68,60,60,40,40,40,20,20,20,20,20,42,23,62,58,46,46,12,12],"gold":4,"neow_bonus":"THREE_ENEMY_KILL","is_prod":false,"is_daily":false,"chose_seed":false,"campfire_upgraded":2,"win_rate":0,"timestamp":1547356136,"path_taken":["M","M","?","?","M","R","E","$","T","E","M","R","M","?","R","BOSS","M","M","$","?","M"],"build_version":"2019-01-10","purchased_purges":0,"victory":false,"max_hp_per_floor":[75,75,75,75,75,75,75,75,75,75,75,75,75,75,75,75,75,75,75,75,75,75],"card_choices":[{"not_picked":["Stack","Melter"],"picked":"Gash","floor":1.0},{"not_picked":["Leap","Stack"],"picked":"Beam Cell","floor":2.0},{"not_picked":["Static Discharge","Chaos"],"picked":"Conserve Battery","floor":4.0},{"not_picked":["Consume","Darkness"],"picked":"Auto Shields","floor":5.0},{"not_picked":["FTL","Sweeping Beam"],"picked":"Sunder","floor":7.0},{"not_picked":["Streamline","Reprogram"],"picked":"White Noise","floor":10.0},{"not_picked":["Sweeping Beam","Compile Driver"],"picked":"All For One","floor":11.0},{"not_picked":["Sweeping Beam","Chill"],"picked":"Hologram","floor":13.0},{"not_picked":["Electrodynamics","Buffer"],"picked":"Seek","floor":16.0},{"not_picked":["Ball Lightning","Beam Cell"],"picked":"Skim","floor":18.0},{"not_picked":["Doom and Gloom","Hello World","Ball Lightning+1"],"picked":"SKIP","floor":19}],"player_experience":502956,"relics_obtained":[{"floor":7.0,"key":"DataDisk"},{"floor":9.0,"key":"Anchor"},{"floor":10.0,"key":"War Paint"}],"event_choices":[{"damage_healed":0.0,"max_hp_gain":0.0,"max_hp_loss":0.0,"gold_gain":0.0,"cards_transformed":["Strike_B"],"event_name":"Transmorgrifier","player_choice":"Transformed","floor":3.0,"gold_loss":0.0,"damage_taken":0.0,"cards_obtained":["Reinforced Body"]},{"damage_healed":0.0,"max_hp_gain":0.0,"max_hp_loss":0.0,"gold_gain":0.0,"event_name":"Golden Idol","player_choice":"Ignored","floor":14.0,"gold_loss":0.0,"damage_taken":0.0},{"damage_healed":0,"gold_gain":0,"player_choice":"Fight","damage_taken":0,"max_hp_gain":0,"max_hp_loss":0,"event_name":"Colosseum","floor":21,"gold_loss":0},{"damage_healed":0,"gold_gain":0,"player_choice":"Fled From Nobs","damage_taken":0,"max_hp_gain":0,"max_hp_loss":0,"event_name":"Colosseum","floor":21,"gold_loss":0}],"is_beta":true,"boss_relics":[{"not_picked":["Velvet Choker","Fusion Hammer"],"picked":"Pandora\u0027s Box"}],"items_purged_floors":[],"is_endless":false,"potions_floor_spawned":[5,7,11,16,21],"killed_by":"Centurion and Healer","ascension_level":9}