{"gold_per_floor":[114,129,89,104,104,129,129,21,21,38,58,75,92,92,92,195,195,211,231,231],"floor_reached":20,"playtime":3338,"items_purged":[],"score":178,"play_id":"6cfceefa-0ab4-4622-a839-9a34984e692b","local_time":"20190205192205","is_ascension_mode":false,"campfire_choices":[{"floor":7.0,"key":"REST"},{"floor":15.0,"key":"REST"}],"neow_cost":"NONE","seed_source_timestamp":0,"circlet_count":0,"master_deck":["Defend_G","Defend_G","Defend_G","Defend_G","Defend_G","Strike_G","Strike_G","Strike_G","Strike_G","Strike_G","Survivor","Neutralize","Backflip","Flying Knee","Dagger Spray","Phantasmal Killer","Bouncing Flask","Heel Hook","Catalyst","Outmaneuver","Predator","Dagger Spray","Envenom","Well Laid Plans","Deadly Poison"],"special_seed":0,"relics":["Ring of the Snake","NeowsBlessing","WarpedTongs","Mercury Hourglass","Pantograph","Black Star"],"potions_floor_usage":[18,18,19,19,19,20],"damage_taken":[{"damage":0.0,"enemies":"Jaw Worm","floor":1.0,"turns":1.0},{"damage":0.0,"enemies":"Cultist","floor":2.0,"turns":1.0},{"damage":0.0,"enemies":"Small Slimes","floor":4.0,"turns":1.0},{"damage":26.0,"enemies":"Gremlin Nob","floor":6.0,"turns":5.0},{"damage":5.0,"enemies":"Gremlin Gang","floor":10.0,"turns":2.0},{"damage":16.0,"enemies":"Exordium Wildlife","floor":11.0,"turns":5.0},{"damage":16.0,"enemies":"Lots of Slimes","floor":12.0,"turns":3.0},{"damage":0.0,"enemies":"Blue Slaver","floor":13.0,"turns":2.0},{"damage":36.0,"enemies":"The Guardian","floor":16.0,"turns":9.0},{"damage":35,"enemies":"Spheric Guardian","floor":18,"turns":6},{"damage":15,"enemies":"2 Thieves","floor":19,"turns":3},{"damage":24,"enemies":"Shelled Parasite and Fungi","floor":20,"turns":5}],"seed_played":"4704628401473274759","potions_obtained":[{"floor":3.0,"key":"EntropicBrew"},{"floor":3.0,"key":"PowerPotion"},{"floor":3.0,"key":"Explosive Potion"},{"floor":6.0,"key":"Energy Potion"},{"floor":13.0,"key":"Explosive Potion"}],"is_trial":false,"path_per_floor":["M","M","?","M","?","E","R","$","T","M","M","M","M","?","R","B",null,"M","M","M"],"character_chosen":"THE_SILENT","items_purchased":["Bouncing Flask","Heel Hook"],"campfire_rested":2,"item_purchase_floors":[8,8],"current_hp_per_floor":[70,70,70,70,70,44,65,65,65,60,44,28,28,28,49,34,70,35,20,0],"gold":231,"neow_bonus":"THREE_ENEMY_KILL","is_prod":false,"is_daily":false,"chose_seed":false,"campfire_upgraded":0,"win_rate":0.0,"timestamp":1549394525,"path_taken":["M","M","?","?","?","E","R","$","T","M","M","M","?","?","R","BOSS","M","M","?"],"build_version":"2019-01-23","purchased_purges":0,"victory":false,"max_hp_per_floor":[70,70,70,70,70,70,70,70,70,70,70,70,70,70,70,70,70,70,70,70],"card_choices":[{"not_picked":["Deflect","Prepared"],"picked":"Backflip","floor":1.0},{"not_picked":["Dodge and Roll","Eviscerate"],"picked":"Flying Knee","floor":2.0},{"not_picked":["Tactician","Escape Plan"],"picked":"Dagger Spray","floor":4.0},{"not_picked":["Well Laid Plans","Tools of the Trade"],"picked":"Phantasmal Killer","floor":6.0},{"not_picked":["Slice","Bane"],"picked":"Catalyst","floor":10.0},{"not_picked":["All Out Attack","Flechettes"],"picked":"Outmaneuver","floor":11.0},{"not_picked":["Blade Dance","Flechettes"],"picked":"Predator","floor":12.0},{"not_picked":["Tactician","Sucker Punch"],"picked":"Dagger Spray","floor":13.0},{"not_picked":["Die Die Die","Storm of Steel"],"picked":"Envenom","floor":16.0},{"not_picked":["Deflect","Choke"],"picked":"Well Laid Plans","floor":18},{"not_picked":["Sucker Punch","Dagger Throw"],"picked":"Deadly Poison","floor":19}],"player_experience":155231,"relics_obtained":[{"floor":6.0,"key":"Mercury Hourglass"},{"floor":9.0,"key":"Pantograph"}],"event_choices":[{"damage_healed":0.0,"max_hp_gain":0.0,"max_hp_loss":0.0,"gold_gain":0.0,"event_name":"The Woman in Blue","player_choice":"Bought 3 Potions","floor":3.0,"gold_loss":0.0,"damage_taken":0.0},{"damage_healed":0.0,"max_hp_gain":0.0,"max_hp_loss":0.0,"gold_gain":0.0,"event_name":"Accursed Blacksmith","player_choice":"Rummage","floor":5.0,"gold_loss":0.0,"damage_taken":0.0,"relics_obtained":["WarpedTongs"],"cards_obtained":["Pain"]},{"cards_removed":["Pain"],"damage_healed":0.0,"max_hp_gain":0.0,"max_hp_loss":0.0,"gold_gain":0.0,"event_name":"Fountain of Cleansing","player_choice":"Removed Curses","floor":14.0,"gold_loss":0.0,"damage_taken":0.0}],"is_beta":false,"boss_relics":[{"not_picked":["Runic Dome","Orrery"],"picked":"Black Star"}],"items_purged_floors":[],"is_endless":false,"potions_floor_spawned":[6,10,11,12,13],"killed_by":"Shelled Parasite and Fungi","ascension_level":0}