{"gold_per_floor":[109,35,54,54,64,89,38,3,28,55,68,79,68,68,68,163,163,176,176,176,195,212,212,240,240,240,252,264,201,216,234,234,333,333,333,352,352,156,170,170,170,187,187,205,225,225,225,36,36,36],"floor_reached":51,"playtime":6220,"items_purged":["Writhe"],"score":717,"play_id":"bb20cecb-8bf8-4906-ba4f-5d962dcfd499","local_time":"20181028020852","is_ascension_mode":true,"campfire_choices":[{"floor":15,"key":"REST"},{"floor":23,"key":"REST"},{"floor":25,"key":"REST"},{"floor":32,"key":"REST"},{"floor":40,"key":"REST"},{"data":"Catalyst","floor":46,"key":"SMITH"},{"floor":49,"key":"REST"}],"neow_cost":"NONE","seed_source_timestamp":1493597805082502,"circlet_count":0,"master_deck":["Defend_G+1","Defend_G+1","Defend_G+1","Defend_G+1","Defend_G+1","Strike_G+1","Strike_G+1","Strike_G+1","Survivor+1","Neutralize+1","Footwork+1","Noxious Fumes+1","Blur+1","Dodge and Roll+1","Deadly Poison+1","Noxious Fumes+1","Backflip+1","Poisoned Stab+1","Calculated Gamble+1","Adrenaline+1","Poisoned Stab+1","Backflip+1","Catalyst+1","Crippling Poison+1","Blur+1","Footwork+1","Panache"],"relics":["Ring of the Serpent","Potion Belt","Happy Flower","Singing Bowl","Bag of Preparation","Sozu","Pantograph","MawBank","Dream Catcher","War Paint","Vajra","Nunchaku","Mark of the Bloom"],"potions_floor_usage":[11,11,16,24],"damage_taken":[{"damage":0,"enemies":"Cultist","floor":1,"turns":4},{"damage":0,"enemies":"Jaw Worm","floor":3,"turns":5},{"damage":11,"enemies":"2 Louse","floor":5,"turns":4},{"damage":14,"enemies":"Lagavulin","floor":6,"turns":11},{"damage":4,"enemies":"3 Sentries","floor":10,"turns":9},{"damage":1,"enemies":"Looter","floor":11,"turns":4},{"damage":24,"enemies":"Gremlin Gang","floor":12,"turns":5},{"damage":4,"enemies":"Exordium Thugs","floor":13,"turns":6},{"damage":1,"enemies":"The Guardian","floor":16,"turns":9},{"damage":3,"enemies":"Spheric Guardian","floor":18,"turns":4},{"damage":22,"enemies":"2 Thieves","floor":21,"turns":5},{"damage":18,"enemies":"Shelled Parasite and Fungi","floor":22,"turns":6},{"damage":39,"enemies":"Slavers","floor":24,"turns":7},{"damage":4,"enemies":"Chosen and Byrds","floor":30,"turns":6},{"damage":21,"enemies":"Snecko","floor":31,"turns":7},{"damage":4,"enemies":"Champ","floor":33,"turns":10},{"damage":41,"enemies":"3 Darklings","floor":35,"turns":5},{"damage":2,"enemies":"3 Shapes","floor":36,"turns":5},{"damage":1,"enemies":"Maw","floor":39,"turns":6},{"damage":6,"enemies":"3 Darklings","floor":42,"turns":5},{"damage":4,"enemies":"Writhing Mass","floor":44,"turns":5},{"damage":3,"enemies":"Spire Growth","floor":45,"turns":5},{"damage":7,"enemies":"Time Eater","floor":50,"turns":12}],"seed_played":"7700496601478102600","potions_obtained":[{"floor":0,"key":"Weak Potion"},{"floor":0,"key":"Dexterity Potion"},{"floor":0,"key":"GamblersBrew"},{"floor":6,"key":"Poison Potion"},{"floor":10,"key":"GhostInAJar"},{"floor":13,"key":"PowerPotion"}],"is_trial":false,"path_per_floor":["M","$","M","?","M","E","$","?","T","E","M","M","M","?","R","B",null,"M","?","?","M","M","R","E","R","T","?","?","$","M","M","R","B",null,"M","M","T","$","M","R","?","M","T","M","M","R","?","$","R","B"],"character_chosen":"THE_SILENT","items_purchased":["Noxious Fumes","Deadly Poison","Vajra","Blur","Panache"],"campfire_rested":6,"item_purchase_floors":[2,7,38,38,48],"current_hp_per_floor":[70,70,70,70,59,45,45,62,62,58,57,33,29,29,50,49,70,67,67,67,47,31,53,14,36,36,36,36,36,32,13,37,60,80,39,37,37,37,36,62,64,60,60,58,57,57,57,57,57,50],"gold":36,"neow_bonus":"THREE_SMALL_POTIONS","is_prod":false,"is_daily":false,"chose_seed":false,"campfire_upgraded":1,"win_rate":0,"timestamp":1540714132,"path_taken":["M","?","M","?","M","E","$","?","T","E","?","M","M","?","R","BOSS","M","?","?","M","M","R","E","R","T","?","?","$","M","M","R","BOSS","M","M","?","$","M","R","?","M","T","M","?","R","?","$","R","BOSS"],"build_version":"2018-10-25v2","purchased_purges":1,"victory":true,"max_hp_per_floor":[70,70,70,70,70,70,70,70,70,70,70,70,70,70,70,70,70,70,70,70,72,74,74,74,74,74,74,74,74,74,76,78,80,80,80,80,80,80,80,82,84,86,86,88,90,90,90,90,92,92],"card_choices":[{"not_picked":["Concentrate","Cloak And Dagger"],"picked":"Footwork","floor":1},{"not_picked":["Blade Dance","Sucker Punch"],"picked":"Blur","floor":3},{"not_picked":["Underhanded Strike","Choke"],"picked":"Dodge and Roll","floor":5},{"not_picked":["Malaise","Skewer","Deflect"],"picked":"SKIP","floor":6},{"not_picked":["Backflip","All Out Attack"],"picked":"Noxious Fumes","floor":10},{"not_picked":["Masterful Stab","Deflect"],"picked":"Backflip","floor":11},{"not_picked":["Skewer","Riddle With Holes"],"picked":"Poisoned Stab","floor":12},{"not_picked":["Underhanded Strike","Masterful Stab"],"picked":"Calculated Gamble","floor":13},{"not_picked":["Glass Knife","Night Terror"],"picked":"Adrenaline","floor":16},{"not_picked":["Underhanded Strike+1","All Out Attack"],"picked":"Poisoned Stab+1","floor":18},{"not_picked":["Poisoned Stab","Calculated Gamble+1","Sucker Punch"],"picked":"Singing Bowl","floor":21},{"not_picked":["Blade Dance+1","Prepared","Slice"],"picked":"Singing Bowl","floor":22},{"not_picked":["PiercingWail","Heel Hook"],"picked":"Backflip","floor":24},{"not_picked":["Calculated Gamble+1","Deflect"],"picked":"Catalyst","floor":30},{"not_picked":["Acrobatics","Dagger Throw+1","Burst"],"picked":"Singing Bowl","floor":31},{"not_picked":["Deadly Poison+1","Backflip","Heel Hook"],"picked":"Singing Bowl","floor":32},{"not_picked":["Doppelganger","Adrenaline","A Thousand Cuts"],"picked":"Singing Bowl","floor":33},{"not_picked":["Bane+1","Backflip+1","Dodge and Roll"],"picked":"SKIP","floor":35},{"not_picked":["PiercingWail","Flying Knee"],"picked":"Crippling Poison+1","floor":36},{"not_picked":["Backflip+1","Sucker Punch+1"],"picked":"Footwork+1","floor":39},{"not_picked":["Riddle With Holes","Deflect","Dagger Throw"],"picked":"Singing Bowl","floor":40},{"not_picked":["Blind","Good Instincts","Finesse"],"picked":"Singing Bowl","floor":41},{"not_picked":["Terror","Reflex","Escape Plan+1"],"picked":"Singing Bowl","floor":42},{"not_picked":["Underhanded Strike+1","Bane","Well Laid Plans"],"picked":"Singing Bowl","floor":44},{"not_picked":["Dagger Spray","Backflip+1","Underhanded Strike"],"picked":"Singing Bowl","floor":45},{"not_picked":["Sucker Punch+1","Phantasmal Killer","Skewer"],"picked":"Singing Bowl","floor":49}],"player_experience":916786,"relics_obtained":[{"floor":6,"key":"Potion Belt"},{"floor":9,"key":"Happy Flower"},{"floor":10,"key":"Singing Bowl"},{"floor":24,"key":"Pantograph"},{"floor":26,"key":"MawBank"},{"floor":37,"key":"War Paint"},{"floor":43,"key":"Nunchaku"}],"event_choices":[{"cards_removed":["Strike_G"],"damage_healed":0,"gold_gain":0,"player_choice":"Purged","damage_taken":0,"max_hp_gain":0,"max_hp_loss":0,"event_name":"Purifier","floor":4,"gold_loss":0},{"damage_healed":17,"gold_gain":0,"player_choice":"Healed","damage_taken":0,"max_hp_gain":0,"max_hp_loss":0,"event_name":"The Cleric","floor":8,"gold_loss":35},{"damage_healed":0,"gold_gain":0,"player_choice":"Gave Potion","damage_taken":0,"relics_obtained":["Bag of Preparation"],"max_hp_gain":0,"max_hp_loss":0,"event_name":"WeMeetAgain","floor":14,"gold_loss":0},{"cards_removed":["Strike_G"],"damage_healed":0,"gold_gain":0,"player_choice":"Purged","damage_taken":0,"max_hp_gain":0,"max_hp_loss":0,"event_name":"Purifier","floor":19,"gold_loss":0},{"damage_healed":0,"gold_gain":0,"player_choice":"Ignored","damage_taken":0,"max_hp_gain":0,"max_hp_loss":0,"event_name":"Vampires","floor":20,"gold_loss":0},{"damage_healed":0,"gold_gain":0,"player_choice":"Opened","damage_taken":0,"relics_obtained":["Dream Catcher"],"max_hp_gain":0,"max_hp_loss":0,"event_name":"The Mausoleum","floor":27,"gold_loss":0,"cards_obtained":["Writhe"]},{"damage_healed":0,"gold_gain":0,"player_choice":"Ignored","damage_taken":0,"max_hp_gain":0,"max_hp_loss":0,"event_name":"Cursed Tome","floor":28,"gold_loss":0},{"damage_healed":0,"gold_gain":0,"player_choice":"Memory 1","damage_taken":0,"max_hp_gain":0,"max_hp_loss":0,"event_name":"SensoryStone","floor":41,"gold_loss":0},{"damage_healed":0,"gold_gain":0,"player_choice":"Upgrade","damage_taken":0,"relics_obtained":["Mark of the Bloom"],"max_hp_gain":0,"max_hp_loss":0,"event_name":"MindBloom","floor":47,"gold_loss":0,"cards_upgraded":["Defend_G","Defend_G","Defend_G","Defend_G","Strike_G","Strike_G","Strike_G","Survivor","Neutralize","Footwork","Noxious Fumes","Blur","Dodge and Roll","Noxious Fumes","Backflip","Poisoned Stab","Calculated Gamble","Adrenaline","Backflip","Blur"]}],"is_beta":false,"boss_relics":[{"not_picked":["HoveringKite","Busted Crown"],"picked":"Sozu"},{"not_picked":["Empty Cage","Astrolabe"],"picked":"Ring of the Serpent"}],"items_purged_floors":[29],"is_endless":false,"potions_floor_spawned":[5,6,10,13,22,24,35,42,45],"ascension_level":2}