{"gold_per_floor":[115,131,206,14,26,57,57,67,67,78,78,97,97],"floor_reached":13,"playtime":654,"items_purged":[],"score":87,"play_id":"263c763d-9295-44fe-a26d-f849c1939329","local_time":"20180804152213","is_ascension_mode":false,"campfire_choices":[{"floor":7,"key":"REST"}],"neow_cost":"NONE","seed_source_timestamp":279253793571997,"circlet_count":0,"master_deck":["Defend_G","Defend_G","Defend_G","Defend_G","Defend_G","Strike_G","Strike_G","Strike_G","Strike_G","Strike_G","Survivor","Neutralize","Blur","Acrobatics","Accuracy","Cloak And Dagger","Terror","Deflect","Backflip","Noxious Fumes","Backflip","Regret","Deflect"],"relics":["Philosopher\u0027s Stone","Meat on the Bone","Paper Crane","Blue Candle"],"potions_floor_usage":[13],"damage_taken":[{"damage":5,"enemies":"Cultist","floor":1,"turns":6},{"damage":4,"enemies":"2 Louse","floor":2,"turns":3},{"damage":4,"enemies":"Small Slimes","floor":5,"turns":5},{"damage":8,"enemies":"3 Sentries","floor":6,"turns":12},{"damage":7,"enemies":"Blue Slaver","floor":8,"turns":4},{"damage":5,"enemies":"2 Fungi Beasts","floor":10,"turns":4},{"damage":2,"enemies":"Looter","floor":12,"turns":4},{"damage":49,"enemies":"Gremlin Nob","floor":13,"turns":4}],"seed_played":"2657966998324941542","potions_obtained":[{"floor":2,"key":"SteroidPotion"},{"floor":5,"key":"Energy Potion"},{"floor":6,"key":"SteroidPotion"},{"floor":12,"key":"Swift Potion"}],"is_trial":false,"path_per_floor":["M","M","?","$","M","E","R","M","T","M","?","M"],"character_chosen":"THE_SILENT","items_purchased":["Accuracy","Cloak And Dagger","Terror"],"campfire_rested":1,"item_purchase_floors":[4,4,4],"current_hp_per_floor":[65,61,50,50,46,38,59,52,52,47,47,45,0],"gold":97,"neow_bonus":"BOSS_RELIC","is_prod":false,"is_daily":false,"chose_seed":false,"campfire_upgraded":0,"win_rate":0,"timestamp":1533417733,"path_taken":["M","M","?","$","M","E","R","M","T","?","?","M","E"],"build_version":"2018-08-02","purchased_purges":0,"victory":false,"max_hp_per_floor":[70,70,70,70,70,70,70,70,70,70,70,70,70],"card_choices":[{"not_picked":["Flying Knee","Well Laid Plans"],"picked":"Blur","floor":1},{"not_picked":["Outmaneuver","Prepared"],"picked":"Acrobatics","floor":2},{"not_picked":["Riddle With Holes","Blade Dance"],"picked":"Deflect","floor":5},{"not_picked":["Endless Agony","Deadly Poison"],"picked":"Backflip","floor":6},{"not_picked":["PiercingWail","Poisoned Stab"],"picked":"Noxious Fumes","floor":8},{"not_picked":["Quick Slash","Slice"],"picked":"Backflip","floor":10},{"not_picked":["Flying Knee","Finisher"],"picked":"Deflect","floor":12}],"player_experience":185917,"relics_obtained":[{"floor":6,"key":"Meat on the Bone"},{"floor":9,"key":"Paper Crane"}],"event_choices":[{"event_name":"World of Goop","player_choice":"Gather Gold","floor":3,"damage_taken":0},{"event_name":"Big Fish","player_choice":"Box","floor":11,"damage_taken":0}],"is_beta":false,"boss_relics":[],"items_purged_floors":[],"is_endless":false,"potions_floor_spawned":[2,5,6,12],"killed_by":"Gremlin Nob","ascension_level":0}