{"gold_per_floor":[110,185,185,151,169,169,203,203,203,221,40,40,40,92,92,215,215,228,262,96,153,153],"floor_reached":22,"playtime":1103,"items_purged":["Strike_B"],"score":184,"play_id":"90b5de2c-6b9b-427f-8376-f5889de135fc","local_time":"20190318095949","is_ascension_mode":false,"campfire_choices":[{"data":"Zap","floor":6,"key":"SMITH"},{"floor":12,"key":"REST"},{"floor":15,"key":"REST"}],"neow_cost":"NONE","seed_source_timestamp":210400521076295,"circlet_count":0,"master_deck":["Strike_B","Strike_B","Defend_B","Defend_B","Defend_B","Zap+1","Dualcast","Capacitor","Genetic Algorithm","Steam","Storm","Capacitor","HandOfGreed","Echo Form","Bandage Up","Conserve Battery"],"relics":["Cracked Core","Boot","Question Card","White Beast Statue"],"potions_floor_usage":[14,19,22],"damage_taken":[{"damage":0,"enemies":"2 Louse","floor":1,"turns":3},{"damage":5,"enemies":"Small Slimes","floor":5,"turns":4},{"damage":50,"enemies":"3 Sentries","floor":7,"turns":8},{"damage":0,"enemies":"Cultist","floor":10,"turns":4},{"damage":16,"enemies":"Lots of Slimes","floor":14,"turns":5},{"damage":34,"enemies":"The Guardian","floor":16,"turns":12},{"damage":10,"enemies":"Chosen","floor":18,"turns":4},{"damage":27,"enemies":"3 Byrds","floor":19,"turns":5},{"damage":62,"enemies":"3 Cultists","floor":21,"turns":7},{"damage":14,"enemies":"Shelled Parasite and Fungi","floor":22,"turns":3}],"seed_played":"4520590023119864428","potions_obtained":[{"floor":5,"key":"FairyPotion"},{"floor":14,"key":"Fruit Juice"},{"floor":18,"key":"Weak Potion"},{"floor":19,"key":"Dexterity Potion"},{"floor":21,"key":"Fire Potion"}],"is_trial":false,"path_per_floor":["?","?","?","M","$","M"],"character_chosen":"DEFECT","items_purchased":["Capacitor","HandOfGreed","Bandage Up"],"campfire_rested":2,"item_purchase_floors":[4,11,20],"current_hp_per_floor":[75,64,69,69,64,64,14,14,14,14,14,38,38,27,52,18,85,75,48,48,8,0],"gold":153,"neow_bonus":"REMOVE_CARD","is_prod":false,"is_daily":false,"chose_seed":false,"campfire_upgraded":1,"win_rate":0,"timestamp":1552917589,"path_taken":["M","?","?","$","M","R","E","?","T","?","$","R","?","?","R","BOSS","M","M","$","M","M"],"build_version":"2019-01-23","purchased_purges":1,"victory":false,"max_hp_per_floor":[75,75,80,80,80,80,80,80,80,80,80,80,80,85,85,85,85,85,85,85,85,85],"card_choices":[{"not_picked":["Leap","Cold Snap","Compile Driver"],"picked":"SKIP","floor":1},{"not_picked":["Chill","Leap"],"picked":"Genetic Algorithm","floor":5},{"not_picked":["Hologram","Storm"],"picked":"Steam","floor":7},{"not_picked":["Ball Lightning","Loop","Multi-Cast"],"picked":"Capacitor","floor":10},{"not_picked":["Storm","Static Discharge","Gash","Consume"],"picked":"SKIP","floor":14},{"not_picked":["Thunder Strike","Rainbow","Electrodynamics"],"picked":"Echo Form","floor":16},{"not_picked":["Undo","Glacier","Ball Lightning+1","Melter"],"picked":"SKIP","floor":18},{"not_picked":["Stack","Barrage","Compile Driver","Gash"],"picked":"SKIP","floor":19},{"not_picked":["Leap","Hologram","Redo+1"],"picked":"Conserve Battery","floor":21}],"player_experience":741122,"relics_obtained":[{"floor":7,"key":"Boot"},{"floor":9,"key":"Question Card"}],"event_choices":[{"damage_healed":0,"gold_gain":75,"player_choice":"Gather Gold","damage_taken":11,"max_hp_gain":0,"max_hp_loss":0,"event_name":"World of Goop","floor":2,"gold_loss":0},{"damage_healed":0,"gold_gain":0,"player_choice":"Donut","damage_taken":0,"max_hp_gain":5,"max_hp_loss":0,"event_name":"Big Fish","floor":3,"gold_loss":0},{"damage_healed":0,"gold_gain":0,"cards_transformed":["Strike_B"],"player_choice":"Transformed","damage_taken":0,"max_hp_gain":0,"max_hp_loss":0,"event_name":"Transmorgrifier","floor":8,"gold_loss":0,"cards_obtained":["Storm"]}],"is_beta":false,"boss_relics":[{"not_picked":["Calling Bell","Cursed Key"],"picked":"White Beast Statue"}],"items_purged_floors":[20],"is_endless":false,"potions_floor_spawned":[5,14,18,19,21],"killed_by":"Shelled Parasite and Fungi","ascension_level":0}