{"gold_per_floor":[115,130,140,46,65,100,116,116,116,136,154,154,154,181,181,279,329,340,355,355,367,367,367],"floor_reached":23,"playtime":1224,"items_purged":[],"score":236,"play_id":"70fd1a38-947e-4269-8b51-9229037c5074","local_time":"20190318130805","is_ascension_mode":true,"campfire_choices":[{"floor":8,"key":"REST"},{"floor":13,"key":"REST"},{"floor":15,"key":"REST"}],"neow_cost":"NONE","seed_source_timestamp":221575714640619,"circlet_count":0,"master_deck":["Strike_B","Strike_B","Strike_B","Strike_B+1","Defend_B","Defend_B","Defend_B","Defend_B","Zap","Dualcast","Static Discharge","Loop","Defragment","Loop","Conserve Battery","Cold Snap","Conserve Battery","Conserve Battery","Cold Snap","Creative AI","Storm","Glacier","Melter+1","Pain"],"relics":["Cracked Core","Boot","Bronze Scales","FaceOfCleric","Ornamental Fan","Tiny House"],"potions_floor_usage":[11,11,18],"damage_taken":[{"damage":0,"enemies":"Small Slimes","floor":1,"turns":2},{"damage":1,"enemies":"Cultist","floor":2,"turns":3},{"damage":2,"enemies":"2 Louse","floor":3,"turns":2},{"damage":10,"enemies":"Red Slaver","floor":5,"turns":4},{"damage":26,"enemies":"Gremlin Nob","floor":6,"turns":5},{"damage":20,"enemies":"2 Fungi Beasts","floor":7,"turns":3},{"damage":9,"enemies":"Large Slime","floor":10,"turns":5},{"damage":16,"enemies":"Exordium Thugs","floor":11,"turns":4},{"damage":16,"enemies":"3 Sentries","floor":14,"turns":6},{"damage":26,"enemies":"The Guardian","floor":16,"turns":13},{"damage":10,"enemies":"Chosen","floor":18,"turns":7},{"damage":41,"enemies":"2 Thieves","floor":19,"turns":4},{"damage":13,"enemies":"Centurion and Healer","floor":21,"turns":8},{"damage":29,"enemies":"Book of Stabbing","floor":23,"turns":2}],"seed_played":"1265533229433086068","potions_obtained":[{"floor":1,"key":"Explosive Potion"},{"floor":6,"key":"SkillPotion"},{"floor":7,"key":"Poison Potion"},{"floor":17,"key":"Block Potion"}],"is_trial":false,"path_per_floor":["?","?","M","?"],"character_chosen":"DEFECT","items_purchased":["Loop","Conserve Battery"],"campfire_rested":3,"item_purchase_floors":[4,4],"current_hp_per_floor":[75,74,72,72,62,36,16,38,38,29,13,13,35,20,42,17,82,73,33,38,26,26,0],"gold":367,"neow_bonus":"RANDOM_COMMON_RELIC","is_prod":false,"is_daily":false,"chose_seed":false,"campfire_upgraded":0,"win_rate":0,"timestamp":1552928885,"path_taken":["M","M","M","$","M","E","M","R","T","M","M","?","R","E","R","BOSS","M","M","?","?","?","E"],"build_version":"2019-01-23","purchased_purges":0,"victory":false,"max_hp_per_floor":[75,75,75,75,75,75,75,75,75,75,75,75,75,76,76,77,82,83,84,84,85,85,85],"card_choices":[{"not_picked":["Blizzard","Beam Cell"],"picked":"Static Discharge","floor":1},{"not_picked":["Hologram","Reinforced Body"],"picked":"Loop","floor":2},{"not_picked":["Compile Driver","Redo"],"picked":"Defragment","floor":3},{"not_picked":["Seek","Hologram"],"picked":"Cold Snap","floor":5},{"not_picked":["Hologram","Rebound"],"picked":"Conserve Battery","floor":6},{"not_picked":["Stack","Redo","Streamline"],"picked":"SKIP","floor":7},{"not_picked":["Fusion","Chill"],"picked":"Coolheaded","floor":10},{"not_picked":["Skim","Coolheaded"],"picked":"Conserve Battery","floor":11},{"not_picked":["Leap","Amplify"],"picked":"Cold Snap","floor":14},{"not_picked":["Seek","Biased Cognition"],"picked":"Creative AI","floor":16},{"not_picked":["Beam Cell","Tempest"],"picked":"Storm","floor":17},{"not_picked":["Steam Power","Force Field+1","Go for the Eyes"],"picked":"SKIP","floor":18},{"not_picked":["Coolheaded+1","Seek"],"picked":"Glacier","floor":19},{"not_picked":["Reinforced Body","Ball Lightning+1"],"picked":"Melter+1","floor":21}],"player_experience":752028,"relics_obtained":[{"floor":6,"key":"Bronze Scales"},{"floor":14,"key":"Ornamental Fan"}],"event_choices":[{"damage_healed":0,"gold_gain":0,"player_choice":"Trade","damage_taken":0,"relics_obtained":["FaceOfCleric"],"max_hp_gain":0,"max_hp_loss":0,"event_name":"FaceTrader","floor":12,"gold_loss":0},{"cards_removed":["Coolheaded"],"damage_healed":5,"gold_gain":0,"player_choice":"Offered Common","damage_taken":0,"max_hp_gain":0,"max_hp_loss":0,"event_name":"Bonfire Elementals","floor":20,"gold_loss":0},{"cards_removed":["Coolheaded"],"damage_healed":5,"gold_gain":0,"player_choice":"Offered Special","damage_taken":0,"max_hp_gain":0,"max_hp_loss":0,"event_name":"Bonfire Elementals","floor":20,"gold_loss":0},{"damage_healed":0,"gold_gain":0,"player_choice":"1 cards matched","damage_taken":0,"max_hp_gain":0,"max_hp_loss":0,"event_name":"Match and Keep!","floor":22,"gold_loss":0,"cards_obtained":["Pain"]}],"is_beta":false,"boss_relics":[{"not_picked":["Pandora\u0027s Box","White Beast Statue"],"picked":"Tiny House"}],"items_purged_floors":[],"is_endless":false,"potions_floor_spawned":[1,6,7,10],"killed_by":"Book of Stabbing","ascension_level":3}