{"gold_per_floor":[117,129,129,144,158,158,169,169,248,264,264,281,9,9,9,106,106,126,139,64,92,92,92,107,120,120,80,98,98,146,146],"floor_reached":31,"playtime":904,"items_purged":[],"score":229,"play_id":"5766c0fa-3b98-44fd-b3d2-4523dbbc6cfd","local_time":"20190410155133","is_ascension_mode":false,"campfire_choices":[{"data":"Zap","floor":6.0,"key":"SMITH"},{"data":"Defragment","floor":8.0,"key":"SMITH"},{"floor":15.0,"key":"REST"},{"data":"Defragment","floor":23,"key":"SMITH"},{"data":"Defragment","floor":29,"key":"SMITH"}],"neow_cost":"NONE","seed_source_timestamp":15550305230983,"circlet_count":0,"master_deck":["Strike_B+1","Strike_B+1","Strike_B+1","Defend_B+1","Defend_B+1","Defend_B+1","Defend_B+1","Zap+1","Dualcast","Defragment+1","Defragment+1","Reinforced Body","Hologram","Machine Learning","Hello World","Glacier","Defragment+1","Echo Form","Ball Lightning+1","Consume","Hello World","Rainbow"],"special_seed":0,"relics":["Inserter","Bottled Tornado","Membership Card","Dodecahedron","Nuclear Battery","Red Mask","Whetstone","Smiling Mask"],"potions_floor_usage":[21,21],"damage_taken":[{"damage":7.0,"enemies":"2 Louse","floor":1.0,"turns":3.0},{"damage":1.0,"enemies":"Cultist","floor":2.0,"turns":4.0},{"damage":0.0,"enemies":"Small Slimes","floor":4.0,"turns":4.0},{"damage":23.0,"enemies":"Exordium Thugs","floor":5.0,"turns":5.0},{"damage":0.0,"enemies":"Blue Slaver","floor":7.0,"turns":5.0},{"damage":39.0,"enemies":"Gremlin Gang","floor":10.0,"turns":6.0},{"damage":0.0,"enemies":"Large Slime","floor":12.0,"turns":5.0},{"damage":3.0,"enemies":"Slime Boss","floor":16.0,"turns":10.0},{"damage":5.0,"enemies":"Spheric Guardian","floor":18.0,"turns":5.0},{"damage":0.0,"enemies":"Shell Parasite","floor":19.0,"turns":8.0},{"damage":23,"enemies":"Masked Bandits","floor":21,"turns":6},{"damage":19,"enemies":"Snecko","floor":24,"turns":5},{"damage":0,"enemies":"Centurion and Healer","floor":25,"turns":6},{"damage":33,"enemies":"3 Cultists","floor":28,"turns":9},{"damage":12,"enemies":"Cultist and Chosen","floor":31,"turns":2}],"seed_played":"128744383340133094","potions_obtained":[{"floor":1.0,"key":"AttackPotion"},{"floor":4.0,"key":"Dexterity Potion"},{"floor":12.0,"key":"Strength Potion"},{"floor":16.0,"key":"Poison Potion"},{"floor":18.0,"key":"EssenceOfSteel"},{"floor":24,"key":"FairyPotion"}],"is_trial":false,"path_per_floor":["M","M","?","M","M","R","M","R","T","M","?","M","$","T","R","B",null,"M","M","?","?","?","R","M","M","T","$","M","R","T","M"],"character_chosen":"DEFECT","items_purchased":["Membership Card","Glacier","Defragment","Hello World"],"campfire_rested":1,"item_purchase_floors":[13,13,13,27],"current_hp_per_floor":[68,67,67,67,44,44,44,44,44,5,5,5,5,5,27,24,75,70,70,70,47,47,47,28,28,28,28,7,7,7,0],"gold":146,"neow_bonus":"BOSS_RELIC","is_prod":false,"is_daily":false,"chose_seed":false,"campfire_upgraded":4,"win_rate":0,"timestamp":1554933093,"path_taken":["M","M","?","M","M","R","M","R","T","?","?","M","?","?","R","BOSS","M","?","?","?","?","R","M","M","T","$","M","R","?","?"],"build_version":"2019-01-23","purchased_purges":0,"victory":false,"max_hp_per_floor":[75,75,75,75,75,75,75,75,75,75,75,75,75,75,75,75,75,75,75,75,75,75,75,75,75,75,75,75,75,75,75],"card_choices":[{"not_picked":["Conserve Battery","Hologram"],"picked":"Defragment","floor":1.0},{"not_picked":["Gash","Turbo","Auto Shields"],"picked":"SKIP","floor":2.0},{"not_picked":["Redo","Consume"],"picked":"Defragment","floor":4.0},{"not_picked":["Turbo","Lockon"],"picked":"Reinforced Body","floor":5.0},{"not_picked":["FTL","Capacitor"],"picked":"Hologram","floor":7.0},{"not_picked":["BootSequence","Leap"],"picked":"Machine Learning","floor":10.0},{"not_picked":["Static Discharge","Sweeping Beam"],"picked":"Hello World","floor":12.0},{"not_picked":["Amplify","Core Surge"],"picked":"Echo Form","floor":16.0},{"not_picked":["Stack+1","Undo+1","Recycle"],"picked":"SKIP","floor":18.0},{"not_picked":["Compile Driver+1","Coolheaded"],"picked":"Ball Lightning","floor":19.0},{"not_picked":["Gash","Coolheaded"],"picked":"Consume","floor":24},{"not_picked":["Hologram","Rip and Tear","Redo+1"],"picked":"SKIP","floor":25},{"not_picked":["Genetic Algorithm+1","Melter"],"picked":"Rainbow","floor":28}],"player_experience":1176483,"relics_obtained":[{"floor":9.0,"key":"Bottled Tornado"},{"floor":14.0,"key":"Dodecahedron"},{"floor":21,"key":"Red Mask"},{"floor":26,"key":"Whetstone"},{"floor":30,"key":"Smiling Mask"}],"event_choices":[{"damage_healed":0.0,"max_hp_gain":0.0,"max_hp_loss":0.0,"gold_gain":0.0,"event_name":"NoteForYourself","player_choice":"Ignored","floor":3.0,"gold_loss":0.0,"damage_taken":0.0},{"damage_healed":0.0,"max_hp_gain":0.0,"max_hp_loss":0.0,"gold_gain":0.0,"event_name":"FaceTrader","player_choice":"Leave","floor":11.0,"gold_loss":0.0,"damage_taken":0.0},{"cards_removed":["Strike_B"],"damage_healed":0.0,"max_hp_gain":0.0,"max_hp_loss":0.0,"gold_gain":0.0,"event_name":"Beggar","player_choice":"Gave Gold","floor":20.0,"gold_loss":75.0,"damage_taken":0.0},{"damage_healed":0,"gold_gain":0,"player_choice":"Fought Bandits","damage_taken":0,"max_hp_gain":0,"max_hp_loss":0,"event_name":"Masked Bandits","floor":21,"gold_loss":0},{"damage_healed":0,"gold_gain":0,"player_choice":"Simplicity","damage_taken":0,"max_hp_gain":0,"max_hp_loss":0,"event_name":"Back to Basics","floor":22,"gold_loss":0,"cards_upgraded":["Strike_B","Strike_B","Strike_B","Defend_B","Defend_B","Defend_B","Defend_B"]}],"is_beta":false,"boss_relics":[{"not_picked":["Eternal Feather","White Beast Statue"],"picked":"Nuclear Battery"}],"items_purged_floors":[],"is_endless":false,"potions_floor_spawned":[1,4,12,16,18,24],"killed_by":"Cultist and Chosen","ascension_level":0}