{"path_per_floor":["M","?","M","?","M","E","M","?","T","M","M","$","R","M","R","B",null,"M","?","?","M","M","?","$","E","T","M","M","R","$","E","R"],"character_chosen":"IRONCLAD","items_purchased":["Bandage Up","Master of Strategy","Bag of Preparation","Pommel Strike"],"gold_per_floor":[111,111,121,121,135,170,180,430,430,440,458,93,93,111,111,210,210,228,228,260,272,287,287,41,68,68,86,106,106,79,107,107],"floor_reached":33,"campfire_rested":2,"playtime":1802,"current_hp_per_floor":[80,80,80,64,64,57,56,56,56,45,44,44,72,72,72,56,94,78,78,57,40,50,56,56,52,52,62,62,92,92,86,86],"items_purged":["Regret","Writhe"],"gold":107,"score":314,"play_id":"5f50089e-9219-4a5e-82e1-365b7496937a","local_time":"20180228222302","is_prod":false,"is_daily":false,"is_ascension_mode":false,"campfire_upgraded":1,"timestamp":1519874582,"path_taken":["M","?","M","?","M","E","?","?","T","?","M","?","R","M","R","BOSS","M","?","?","?","M","?","$","E","T","M","M","R","?","E","R","BOSS"],"build_version":"2018-02-28-BETA1","purchased_purges":2,"victory":false,"master_deck":["Strike_R","Strike_R","Strike_R+1","Defend_R","Defend_R","Defend_R","Bash","Fire Breathing","Thunderclap","Searing Blow+1","Clash","Clash","Thunderclap","Cleave","Armaments+1","Limit Break","Bandage Up","Master of Strategy","True Grit","Limit Break","Shrug It Off","Flex","Clash","Pommel Strike","Reaper"],"max_hp_per_floor":[80,80,80,80,80,94,94,94,94,94,94,94,94,94,94,94,94,94,94,94,94,94,100,100,100,100,100,100,100,100,100,100],"relics":["Burning Blood","Mango","Darkstone Periapt","Philosopher\u0027s Stone","Red Mask","Anchor","Bag of Preparation","Peace Pipe","Paper Frog","Juzu Bracelet"],"card_choices":[{"not_picked":["Sword Boomerang","Flex"],"picked":"Thunderclap"},{"not_picked":["Twin Strike","Anger"],"picked":"Clash"},{"not_picked":["Perfected Strike","Rupture"],"picked":"Clash"},{"not_picked":["Rage","Anger"],"picked":"Thunderclap"},{"not_picked":["Flex","Headbutt"],"picked":"Cleave"},{"not_picked":["Perfected Strike","Cleave"],"picked":"Armaments"},{"not_picked":["Heavy Blade","Perfected Strike"],"picked":"Limit Break"},{"not_picked":["Body Slam","Cleave"],"picked":"True Grit"},{"not_picked":["Impervious","Barricade"],"picked":"Limit Break"},{"not_picked":["Thunderclap","Hemokinesis"],"picked":"Flex"},{"not_picked":["Armaments","Uppercut"],"picked":"Clash"},{"not_picked":["Sever Soul","Carnage"],"picked":"Reaper"}],"player_experience":33528,"potions_floor_usage":[16,16,20,22,28,31,33],"damage_taken":[{"damage":2,"enemies":"Small Slimes","floor":1,"turns":4},{"damage":2,"enemies":"2 Louse","floor":3,"turns":3},{"damage":6,"enemies":"Jaw Worm","floor":5,"turns":2},{"damage":27,"enemies":"3 Sentries","floor":6,"turns":6},{"damage":7,"enemies":"2 Fungi Beasts","floor":7,"turns":2},{"damage":17,"enemies":"Blue Slaver","floor":10,"turns":3},{"damage":7,"enemies":"3 Louse","floor":11,"turns":2},{"damage":6,"enemies":"Exordium Wildlife","floor":14,"turns":3},{"damage":28,"enemies":"Slime Boss","floor":16,"turns":10},{"damage":26,"enemies":"Spheric Guardian","floor":18,"turns":4},{"damage":31,"enemies":"Masked Bandits","floor":20,"turns":4},{"damage":29,"enemies":"3 Byrds","floor":21,"turns":4},{"damage":0,"enemies":"Cultist and Chosen","floor":22,"turns":5},{"damage":16,"enemies":"Gremlin Leader","floor":25,"turns":5},{"damage":0,"enemies":"Centurion and Healer","floor":27,"turns":4},{"damage":10,"enemies":"3 Cultists","floor":28,"turns":4},{"damage":18,"enemies":"Slavers","floor":31,"turns":4},{"damage":105,"enemies":"Collector","floor":33,"turns":7}],"event_choices":[{"event_name":"Living Wall","player_choice":"Change","floor":2,"damage_taken":0},{"event_name":"Shining Light","player_choice":"Entered Light","floor":4,"damage_taken":0},{"event_name":"Golden Shrine","player_choice":"Desecrate","floor":8,"damage_taken":0},{"event_name":"The Library","player_choice":"Read","floor":19,"damage_taken":0},{"event_name":"Masked Bandits","player_choice":"Fought over 228 gold","floor":20,"damage_taken":0},{"event_name":"The Mausoleum","player_choice":"Yes","floor":23,"damage_taken":0}],"boss_relics":[{"not_picked":["Runic Cube","Lizard Tail"],"picked":"Philosopher\u0027s Stone"}],"potions_floor_spawned":[6,10,11,18,20,25,28,31],"seed_played":"3190618417003690862","killed_by":"Collector","ascension_level":0,"is_trial":false}