{"gold_per_floor":[119,119,131,150,75,100,112,124,159,71,83,100,100,110,110,210,260,278,203,203,223,238,265,275,225,278,228,254,254,266,285,285,285],"floor_reached":33,"playtime":1774,"items_purged":["Defend_B","Defend_B","Defend_B","Strike_B"],"score":289,"play_id":"1214fe3b-bdf1-4f7f-9622-7de3c2458dba","local_time":"20190318014542","is_ascension_mode":false,"campfire_choices":[{"data":"Zap","floor":8,"key":"SMITH"},{"data":"Conserve Battery","floor":13,"key":"SMITH"},{"data":"Conserve Battery","floor":15,"key":"SMITH"},{"floor":32,"key":"REST"}],"neow_cost":"NONE","seed_source_timestamp":180082679053612,"circlet_count":0,"master_deck":["Strike_B","Strike_B","Strike_B","Zap+1","Dualcast","BootSequence","Conserve Battery+1","FTL","Conserve Battery+1","Heatsinks+1","Capacitor","Buffer","FTL","Conserve Battery","Sweeping Beam+1","Redo","Self Repair","RitualDagger","Capacitor"],"relics":["Cracked Core","Pen Nib","MawBank","Anchor","Tiny House","Smiling Mask","Ginger","Vajra","Calipers"],"potions_floor_usage":[17,21,28,31],"damage_taken":[{"damage":0,"enemies":"Small Slimes","floor":1,"turns":3},{"damage":0,"enemies":"Jaw Worm","floor":3,"turns":3},{"damage":0,"enemies":"Cultist","floor":4,"turns":3},{"damage":22,"enemies":"3 Sentries","floor":6,"turns":9},{"damage":0,"enemies":"Red Slaver","floor":11,"turns":3},{"damage":0,"enemies":"Looter","floor":12,"turns":3},{"damage":2,"enemies":"Exordium Thugs","floor":14,"turns":5},{"damage":30,"enemies":"The Guardian","floor":16,"turns":13},{"damage":7,"enemies":"Shell Parasite","floor":18,"turns":7},{"damage":3,"enemies":"2 Thieves","floor":21,"turns":4},{"damage":9,"enemies":"Centurion and Healer","floor":22,"turns":9},{"damage":12,"enemies":"Slavers","floor":23,"turns":5},{"damage":21,"enemies":"Snake Plant","floor":24,"turns":6},{"damage":17,"enemies":"Gremlin Leader","floor":28,"turns":6},{"damage":11,"enemies":"Shelled Parasite and Fungi","floor":30,"turns":6},{"damage":3,"enemies":"Snecko","floor":31,"turns":6},{"damage":50,"enemies":"Collector","floor":33,"turns":5}],"seed_played":"7106302842692671314","potions_obtained":[{"floor":1,"key":"EssenceOfSteel"},{"floor":4,"key":"SteroidPotion"},{"floor":7,"key":"Explosive Potion"},{"floor":7,"key":"FocusPotion"},{"floor":7,"key":"Weak Potion"},{"floor":17,"key":"Fruit Juice"},{"floor":21,"key":"Block Potion"},{"floor":22,"key":"Ancient Potion"},{"floor":23,"key":"LiquidBronze"},{"floor":30,"key":"SteroidPotion"}],"is_trial":false,"path_per_floor":["?","?","M","?","?","M","$","?"],"character_chosen":"DEFECT","items_purchased":[],"campfire_rested":1,"item_purchase_floors":[],"current_hp_per_floor":[75,68,68,68,68,46,46,46,46,46,46,46,46,44,44,14,85,78,78,78,75,66,54,40,40,40,40,30,24,20,24,49,0],"gold":285,"neow_bonus":"THREE_CARDS","is_prod":false,"is_daily":false,"chose_seed":false,"campfire_upgraded":3,"win_rate":0,"timestamp":1552887942,"path_taken":["M","?","M","M","$","E","?","R","T","$","M","?","R","M","R","BOSS","M","?","?","M","?","E","M","?","T","$","E","?","M","M","R","BOSS"],"build_version":"2019-01-23","purchased_purges":4,"victory":false,"max_hp_per_floor":[75,75,75,75,75,75,75,75,75,75,75,75,75,75,75,75,85,85,85,85,85,85,85,85,85,85,85,85,85,85,85,85,85],"card_choices":[{"not_picked":["Streamline","Rebound"],"picked":"BootSequence","floor":0},{"not_picked":["Auto Shields","Skim"],"picked":"Conserve Battery","floor":1},{"not_picked":["Rebound","Rip and Tear"],"picked":"FTL","floor":3},{"not_picked":["Tempest","Turbo"],"picked":"Conserve Battery","floor":4},{"not_picked":["Barrage","Reprogram","Ball Lightning"],"picked":"SKIP","floor":6},{"not_picked":["Cold Snap","Hologram"],"picked":"Heatsinks","floor":11},{"not_picked":["Redo","Beam Cell"],"picked":"Capacitor","floor":12},{"not_picked":["Darkness","Rebound","Go for the Eyes"],"picked":"SKIP","floor":14},{"not_picked":["Rainbow","Seek"],"picked":"Buffer","floor":16},{"not_picked":["Self Repair","Conserve Battery"],"picked":"FTL","floor":17},{"not_picked":["Go for the Eyes","Steam"],"picked":"Conserve Battery","floor":18},{"not_picked":["Stack","Amplify"],"picked":"Sweeping Beam+1","floor":21},{"not_picked":["Coolheaded","Doom and Gloom"],"picked":"Redo","floor":22},{"not_picked":["Steam","Hologram"],"picked":"Self Repair","floor":23},{"not_picked":["Hologram+1","Steam","Beam Cell"],"picked":"SKIP","floor":24},{"not_picked":["Tempest+1","Barrage","Glacier"],"picked":"SKIP","floor":28},{"not_picked":["Ball Lightning","Compile Driver+1","Steam Power+1"],"picked":"SKIP","floor":30},{"not_picked":["Reinforced Body","Sunder"],"picked":"Capacitor","floor":31}],"player_experience":737623,"relics_obtained":[{"floor":6,"key":"MawBank"},{"floor":9,"key":"Anchor"},{"floor":23,"key":"Ginger"},{"floor":26,"key":"Vajra"},{"floor":28,"key":"Calipers"}],"event_choices":[{"damage_healed":0,"gold_gain":0,"player_choice":"Success","damage_taken":7,"relics_obtained":["Pen Nib"],"max_hp_gain":0,"max_hp_loss":0,"event_name":"Scrap Ooze","floor":2,"gold_loss":0},{"damage_healed":0,"gold_gain":0,"player_choice":"Got Potions","damage_taken":0,"max_hp_gain":0,"max_hp_loss":0,"event_name":"Lab","floor":7,"gold_loss":0},{"cards_removed":["Defend_B"],"damage_healed":0,"gold_gain":0,"player_choice":"Gave Gold","damage_taken":0,"max_hp_gain":0,"max_hp_loss":0,"event_name":"Beggar","floor":19,"gold_loss":75},{"damage_healed":0,"gold_gain":0,"player_choice":"Gave Potion","damage_taken":0,"relics_obtained":["Smiling Mask"],"max_hp_gain":0,"max_hp_loss":0,"event_name":"WeMeetAgain","floor":20,"gold_loss":0},{"damage_healed":0,"gold_gain":0,"player_choice":"Joined the Cult","damage_taken":6,"max_hp_gain":0,"max_hp_loss":0,"event_name":"Nest","floor":29,"gold_loss":0,"cards_obtained":["RitualDagger"]}],"is_beta":false,"boss_relics":[{"not_picked":["Runic Dome","Snecko Eye"],"picked":"Tiny House"}],"items_purged_floors":[5,10,25,27],"is_endless":false,"potions_floor_spawned":[1,4,12,14,21,22,23,24,30],"killed_by":"Collector","ascension_level":0}