{"gold_per_floor":[111,123,73,73,73,73,116,191,191,191,19,89,89,114,114,243,243,268,282,9,9,24,68,68,92,92,33,33,56,100,225,225,353,353,367,700,718,194,214,245,261,272,272,272,272,297,308,321,321,321],"floor_reached":51,"playtime":4051,"items_purged":[],"score":870,"play_id":"0d8335b5-c1d7-4004-bd4b-cd1ea21a0770","local_time":"20190411102749","is_ascension_mode":false,"campfire_choices":[{"data":"Bash","floor":6,"key":"SMITH"},{"data":"Flame Barrier","floor":10,"key":"SMITH"},{"data":"Pommel Strike","floor":13,"key":"SMITH"},{"data":"Iron Wave","floor":15,"key":"SMITH"},{"floor":24,"key":"RECALL"},{"floor":32,"key":"REST"},{"data":"Defend_R","floor":44,"key":"PURGE"},{"data":"Defend_R","floor":45,"key":"PURGE"},{"floor":49,"key":"REST"}],"neow_cost":"NONE","seed_source_timestamp":59433870263800,"circlet_count":0,"master_deck":["Strike_R+1","Strike_R","Strike_R","Strike_R+1","Defend_R","Defend_R","Bash+1","Anger","Flame Barrier+1","Impervious+1","Shrug It Off+1","Headbutt","Pommel Strike+1","Iron Wave+1","Barricade","Shrug It Off+1","Armaments+1","Shrug It Off+1","Dark Shackles+1","Twin Strike","Armaments+1","Infernal Blade+1","Inflame","Limit Break+1","Battle Trance+1","Exhume+1","Perfected Strike+1","Pommel Strike+1","Shrug It Off+1","Offering+1","Mayhem","Whirlwind+1","Whirlwind+1","Pummel+1","Shrug It Off+1","Parasite","Battle Trance+1"],"relics":["Burning Blood","Smiling Mask","Kunai","Bag of Marbles","Toxic Egg 2","WingedGreaves","Fusion Hammer","Membership Card","Whetstone","Question Card","Red Skull","Charon\u0027s Ashes","Blue Candle","Runic Dome","ClockworkSouvenir","PreservedInsect","Peace Pipe","Anchor","Letter Opener","Strawberry"],"potions_floor_usage":[7,16,16,30,31,50,50,50,50,50,50],"damage_taken":[{"damage":5,"enemies":"Jaw Worm","floor":1,"turns":5},{"damage":5,"enemies":"Small Slimes","floor":2,"turns":3},{"damage":0,"enemies":"Lagavulin","floor":7,"turns":5},{"damage":21,"enemies":"Lagavulin Event","floor":12,"turns":8},{"damage":0,"enemies":"2 Louse","floor":14,"turns":1},{"damage":8,"enemies":"Hexaghost","floor":16,"turns":11},{"damage":3,"enemies":"3 Byrds","floor":18,"turns":2},{"damage":0,"enemies":"Spheric Guardian","floor":19,"turns":6},{"damage":1,"enemies":"Shelled Parasite and Fungi","floor":22,"turns":8},{"damage":0,"enemies":"Book of Stabbing","floor":23,"turns":6},{"damage":2,"enemies":"3 Cultists","floor":25,"turns":8},{"damage":0,"enemies":"Chosen and Byrds","floor":29,"turns":6},{"damage":0,"enemies":"Gremlin Leader","floor":30,"turns":6},{"damage":3,"enemies":"Colosseum Slavers","floor":31,"turns":4},{"damage":7,"enemies":"Colosseum Nobs","floor":31,"turns":5},{"damage":41,"enemies":"Automaton","floor":33,"turns":11},{"damage":22,"enemies":"3 Darklings","floor":35,"turns":6},{"damage":0,"enemies":"3 Shapes","floor":37,"turns":5},{"damage":11,"enemies":"Sphere and 2 Shapes","floor":39,"turns":4},{"damage":13,"enemies":"Giant Head","floor":40,"turns":4},{"damage":0,"enemies":"Maw","floor":41,"turns":9},{"damage":0,"enemies":"3 Darklings","floor":42,"turns":1},{"damage":6,"enemies":"Reptomancer","floor":46,"turns":4},{"damage":0,"enemies":"Transient","floor":47,"turns":5},{"damage":12,"enemies":"Writhing Mass","floor":48,"turns":5},{"damage":11,"enemies":"Awakened One","floor":50,"turns":11}],"seed_played":"-647471251410778871","potions_obtained":[{"floor":1,"key":"AttackPotion"},{"floor":12,"key":"GamblersBrew"},{"floor":14,"key":"EssenceOfSteel"},{"floor":19,"key":"EssenceOfSteel"},{"floor":30,"key":"GamblersBrew"},{"floor":33,"key":"Strength Potion"},{"floor":35,"key":"LiquidBronze"},{"floor":37,"key":"EntropicBrew"}],"is_trial":false,"path_per_floor":["M","M","?","?","T","R","E","?","T","R","$","?","R","M","R","B",null,"M","M","$","?","M","E","R","M","T","$","?","M","E","?","R","B",null,"M","?","M","$","M","E","M","M","T","R","R","E","M","M","R","B",null],"character_chosen":"IRONCLAD","items_purchased":["Impervious+1","Shrug It Off+1","Headbutt","Membership Card","Shrug It Off+1","Dark Shackles+1","Swift Potion","Infernal Blade+1","ClockworkSouvenir","Shrug It Off+1","Offering+1","PreservedInsect","Peace Pipe","Mayhem"],"campfire_rested":2,"item_purchase_floors":[11,11,11,20,20,20,27,27,38,38,38,38,38,38],"current_hp_per_floor":[80,80,80,60,60,60,66,55,55,55,55,40,40,46,46,44,80,80,80,80,80,80,80,80,80,80,80,80,80,80,79,80,45,80,64,64,70,70,65,58,64,70,70,70,70,77,83,77,87,82],"gold":321,"neow_bonus":"RANDOM_COMMON_RELIC","is_prod":false,"is_daily":false,"chose_seed":false,"campfire_upgraded":4,"win_rate":1,"timestamp":1555003669,"path_taken":["M","M","?","?","?","R","E","?","T","R","$","?","R","M","R","BOSS","M","M","$","?","M","E","R","M","T","$","?","M","E","?","R","BOSS","M","?","M","$","M","E","M","M","T","R","R","E","M","M","R","BOSS"],"build_version":"2019-01-23","purchased_purges":0,"victory":true,"max_hp_per_floor":[80,80,80,80,80,80,80,80,80,80,80,80,80,80,80,80,80,80,80,80,80,80,80,80,80,80,80,80,80,80,80,80,80,80,80,80,80,80,80,80,80,80,80,80,80,87,87,87,87,87],"card_choices":[{"not_picked":["Wild Strike","Heavy Blade"],"picked":"Anger","floor":1},{"not_picked":["Entrench","Second Wind"],"picked":"Flame Barrier","floor":2},{"not_picked":["Juggernaut","Pummel","Body Slam"],"picked":"SKIP","floor":7},{"not_picked":["Warcry+1","Twin Strike"],"picked":"Pommel Strike","floor":12},{"not_picked":["Pommel Strike","Body Slam"],"picked":"Iron Wave","floor":14},{"not_picked":["Berserk","Dark Embrace"],"picked":"Barricade","floor":16},{"not_picked":["Twin Strike","Sword Boomerang"],"picked":"Shrug It Off+1","floor":18},{"not_picked":["Uppercut","Twin Strike+1"],"picked":"Armaments+1","floor":19},{"not_picked":["Clash","Twin Strike","Wild Strike+1"],"picked":"SKIP","floor":22},{"not_picked":["Clash","Wild Strike+1"],"picked":"Twin Strike","floor":22},{"not_picked":["Sword Boomerang","Blood for Blood","Fire Breathing"],"picked":"SKIP","floor":23},{"not_picked":["Thunderclap+1","Fiend Fire"],"picked":"Armaments+1","floor":25},{"not_picked":["Thunderclap","Iron Wave","Armaments+1"],"picked":"Inflame","floor":29},{"not_picked":["Twin Strike","Feel No Pain","Fire Breathing"],"picked":"Limit Break+1","floor":30},{"not_picked":["Thunderclap","Shrug It Off+1","Warcry+1"],"picked":"Battle Trance+1","floor":31},{"not_picked":["Limit Break+1","Brutality","Berserk"],"picked":"Exhume+1","floor":33},{"not_picked":["Dual Wield+1","Twin Strike","Thunderclap+1"],"picked":"Perfected Strike+1","floor":35},{"not_picked":["True Grit+1","Flex+1","Flame Barrier+1"],"picked":"Pommel Strike+1","floor":37},{"not_picked":["Twin Strike","Dark Embrace","True Grit+1"],"picked":"Whirlwind+1","floor":39},{"not_picked":["Ghostly Armor+1","True Grit+1","Shrug It Off+1"],"picked":"Whirlwind+1","floor":40},{"not_picked":["Anger+1","Combust+1","Infernal Blade+1","True Grit+1"],"picked":"SKIP","floor":41},{"not_picked":["Uppercut+1","Anger+1","Sword Boomerang+1","Clothesline+1"],"picked":"SKIP","floor":42},{"not_picked":["Dropkick","Perfected Strike","Sentinel+1"],"picked":"Pummel+1","floor":46},{"not_picked":["Cleave+1","Iron Wave","Whirlwind"],"picked":"Shrug It Off+1","floor":47},{"not_picked":["True Grit+1","Dual Wield+1","Whirlwind"],"picked":"Battle Trance+1","floor":48}],"player_experience":286234,"relics_obtained":[{"floor":5,"key":"Kunai"},{"floor":7,"key":"Bag of Marbles"},{"floor":9,"key":"Toxic Egg 2"},{"floor":12,"key":"WingedGreaves"},{"floor":23,"key":"Whetstone"},{"floor":26,"key":"Question Card"},{"floor":30,"key":"Red Skull"},{"floor":31,"key":"Charon\u0027s Ashes"},{"floor":31,"key":"Blue Candle"},{"floor":40,"key":"Anchor"},{"floor":43,"key":"Letter Opener"},{"floor":46,"key":"Strawberry"}],"event_choices":[{"cards_removed":["Strike_R"],"damage_healed":0,"gold_gain":0,"player_choice":"Card Removal","damage_taken":0,"max_hp_gain":0,"max_hp_loss":0,"event_name":"The Cleric","floor":3,"gold_loss":50},{"damage_healed":0,"gold_gain":0,"player_choice":"Take Damage","damage_taken":20,"relics_obtained":["Golden Idol"],"max_hp_gain":0,"max_hp_loss":0,"event_name":"Golden Idol","floor":4,"gold_loss":0},{"damage_healed":0,"gold_gain":75,"player_choice":"Gather Gold","damage_taken":11,"max_hp_gain":0,"max_hp_loss":0,"event_name":"World of Goop","floor":8,"gold_loss":0},{"damage_healed":0,"gold_gain":0,"player_choice":"Searched \u00271\u0027 times","damage_taken":0,"max_hp_gain":0,"max_hp_loss":0,"event_name":"Dead Adventurer","floor":12,"gold_loss":0},{"damage_healed":0,"gold_gain":0,"player_choice":"Ignored","damage_taken":0,"max_hp_gain":0,"max_hp_loss":0,"event_name":"Beggar","floor":21,"gold_loss":0},{"damage_healed":0,"gold_gain":0,"player_choice":"Fight","damage_taken":0,"max_hp_gain":0,"max_hp_loss":0,"event_name":"Colosseum","floor":31,"gold_loss":0},{"damage_healed":0,"gold_gain":0,"player_choice":"Fought Nobs","damage_taken":0,"max_hp_gain":0,"max_hp_loss":0,"event_name":"Colosseum","floor":31,"gold_loss":0},{"damage_healed":0,"gold_gain":333,"player_choice":"Gave Idol","damage_taken":0,"max_hp_gain":0,"max_hp_loss":0,"event_name":"The Moai Head","floor":36,"relics_lost":["Golden Idol"],"gold_loss":0}],"is_beta":false,"boss_relics":[{"not_picked":["Pandora\u0027s Box","White Beast Statue"],"picked":"Fusion Hammer"},{"not_picked":["Black Star","Mark of Pain"],"picked":"Runic Dome"}],"items_purged_floors":[],"is_endless":false,"potions_floor_spawned":[1,12,14,19,30,31,33,35,37,41,42,47,48],"ascension_level":0}