{"gold_per_floor":[117,117,130,145,156,156,11,44,114,146,146,161,146],"floor_reached":13,"playtime":734,"items_purged":["Strike_B"],"score":95,"play_id":"b3f9d989-3178-4dec-ae1f-39f778dd993a","local_time":"20190214122655","is_ascension_mode":false,"campfire_choices":[{"data":"Zap","floor":6,"key":"SMITH"}],"neow_cost":"NONE","seed_source_timestamp":43666582033351,"circlet_count":0,"master_deck":["Strike_B","Strike_B","Defend_B","Defend_B","Defend_B","Defend_B","Zap+1","Dualcast","Melter","Rebound+1"],"relics":["Cracked Core","Strawberry","Du-Vu Doll","Molten Egg 2","Pen Nib","Pantograph"],"potions_floor_usage":[5,10],"damage_taken":[{"damage":5,"enemies":"Small Slimes","floor":1,"turns":4},{"damage":0,"enemies":"Cultist","floor":3,"turns":4},{"damage":1,"enemies":"Jaw Worm","floor":4,"turns":3},{"damage":14,"enemies":"Lots of Slimes","floor":5,"turns":6},{"damage":34,"enemies":"3 Sentries","floor":8,"turns":10},{"damage":26,"enemies":"Lagavulin","floor":10,"turns":6},{"damage":5,"enemies":"3 Louse","floor":12,"turns":3},{"damage":7,"enemies":"Exordium Thugs","floor":13,"turns":1}],"seed_played":"3249136738096573920","potions_obtained":[{"floor":1,"key":"Fire Potion"},{"floor":4,"key":"Fruit Juice"},{"floor":12,"key":"Ancient Potion"}],"is_trial":false,"path_per_floor":["?","$","T"],"character_chosen":"DEFECT","items_purchased":["Melter"],"campfire_rested":0,"item_purchase_floors":[7],"current_hp_per_floor":[77,77,77,76,67,67,67,33,33,7,7,2,0],"gold":146,"neow_bonus":"RANDOM_COMMON_RELIC","is_prod":false,"is_daily":false,"chose_seed":false,"campfire_upgraded":1,"win_rate":0,"timestamp":1550165215,"path_taken":["M","?","M","M","M","R","?","E","T","E","?","M","M"],"build_version":"2019-01-23","purchased_purges":1,"victory":false,"max_hp_per_floor":[82,82,82,82,87,87,87,87,87,87,87,87,87],"card_choices":[{"not_picked":["Capacitor","Tempest","Coolheaded"],"picked":"SKIP","floor":1},{"not_picked":["Coolheaded","Sweeping Beam","White Noise"],"picked":"SKIP","floor":3},{"not_picked":["Chill","Compile Driver","Hologram"],"picked":"SKIP","floor":4},{"not_picked":["Scrape","Hologram","Creative AI"],"picked":"SKIP","floor":5},{"not_picked":["White Noise","Redo","Doom and Gloom"],"picked":"SKIP","floor":8},{"not_picked":["Chaos","Static Discharge","Recycle"],"picked":"SKIP","floor":10},{"not_picked":["Stack","Conserve Battery"],"picked":"Rebound+1","floor":12}],"player_experience":470165,"relics_obtained":[{"floor":8,"key":"Du-Vu Doll"},{"floor":9,"key":"Molten Egg 2"},{"floor":10,"key":"Pen Nib"},{"floor":11,"key":"Pantograph"}],"event_choices":[{"cards_removed":["Strike_B"],"damage_healed":0,"gold_gain":0,"player_choice":"Card Removal","damage_taken":0,"max_hp_gain":0,"max_hp_loss":0,"event_name":"Wheel of Change","floor":2,"gold_loss":0}],"is_beta":false,"boss_relics":[],"items_purged_floors":[7],"is_endless":false,"potions_floor_spawned":[1,4,12],"killed_by":"Exordium Thugs","ascension_level":0}