{"gold_per_floor":[116,116,17,17,34,34,45,45,45,45,61,71,85,102,102,199,199,219,230,230,230,230,230,243,243,291,291,46,46,46,22,22,117,117,130,130,142,159,0,0,80,80,131,1,101,101,111,111,111,111],"floor_reached":50,"playtime":2168,"items_purged":["Regret","Shame"],"score":503,"play_id":"4a94ae58-4ecb-4cce-ac86-13143a0a21cc","local_time":"20181118111704","is_ascension_mode":false,"campfire_choices":[{"data":"Biased Cognition","floor":6,"key":"SMITH"},{"floor":15,"key":"REST"},{"data":"Zap","floor":23,"key":"SMITH"},{"data":"Bite","floor":25,"key":"SMITH"},{"floor":27,"key":"DIG"},{"floor":32,"key":"REST"},{"floor":40,"key":"REST"},{"floor":42,"key":"DIG"},{"floor":49,"key":"REST"}],"neow_cost":"NONE","seed_source_timestamp":406938663371876,"circlet_count":0,"master_deck":["Defend_B","Defend_B","Defend_B","Defend_B","Zap+1","Dualcast","Biased Cognition+1","Coolheaded","Beam Cell","Flash of Steel","Sweeping Beam","Steam","Glacier","All For One","Redo","Stack","Cold Snap","Echo Form","Sweeping Beam+1","Chaos","Bite+1","Bite","Bite","Bite","Bite","Writhe","Compile Driver","Turbo","Chrysalis","Stack","Electrodynamics+1","Conserve Battery+1","Zap","Cold Snap+1","Turbo","Turbo","Reinforced Body","Panache+1"],"relics":["FrozenCore","Shuriken","Ice Cream","Oddly Smooth Stone","Shovel","Regal Pillow","Smiling Mask","Frozen Egg 2","Lizard Tail","Red Mask","Singing Bowl","Dead Branch","Juzu Bracelet"],"potions_floor_usage":[16,18,29,33,37,38,50],"damage_taken":[{"damage":6,"enemies":"Jaw Worm","floor":1,"turns":2},{"damage":6,"enemies":"Cultist","floor":5,"turns":3},{"damage":0,"enemies":"2 Louse","floor":7,"turns":3},{"damage":11,"enemies":"Exordium Wildlife","floor":11,"turns":4},{"damage":2,"enemies":"Red Slaver","floor":12,"turns":3},{"damage":0,"enemies":"Large Slime","floor":13,"turns":5},{"damage":4,"enemies":"Looter","floor":14,"turns":2},{"damage":21,"enemies":"Hexaghost","floor":16,"turns":12},{"damage":4,"enemies":"Spheric Guardian","floor":18,"turns":9},{"damage":1,"enemies":"Shell Parasite","floor":19,"turns":7},{"damage":25,"enemies":"Snake Plant","floor":24,"turns":7},{"damage":20,"enemies":"Colosseum Slavers","floor":29,"turns":3},{"damage":37,"enemies":"Collector","floor":33,"turns":16},{"damage":22,"enemies":"3 Shapes","floor":35,"turns":6},{"damage":46,"enemies":"3 Darklings","floor":37,"turns":6},{"damage":18,"enemies":"4 Shapes","floor":38,"turns":5},{"damage":19,"enemies":"Transient","floor":47,"turns":5},{"damage":79,"enemies":"Awakened One","floor":50,"turns":9}],"seed_played":"380748944835836802","potions_obtained":[{"floor":1,"key":"LiquidBronze"},{"floor":7,"key":"Ancient Potion"},{"floor":12,"key":"Fire Potion"},{"floor":18,"key":"Dexterity Potion"},{"floor":24,"key":"PowerPotion"},{"floor":35,"key":"LiquidBronze"},{"floor":37,"key":"GamblersBrew"}],"is_trial":false,"path_per_floor":["M","?","$","?","M","R","M","?","T","$","M","M","M","M","R","B",null,"M","M","?","?","?","R","M","R","T","R","$","?","T","$","R","B",null,"M","?","M","M","?","R","T","R","T","$","?","?","M","?","R","B"],"character_chosen":"DEFECT","items_purchased":["Beam Cell","Turbo","Chrysalis","Stack","Turbo","Reinforced Body"],"campfire_rested":4,"item_purchase_floors":[3,28,28,31,44,44],"current_hp_per_floor":[69,69,69,69,63,63,63,63,63,63,52,50,50,46,68,47,75,71,70,70,52,52,52,37,37,37,37,37,22,22,22,52,33,52,35,35,31,19,19,49,49,49,49,49,49,49,35,35,54,0],"gold":111,"neow_bonus":"ONE_RANDOM_RARE_CARD","is_prod":false,"is_daily":false,"chose_seed":false,"campfire_upgraded":3,"win_rate":0,"timestamp":1542565024,"path_taken":["M","?","$","?","?","R","M","?","T","?","M","M","M","M","R","BOSS","M","M","?","?","?","R","M","R","T","R","$","?","?","?","R","BOSS","M","?","?","M","?","R","?","R","T","$","?","?","M","?","R","BOSS"],"build_version":"2018-11-15","purchased_purges":2,"victory":false,"max_hp_per_floor":[75,75,75,75,75,75,75,75,75,75,75,75,75,75,75,75,75,75,75,75,52,52,52,52,52,52,52,52,52,52,52,52,52,52,52,52,52,52,52,52,52,52,52,52,52,52,54,54,54,54],"card_choices":[{"not_picked":["Undo","Conserve Battery"],"picked":"Coolheaded","floor":1},{"not_picked":["Rip and Tear","Gash"],"picked":"Steam","floor":5},{"not_picked":["Fusion","Auto Shields"],"picked":"Glacier","floor":7},{"not_picked":["Redo","Barrage"],"picked":"All For One","floor":11},{"not_picked":["Coolheaded","Barrage"],"picked":"Redo","floor":12},{"not_picked":["Sweeping Beam","Steam Power"],"picked":"Stack","floor":13},{"not_picked":["Stack","Beam Cell"],"picked":"Cold Snap","floor":14},{"not_picked":["Core Surge","Electrodynamics"],"picked":"Echo Form","floor":16},{"not_picked":["Streamline","Chaos+1"],"picked":"Sweeping Beam+1","floor":18},{"not_picked":["Conserve Battery","Undo+1"],"picked":"Chaos","floor":19},{"not_picked":["Skim+1","Hologram"],"picked":"Compile Driver","floor":24},{"not_picked":["Rainbow","Thunder Strike"],"picked":"Electrodynamics+1","floor":33},{"not_picked":["Compile Driver+1","White Noise"],"picked":"Conserve Battery+1","floor":35},{"not_picked":["Tempest","Glacier"],"picked":"Cold Snap+1","floor":37},{"not_picked":["Blizzard+1","Redo"],"picked":"Turbo","floor":38},{"not_picked":["Leap","Ball Lightning","Genetic Algorithm"],"picked":"Singing Bowl","floor":47},{"not_picked":["Forethought","PanicButton"],"picked":"Panache+1","floor":48}],"player_experience":1081181,"relics_obtained":[{"floor":9,"key":"Ice Cream"},{"floor":26,"key":"Regal Pillow"},{"floor":27,"key":"Smiling Mask"},{"floor":30,"key":"Frozen Egg 2"},{"floor":41,"key":"Singing Bowl"},{"floor":42,"key":"Dead Branch"},{"floor":43,"key":"Juzu Bracelet"}],"event_choices":[{"damage_healed":0,"gold_gain":0,"player_choice":"Box","damage_taken":0,"relics_obtained":["Shuriken"],"max_hp_gain":0,"max_hp_loss":0,"event_name":"Big Fish","floor":2,"gold_loss":0,"cards_obtained":["Regret"]},{"damage_healed":0,"gold_gain":0,"player_choice":"2 cards matched","damage_taken":0,"max_hp_gain":0,"max_hp_loss":0,"event_name":"Match and Keep!","floor":4,"gold_loss":0,"cards_obtained":["Flash of Steel","Sweeping Beam"]},{"damage_healed":0,"gold_gain":0,"player_choice":"Ignored","damage_taken":0,"max_hp_gain":0,"max_hp_loss":0,"event_name":"Golden Wing","floor":8,"gold_loss":0},{"damage_healed":0,"gold_gain":0,"player_choice":"Stole Relic","damage_taken":0,"relics_obtained":["Oddly Smooth Stone"],"max_hp_gain":0,"max_hp_loss":0,"event_name":"Addict","floor":20,"gold_loss":0,"cards_obtained":["Shame"]},{"damage_healed":0,"gold_gain":0,"player_choice":"Became a vampire","damage_taken":0,"max_hp_gain":0,"max_hp_loss":23,"event_name":"Vampires","floor":21,"gold_loss":0,"cards_obtained":["Bite","Bite","Bite","Bite","Bite"]},{"damage_healed":0,"gold_gain":0,"player_choice":"Opened","damage_taken":0,"relics_obtained":["Shovel"],"max_hp_gain":0,"max_hp_loss":0,"event_name":"The Mausoleum","floor":22,"gold_loss":0,"cards_obtained":["Writhe"]},{"damage_healed":0,"gold_gain":0,"player_choice":"Fight","damage_taken":0,"max_hp_gain":0,"max_hp_loss":0,"event_name":"Colosseum","floor":29,"gold_loss":0},{"damage_healed":0,"gold_gain":0,"player_choice":"Fled From Nobs","damage_taken":0,"max_hp_gain":0,"max_hp_loss":0,"event_name":"Colosseum","floor":29,"gold_loss":0},{"damage_healed":0,"gold_gain":0,"player_choice":"1 cards matched","damage_taken":0,"max_hp_gain":0,"max_hp_loss":0,"event_name":"Match and Keep!","floor":36,"gold_loss":0,"cards_obtained":["Zap"]},{"damage_healed":0,"gold_gain":0,"player_choice":"Paid","damage_taken":0,"relics_obtained":["Red Mask"],"max_hp_gain":0,"max_hp_loss":0,"event_name":"Tomb of Lord Red Mask","floor":39,"gold_loss":159},{"damage_healed":0,"gold_gain":100,"player_choice":"Pray","damage_taken":0,"max_hp_gain":0,"max_hp_loss":0,"event_name":"Golden Shrine","floor":45,"gold_loss":0},{"damage_healed":0,"gold_gain":0,"player_choice":"Ignored","damage_taken":0,"max_hp_gain":0,"max_hp_loss":0,"event_name":"Mysterious Sphere","floor":46,"gold_loss":0},{"damage_healed":0,"gold_gain":0,"player_choice":"Memory 1","damage_taken":0,"max_hp_gain":0,"max_hp_loss":0,"event_name":"SensoryStone","floor":48,"gold_loss":0}],"is_beta":false,"boss_relics":[{"not_picked":["Runic Pyramid","Black Star"],"picked":"FrozenCore"},{"not_picked":["Velvet Choker","Astrolabe"],"picked":"Lizard Tail"}],"items_purged_floors":[3,28],"is_endless":false,"potions_floor_spawned":[1,7,12,18,24,35,37],"killed_by":"Awakened One","ascension_level":0}