{"gold_per_floor":[113,133,153,171,187,214,214,239,239,239,257,257,272,13,13,13],"floor_reached":16,"playtime":740,"items_purged":[],"score":188,"play_id":"c59173a4-0d2d-4d6f-b5a1-8e40979f6e4c","local_time":"20190301150831","is_ascension_mode":true,"campfire_choices":[{"floor":7,"key":"REST"},{"floor":12,"key":"REST"},{"floor":15,"key":"REST"}],"neow_cost":"NONE","seed_source_timestamp":1199712254280587,"circlet_count":0,"master_deck":["AscendersBane","Strike_R","Strike_R","Strike_R","Strike_R","Strike_R","Defend_R","Defend_R","Defend_R","Defend_R","Bash","Hemokinesis","Spot Weakness","Twin Strike","Armaments","Shrug It Off","Impervious","Warcry","Immolate","Flex"],"relics":["Burning Blood","Question Card","Turnip","Dodecahedron","Pantograph","Frozen Egg 2"],"potions_floor_usage":[6,8,11,11,13],"damage_taken":[{"damage":6,"enemies":"Cultist","floor":1,"turns":4},{"damage":13,"enemies":"2 Louse","floor":2,"turns":2},{"damage":3,"enemies":"Small Slimes","floor":3,"turns":3},{"damage":15,"enemies":"Looter","floor":4,"turns":3},{"damage":16,"enemies":"2 Fungi Beasts","floor":5,"turns":3},{"damage":18,"enemies":"Gremlin Nob","floor":6,"turns":4},{"damage":45,"enemies":"Lagavulin","floor":8,"turns":6},{"damage":13,"enemies":"Exordium Thugs","floor":11,"turns":4},{"damage":34,"enemies":"Exordium Wildlife","floor":13,"turns":5},{"damage":90,"enemies":"Hexaghost","floor":16,"turns":11}],"seed_played":"-6529449280804433767","potions_obtained":[{"floor":1,"key":"Poison Potion"},{"floor":5,"key":"Strength Potion"},{"floor":6,"key":"Explosive Potion"},{"floor":8,"key":"BloodPotion"},{"floor":11,"key":"BloodPotion"}],"is_trial":false,"path_per_floor":["M","M","M","M","M","E","R","E","T","T","M","R","M","$","R","B"],"character_chosen":"IRONCLAD","items_purchased":["Frozen Egg 2"],"campfire_rested":3,"item_purchase_floors":[14],"current_hp_per_floor":[80,73,76,67,57,45,71,32,32,32,33,59,39,39,65,0],"gold":13,"neow_bonus":"TEN_PERCENT_HP_BONUS","is_prod":false,"is_daily":false,"chose_seed":false,"campfire_upgraded":0,"win_rate":0,"timestamp":1551478111,"path_taken":["M","M","M","?","M","E","R","E","T","?","M","R","?","$","R","BOSS"],"build_version":"2019-01-23","purchased_purges":0,"victory":false,"max_hp_per_floor":[88,88,88,88,88,88,88,88,88,88,88,88,88,88,88,88],"card_choices":[{"not_picked":["Havoc","Seeing Red"],"picked":"Hemokinesis","floor":1},{"not_picked":["Pommel Strike","Flame Barrier"],"picked":"Spot Weakness","floor":2},{"not_picked":["Whirlwind","Clash"],"picked":"Twin Strike","floor":3},{"not_picked":["Anger","Blood for Blood"],"picked":"Armaments","floor":4},{"not_picked":["Clash","Fiend Fire"],"picked":"Shrug It Off","floor":5},{"not_picked":["Perfected Strike","Wild Strike"],"picked":"Impervious","floor":6},{"not_picked":["Havoc","Dual Wield","Clothesline"],"picked":"Warcry","floor":8},{"not_picked":["Shockwave","True Grit","Warcry"],"picked":"Immolate","floor":11},{"not_picked":["Body Slam","Armaments","Twin Strike"],"picked":"Flex","floor":13}],"player_experience":1630829,"relics_obtained":[{"floor":6,"key":"Question Card"},{"floor":8,"key":"Turnip"},{"floor":9,"key":"Dodecahedron"},{"floor":10,"key":"Pantograph"}],"event_choices":[],"is_beta":false,"boss_relics":[],"items_purged_floors":[],"is_endless":false,"potions_floor_spawned":[1,5,6,8,11],"killed_by":"Hexaghost","ascension_level":13}