{"gold_per_floor":[112,112,123,18,18,18,53,70,70,20,20,20,30,30,30,134,134,153,228,245,258,273,273],"floor_reached":23,"playtime":678,"items_purged":[],"score":352,"play_id":"1570eea2-e2ba-4dd9-a635-38d1af92201c","local_time":"20181111161643","is_ascension_mode":true,"campfire_choices":[{"data":"Strike_B","floor":6.0,"key":"PURGE"},{"data":"Strike_B","floor":11.0,"key":"PURGE"},{"data":"Loop","floor":15.0,"key":"SMITH"}],"neow_cost":"PERCENT_DAMAGE","seed_source_timestamp":0,"circlet_count":0,"master_deck":["Strike_B","Defend_B","Defend_B","Zap","Dualcast","Reinforced Body","Leap","Loop+1","Doom and Gloom","Defragment","Conserve Battery","Multi-Cast","Lockon+1","Cold Snap","Defragment"],"special_seed":0,"relics":["Cracked Core","Peace Pipe","Sundial","Bottled Flame","Empty Cage"],"potions_floor_usage":[23,23,23],"damage_taken":[{"damage":1.0,"enemies":"Cultist","floor":1.0,"turns":3.0},{"damage":0.0,"enemies":"Jaw Worm","floor":3.0,"turns":3.0},{"damage":26.0,"enemies":"3 Sentries","floor":7.0,"turns":6.0},{"damage":6.0,"enemies":"2 Louse","floor":8.0,"turns":2.0},{"damage":6.0,"enemies":"Blue Slaver","floor":13.0,"turns":4.0},{"damage":0.0,"enemies":"Red Slaver","floor":14.0,"turns":1.0},{"damage":4.0,"enemies":"The Guardian","floor":16.0,"turns":6.0},{"damage":6.0,"enemies":"Spheric Guardian","floor":18.0,"turns":4.0},{"damage":14.0,"enemies":"Shell Parasite","floor":20.0,"turns":4.0},{"damage":6.0,"enemies":"3 Cultists","floor":21.0,"turns":4.0},{"damage":9,"enemies":"Snecko","floor":22,"turns":4},{"damage":40,"enemies":"Book of Stabbing","floor":23,"turns":4}],"seed_played":"-7193569252828881888","potions_obtained":[{"floor":1.0,"key":"SmokeBomb"},{"floor":13.0,"key":"AttackPotion"},{"floor":16.0,"key":"SkillPotion"},{"floor":18.0,"key":"FocusPotion"},{"floor":20.0,"key":"Weak Potion"},{"floor":21.0,"key":"Weak Potion"},{"floor":22,"key":"SkillPotion"}],"is_trial":false,"path_per_floor":["M","?","M","$","?","R","E","M","T","?","R","$","M","M","R","B",null,"M","?","M","M","M","E"],"character_chosen":"DEFECT","items_purchased":["Loop","Doom and Gloom"],"campfire_rested":0,"item_purchase_floors":[4,4],"current_hp_per_floor":[53,50,50,50,75,75,49,43,43,43,43,43,37,37,37,33,75,69,62,48,42,33,0],"gold":273,"neow_bonus":"ONE_RARE_RELIC","is_prod":false,"is_daily":false,"chose_seed":false,"campfire_upgraded":1,"win_rate":0,"timestamp":1541971003,"path_taken":["M","?","M","$","?","R","E","M","T","?","R","?","?","M","R","BOSS","M","?","M","?","M","E"],"build_version":"2018-11-08","purchased_purges":0,"victory":false,"max_hp_per_floor":[75,75,75,75,75,75,75,75,75,75,75,75,75,75,75,75,75,75,75,75,75,75,75],"card_choices":[{"not_picked":["Undo","Stack"],"picked":"Reinforced Body","floor":1.0},{"not_picked":["Rebound","Streamline"],"picked":"Leap","floor":3.0},{"not_picked":["Genetic Algorithm","Doom and Gloom"],"picked":"Defragment","floor":7.0},{"not_picked":["Sweeping Beam","Beam Cell"],"picked":"Conserve Battery","floor":8.0},{"not_picked":["Consume","Recycle","Ball Lightning"],"picked":"SKIP","floor":13.0},{"not_picked":["Hyperbeam","Thunder Strike"],"picked":"Multi-Cast","floor":16.0},{"not_picked":["Gash","Heatsinks","Steam"],"picked":"SKIP","floor":18.0},{"not_picked":["Gash","Sweeping Beam"],"picked":"Lockon+1","floor":20.0},{"not_picked":["Sweeping Beam+1","Chaos"],"picked":"Cold Snap","floor":21.0},{"not_picked":["Storm","Steam"],"picked":"Defragment","floor":22}],"player_experience":444949,"relics_obtained":[{"floor":7.0,"key":"Bottled Flame"}],"event_choices":[{"damage_healed":0.0,"max_hp_gain":0.0,"max_hp_loss":0.0,"gold_gain":0.0,"event_name":"Scrap Ooze","player_choice":"Success","floor":2.0,"gold_loss":0.0,"damage_taken":3.0,"relics_obtained":["Sundial"]},{"damage_healed":25.0,"max_hp_gain":0.0,"max_hp_loss":0.0,"gold_gain":0.0,"event_name":"Big Fish","player_choice":"Banana","floor":5.0,"gold_loss":0.0,"damage_taken":0.0},{"cards_removed":["Defend_B"],"damage_healed":0.0,"max_hp_gain":0.0,"max_hp_loss":0.0,"gold_gain":0.0,"event_name":"The Cleric","player_choice":"Card Removal","floor":10.0,"gold_loss":50.0,"damage_taken":0.0},{"damage_healed":0.0,"max_hp_gain":0.0,"max_hp_loss":0.0,"gold_gain":75.0,"event_name":"FaceTrader","player_choice":"Touch","floor":19.0,"gold_loss":0.0,"damage_taken":7.0}],"is_beta":true,"boss_relics":[{"not_picked":["Eternal Feather","Fusion Hammer"],"picked":"Empty Cage"}],"items_purged_floors":[],"is_endless":false,"potions_floor_spawned":[1,13,14,16,18,20,21,22],"killed_by":"Book of Stabbing","ascension_level":4}