{"gold_per_floor":[110,130,130,144,156,156,231,6,6,6,6,6,22,38,38,139,139,159,159,15,29,29,29,64,64,89,108,122,221,237,64,64,159,159,169,169,169,74,84,84,131,92,119,119,119,119,119],"floor_reached":47,"playtime":2463,"items_purged":["Regret","Strike_B"],"score":478,"play_id":"8b51a9c2-a78c-43b0-9e1e-e3111bebc672","local_time":"20190103135436","is_ascension_mode":true,"campfire_choices":[{"data":"1","floor":6,"key":"LIFT"},{"data":"2","floor":11,"key":"LIFT"},{"data":"3","floor":15,"key":"LIFT"},{"data":"Echo Form","floor":23,"key":"SMITH"},{"data":"Hologram","floor":25,"key":"SMITH"},{"floor":32,"key":"REST"},{"data":"Defragment","floor":40,"key":"SMITH"},{"floor":44,"key":"REST"},{"data":"Hologram","floor":46,"key":"SMITH"}],"neow_cost":"NONE","seed_source_timestamp":161867542681178,"circlet_count":0,"master_deck":["Strike_B+1","Strike_B+1","Defend_B+1","Defend_B","Defend_B","Defend_B","Zap","Dualcast","Self Repair+1","Ball Lightning","Streamline","Stack","Streamline","Echo Form+1","Stack+1","Auto Shields+1","Hologram+1","Hologram+1","Coolheaded+1","Defragment+1","Electrodynamics","Redo+1","Rebound","Redo+1","Self Repair","BootSequence","Panacea","Streamline"],"relics":["Cracked Core","Girya","Vajra","Nuclear Battery","Whetstone","Sundial","Juzu Bracelet","Sozu","Prayer Wheel","War Paint"],"potions_floor_usage":[24,24,33,41],"damage_taken":[{"damage":0,"enemies":"2 Louse","floor":1,"turns":2},{"damage":1,"enemies":"Jaw Worm","floor":2,"turns":4},{"damage":0,"enemies":"Small Slimes","floor":4,"turns":2},{"damage":11,"enemies":"3 Louse","floor":5,"turns":4},{"damage":2,"enemies":"Blue Slaver","floor":13,"turns":3},{"damage":7,"enemies":"Exordium Thugs","floor":14,"turns":5},{"damage":13,"enemies":"Slime Boss","floor":16,"turns":9},{"damage":11,"enemies":"2 Thieves","floor":18,"turns":4},{"damage":0,"enemies":"Chosen","floor":21,"turns":4},{"damage":15,"enemies":"Colosseum Slavers","floor":22,"turns":5},{"damage":28,"enemies":"Slavers","floor":24,"turns":6},{"damage":7,"enemies":"Centurion and Healer","floor":27,"turns":5},{"damage":27,"enemies":"Snake Plant","floor":28,"turns":3},{"damage":9,"enemies":"3 Cultists","floor":30,"turns":5},{"damage":37,"enemies":"Champ","floor":33,"turns":10},{"damage":5,"enemies":"3 Shapes","floor":35,"turns":4},{"damage":26,"enemies":"3 Darklings","floor":39,"turns":4},{"damage":41,"enemies":"2 Orb Walkers","floor":41,"turns":5},{"damage":64,"enemies":"Writhing Mass","floor":47,"turns":4}],"seed_played":"3497544598113238236","potions_obtained":[{"floor":1,"key":"Weak Potion"},{"floor":4,"key":"FocusPotion"},{"floor":16,"key":"EssenceOfSteel"},{"floor":30,"key":"LiquidBronze"},{"floor":33,"key":"AttackPotion"}],"is_trial":false,"path_per_floor":["M","M","?","M","M","R","?","$","T","?","R","?","M","M","R","B",null,"M","?","$","M","?","R","E","R","T","M","M","?","M","$","R","B",null,"M","?","?","$","M","R","?","$","T","R","?","R","M"],"character_chosen":"DEFECT","items_purchased":["Vajra","Whetstone","Defragment","Redo","Rebound","BootSequence"],"campfire_rested":2,"item_purchase_floors":[8,20,31,38,38,42],"current_hp_per_floor":[82,82,82,82,71,71,60,60,60,60,60,53,61,54,54,41,82,81,81,81,81,76,76,58,58,58,61,44,44,45,45,69,42,82,82,82,82,82,66,66,35,35,35,59,59,59,0],"gold":119,"neow_bonus":"TEN_PERCENT_HP_BONUS","is_prod":false,"is_daily":false,"chose_seed":false,"campfire_upgraded":4,"win_rate":0,"timestamp":1546552476,"path_taken":["M","M","?","M","M","R","?","$","T","?","R","?","?","M","R","BOSS","M","?","$","?","?","R","E","R","T","M","M","?","M","?","R","BOSS","M","?","?","$","M","R","?","?","T","R","?","R","M"],"build_version":"2018-12-20","purchased_purges":2,"victory":false,"max_hp_per_floor":[82,82,82,82,82,82,82,82,82,82,82,82,82,82,82,82,82,82,82,82,82,82,82,82,82,82,82,82,82,82,82,82,82,82,82,82,82,82,82,82,82,82,82,82,82,82,82],"card_choices":[{"not_picked":["Rip and Tear","Undo"],"picked":"Self Repair","floor":1},{"not_picked":["Force Field","Tempest"],"picked":"Ball Lightning","floor":2},{"not_picked":["Chaos","Beam Cell"],"picked":"Streamline","floor":4},{"not_picked":["Tempest","Rebound"],"picked":"Gash","floor":5},{"not_picked":["Steam","Rebound"],"picked":"Stack","floor":13},{"not_picked":["Force Field","Sweeping Beam"],"picked":"Streamline","floor":14},{"not_picked":["Seek","Buffer"],"picked":"Echo Form","floor":16},{"not_picked":["Compile Driver","Self Repair"],"picked":"Stack+1","floor":18},{"not_picked":["Rebound","Cold Snap"],"picked":"Auto Shields+1","floor":21},{"not_picked":["Undo","Rip and Tear"],"picked":"Hologram","floor":24},{"not_picked":["Steam Power","Beam Cell"],"picked":"Hologram","floor":27},{"not_picked":["Cold Snap","Reinforced Body"],"picked":"Coolheaded+1","floor":28},{"not_picked":["Hyperbeam","Sunder","Coolheaded"],"picked":"SKIP","floor":30},{"not_picked":["Thunder Strike","Reboot"],"picked":"Electrodynamics","floor":33},{"not_picked":["Sweeping Beam","Melter","Steam Power"],"picked":"SKIP","floor":35},{"not_picked":["Beam Cell+1","Hologram+1"],"picked":"Redo+1","floor":39},{"not_picked":["Turbo+1","Cold Snap"],"picked":"Self Repair","floor":41}],"player_experience":51333,"relics_obtained":[{"floor":24,"key":"Sundial"},{"floor":26,"key":"Juzu Bracelet"},{"floor":41,"key":"Prayer Wheel"},{"floor":43,"key":"War Paint"}],"event_choices":[{"damage_healed":0,"gold_gain":0,"player_choice":"Box","damage_taken":0,"relics_obtained":["Girya"],"max_hp_gain":0,"max_hp_loss":0,"event_name":"Big Fish","floor":3,"gold_loss":0,"cards_obtained":["Regret"]},{"damage_healed":0,"gold_gain":75,"player_choice":"Gather Gold","damage_taken":11,"max_hp_gain":0,"max_hp_loss":0,"event_name":"World of Goop","floor":7,"gold_loss":0},{"damage_healed":0,"gold_gain":0,"player_choice":"Grow","damage_taken":0,"max_hp_gain":0,"max_hp_loss":0,"event_name":"Living Wall","floor":10,"gold_loss":0,"cards_upgraded":["Self Repair"]},{"cards_removed":["Strike_B"],"damage_healed":0,"gold_gain":0,"player_choice":"Card Removal","damage_taken":7,"max_hp_gain":0,"max_hp_loss":0,"event_name":"Golden Wing","floor":12,"gold_loss":0},{"damage_healed":0,"gold_gain":0,"player_choice":"Bought 0 Potions","damage_taken":0,"max_hp_gain":0,"max_hp_loss":0,"event_name":"The Woman in Blue","floor":19,"gold_loss":0},{"damage_healed":0,"gold_gain":0,"player_choice":"Fight","damage_taken":0,"max_hp_gain":0,"max_hp_loss":0,"event_name":"Colosseum","floor":22,"gold_loss":0},{"damage_healed":0,"gold_gain":0,"player_choice":"Fled From Nobs","damage_taken":0,"max_hp_gain":0,"max_hp_loss":0,"event_name":"Colosseum","floor":22,"gold_loss":0},{"damage_healed":0,"gold_gain":99,"player_choice":"Stole From Cult","damage_taken":0,"max_hp_gain":0,"max_hp_loss":0,"event_name":"Nest","floor":29,"gold_loss":0},{"cards_removed":["Gash"],"damage_healed":0,"gold_gain":0,"player_choice":"Removed Attack","damage_taken":0,"max_hp_gain":0,"max_hp_loss":0,"event_name":"Falling","floor":36,"gold_loss":0},{"damage_healed":0,"gold_gain":0,"player_choice":"Ignored","damage_taken":0,"max_hp_gain":0,"max_hp_loss":0,"event_name":"Tomb of Lord Red Mask","floor":37,"gold_loss":0},{"damage_healed":0,"gold_gain":0,"player_choice":"Fight","damage_taken":0,"max_hp_gain":0,"max_hp_loss":0,"event_name":"Mysterious Sphere","floor":41,"gold_loss":0},{"damage_healed":0,"gold_gain":0,"player_choice":"2 cards matched","damage_taken":0,"max_hp_gain":0,"max_hp_loss":0,"event_name":"Match and Keep!","floor":45,"gold_loss":0,"cards_obtained":["Panacea","Streamline"]}],"is_beta":false,"boss_relics":[{"not_picked":["Eternal Feather","Snecko Eye"],"picked":"Nuclear Battery"},{"not_picked":["Runic Pyramid","Coffee Dripper"],"picked":"Sozu"}],"items_purged_floors":[8,31],"is_endless":false,"potions_floor_spawned":[1,4,16,18,22,30,33,39],"killed_by":"Writhing Mass","ascension_level":1}