{"gold_per_floor":[110,110,126,143,163,195,210,210,210,210,223,223,239,266,266,368,368,386,386,406,406,418,418,433,433,457,457,470,216,216,245,245,343,343,355,355,355,355,455,51,51,85,167,183,0,0,0,0,0,0],"floor_reached":50,"playtime":4341,"items_purged":[],"score":523,"play_id":"ff999bf0-44a7-4577-bf6f-5477c98656da","local_time":"20181025203930","is_ascension_mode":false,"campfire_choices":[{"data":"Electrodynamics","floor":8,"key":"SMITH"},{"data":"Dualcast","floor":10,"key":"SMITH"},{"floor":15,"key":"REST"},{"data":"Fission","floor":23,"key":"SMITH"},{"data":"Static Discharge","floor":25,"key":"SMITH"},{"data":"Conserve Battery","floor":27,"key":"SMITH"},{"data":"Steam","floor":30,"key":"SMITH"},{"floor":32,"key":"REST"},{"data":"Creative AI","floor":41,"key":"SMITH"},{"data":"Redo","floor":46,"key":"SMITH"},{"floor":49,"key":"REST"}],"neow_cost":"NONE","seed_source_timestamp":1302918289927379,"circlet_count":0,"master_deck":["Strike_B","Strike_B","Strike_B","Strike_B","Defend_B","Defend_B","Defend_B","Defend_B","Zap","Dualcast+1","Conserve Battery+1","Cold Snap","Sweeping Beam","Doom and Gloom","Electrodynamics+1","Sweeping Beam","BootSequence","Static Discharge+1","Fission+1","Melter","Static Discharge","Go for the Eyes+1","Cold Snap","Steam+1","Redo+1","Creative AI+1","Conserve Battery","Dark Shackles","Stack+1","Tempest+1","Injury","Skim+1","Regret"],"relics":["Cracked Core","Symbiotic Virus","Sundial","GremlinMask","Ornamental Fan","Nuclear Battery","Ancient Tea Set","Meat on the Bone","Bottled Tornado","Cursed Key","Torii","Question Card","Orichalcum","Matryoshka","Juzu Bracelet","Dodecahedron","Red Mask","Omamori","Pear"],"potions_floor_usage":[5,14,16,18,33,33,33,42,50],"damage_taken":[{"damage":7,"enemies":"Small Slimes","floor":1,"turns":4},{"damage":1,"enemies":"Jaw Worm","floor":3,"turns":3},{"damage":0,"enemies":"Cultist","floor":4,"turns":3},{"damage":2,"enemies":"Large Slime","floor":5,"turns":5},{"damage":8,"enemies":"Lagavulin","floor":6,"turns":6},{"damage":10,"enemies":"Lots of Slimes","floor":7,"turns":2},{"damage":2,"enemies":"2 Fungi Beasts","floor":11,"turns":3},{"damage":21,"enemies":"Exordium Thugs","floor":13,"turns":4},{"damage":7,"enemies":"Gremlin Nob","floor":14,"turns":4},{"damage":8,"enemies":"Slime Boss","floor":16,"turns":8},{"damage":2,"enemies":"Chosen","floor":18,"turns":5},{"damage":0,"enemies":"3 Byrds","floor":20,"turns":2},{"damage":11,"enemies":"Snecko","floor":22,"turns":4},{"damage":7,"enemies":"Snake Plant","floor":24,"turns":3},{"damage":15,"enemies":"Shelled Parasite and Fungi","floor":28,"turns":4},{"damage":14,"enemies":"Gremlin Leader","floor":31,"turns":5},{"damage":40,"enemies":"Champ","floor":33,"turns":12},{"damage":3,"enemies":"Orb Walker","floor":35,"turns":3},{"damage":11,"enemies":"Mind Bloom Boss Battle","floor":39,"turns":6},{"damage":38,"enemies":"Reptomancer","floor":42,"turns":3},{"damage":7,"enemies":"3 Shapes","floor":44,"turns":3},{"damage":93,"enemies":"Awakened One","floor":50,"turns":11}],"seed_played":"-3819467969045298417","potions_obtained":[{"floor":3,"key":"AttackPotion"},{"floor":7,"key":"Explosive Potion"},{"floor":11,"key":"SpeedPotion"},{"floor":16,"key":"SkillPotion"},{"floor":22,"key":"EssenceOfSteel"},{"floor":24,"key":"FocusPotion"},{"floor":31,"key":"PowerPotion"},{"floor":39,"key":"AttackPotion"},{"floor":44,"key":"SkillPotion"}],"is_trial":false,"path_per_floor":["M","?","M","M","M","E","M","R","T","R","M","?","M","E","R","B",null,"M","?","M","?","M","R","M","R","T","R","M","$","R","E","R","B",null,"M","?","?","?","?","$","R","E","T","M","?","R","T","$","R"],"character_chosen":"DEFECT","items_purchased":["Meat on the Bone","Question Card","Orichalcum"],"campfire_rested":3,"item_purchase_floors":[29,40,40],"current_hp_per_floor":[75,80,79,79,77,69,59,59,59,59,57,57,36,29,55,47,87,85,85,85,77,66,66,59,59,59,59,44,44,44,42,68,40,87,84,84,84,83,72,72,72,46,46,51,51,51,61,61,88,0],"gold":0,"neow_bonus":"TEN_PERCENT_HP_BONUS","is_prod":false,"is_daily":false,"chose_seed":false,"campfire_upgraded":8,"win_rate":0,"timestamp":1540521570,"path_taken":["M","?","M","M","M","E","?","R","T","R","M","?","M","E","R","BOSS","M","?","?","?","M","R","M","R","T","R","M","$","R","E","R","BOSS","M","?","?","?","?","$","R","E","T","M","?","R","?","?","R","BOSS"],"build_version":"2018-10-25","purchased_purges":0,"victory":false,"max_hp_per_floor":[82,87,87,87,87,87,87,87,87,87,87,87,87,87,87,87,87,87,87,87,87,87,87,87,87,87,87,87,87,87,87,87,87,87,87,87,87,83,83,83,83,83,83,83,83,83,93,93,93,93],"card_choices":[{"not_picked":["Go for the Eyes","Barrage"],"picked":"Conserve Battery","floor":1},{"not_picked":["Hologram","Compile Driver"],"picked":"Cold Snap","floor":3},{"not_picked":["Recycle","White Noise"],"picked":"Sweeping Beam","floor":4},{"not_picked":["Barrage","Chill"],"picked":"Doom and Gloom","floor":5},{"not_picked":["Static Discharge","Coolheaded"],"picked":"Electrodynamics","floor":6},{"not_picked":["Leap","Capacitor"],"picked":"Ball Lightning","floor":7},{"not_picked":["Beam Cell","Gash"],"picked":"Sweeping Beam","floor":11},{"not_picked":["Lockon","Cold Snap"],"picked":"BootSequence","floor":13},{"not_picked":["Gash","Go for the Eyes"],"picked":"Static Discharge","floor":14},{"not_picked":["Reboot","Multi-Cast"],"picked":"Fission","floor":16},{"not_picked":["Scrape","Fusion"],"picked":"Melter","floor":18},{"not_picked":["Hologram","Sweeping Beam"],"picked":"Static Discharge","floor":20},{"not_picked":["Streamline","Turbo"],"picked":"Go for the Eyes+1","floor":22},{"not_picked":["Aggregate","Beam Cell"],"picked":"Cold Snap","floor":24},{"not_picked":["Force Field","Streamline"],"picked":"Steam","floor":28},{"not_picked":["Coolheaded+1","Gash"],"picked":"Redo","floor":31},{"not_picked":["Reboot","Multi-Cast"],"picked":"Creative AI","floor":33},{"not_picked":["Redo","Barrage"],"picked":"Conserve Battery","floor":35},{"not_picked":["Jack Of All Trades","Discovery"],"picked":"Dark Shackles","floor":37},{"not_picked":["Rebound+1","Leap"],"picked":"Stack+1","floor":39},{"not_picked":["Streamline","Ball Lightning","Hologram"],"picked":"Tempest+1","floor":42},{"not_picked":["Chaos","Go for the Eyes+1","Blizzard"],"picked":"Skim+1","floor":44}],"player_experience":844803,"relics_obtained":[{"floor":6,"key":"Symbiotic Virus"},{"floor":9,"key":"Sundial"},{"floor":14,"key":"Ornamental Fan"},{"floor":26,"key":"Ancient Tea Set"},{"floor":31,"key":"Bottled Tornado"},{"floor":39,"key":"Torii"},{"floor":42,"key":"Matryoshka"},{"floor":43,"key":"Juzu Bracelet"},{"floor":43,"key":"Dodecahedron"},{"floor":47,"key":"Omamori"},{"floor":47,"key":"Pear"}],"event_choices":[{"damage_healed":0,"gold_gain":0,"player_choice":"Donut","damage_taken":0,"max_hp_gain":5,"max_hp_loss":0,"event_name":"Big Fish","floor":2,"gold_loss":0},{"damage_healed":0,"gold_gain":0,"player_choice":"Trade","damage_taken":0,"relics_obtained":["GremlinMask"],"max_hp_gain":0,"max_hp_loss":0,"event_name":"FaceTrader","floor":12,"gold_loss":0},{"damage_healed":0,"gold_gain":0,"player_choice":"Ignored","damage_taken":0,"max_hp_gain":0,"max_hp_loss":0,"event_name":"Vampires","floor":19,"gold_loss":0},{"damage_healed":0,"gold_gain":0,"player_choice":"","damage_taken":8,"max_hp_gain":0,"max_hp_loss":0,"event_name":"Knowing Skull","floor":21,"potions_obtained":[],"gold_loss":0,"cards_obtained":[]},{"cards_removed":["Ball Lightning"],"damage_healed":0,"gold_gain":0,"player_choice":"Removed Attack","damage_taken":0,"max_hp_gain":0,"max_hp_loss":0,"event_name":"Falling","floor":36,"gold_loss":0},{"damage_healed":0,"gold_gain":0,"player_choice":"Memory 1","damage_taken":0,"max_hp_gain":0,"max_hp_loss":0,"event_name":"SensoryStone","floor":37,"gold_loss":0},{"damage_healed":0,"gold_gain":0,"player_choice":"Max HP","damage_taken":0,"max_hp_gain":0,"max_hp_loss":4,"event_name":"Winding Halls","floor":38,"gold_loss":0},{"damage_healed":0,"gold_gain":0,"player_choice":"Fight","damage_taken":0,"max_hp_gain":0,"max_hp_loss":0,"event_name":"MindBloom","floor":39,"gold_loss":0},{"damage_healed":0,"gold_gain":0,"player_choice":"Paid","damage_taken":0,"relics_obtained":["Red Mask"],"max_hp_gain":0,"max_hp_loss":0,"event_name":"Tomb of Lord Red Mask","floor":45,"gold_loss":183}],"is_beta":false,"boss_relics":[{"not_picked":["Runic Pyramid","Pandora\u0027s Box"],"picked":"Nuclear Battery"},{"not_picked":["Snecko Eye","Eternal Feather"],"picked":"Cursed Key"}],"items_purged_floors":[],"is_endless":false,"potions_floor_spawned":[3,7,11,16,22,24,31,39,44],"killed_by":"Awakened One","ascension_level":0}