{"gold_per_floor":[114,127,144,144,144,144,160,160,160,183,206,108,108,149,149,270,270,294,310,334,21,21,50,50,50,50,50,76,27,27,39,39,137,137,149,149,164,164,65,95,95,107,107,7,17,17,37,53,53,53],"floor_reached":51,"playtime":1234,"items_purged":["Injury","Regret"],"score":942,"play_id":"8c6d3438-22c5-47e1-a442-18825ac90605","local_time":"20190202095037","is_ascension_mode":false,"campfire_choices":[{"data":"Body Slam","floor":6.0,"key":"SMITH"},{"data":"Perfected Strike","floor":13.0,"key":"SMITH"},{"floor":15.0,"key":"REST"},{"floor":24.0,"key":"REST"},{"data":"Perfected Strike","floor":27.0,"key":"SMITH"},{"data":"True Grit","floor":32.0,"key":"SMITH"},{"data":"Armaments","floor":41.0,"key":"SMITH"},{"data":"Perfected Strike","floor":49.0,"key":"SMITH"}],"neow_cost":"PERCENT_DAMAGE","seed_source_timestamp":336113675058960,"circlet_count":0,"master_deck":["Strike_R","Strike_R","Strike_R","Strike_R","Strike_R","Defend_R+1","Defend_R+1","Defend_R","Bash","Iron Wave","Wild Strike","Body Slam+1","Perfected Strike+1","Thunderclap","Perfected Strike+1","Cleave","Wild Strike","Heavy Blade","Twin Strike","Perfected Strike+1","Cleave","Wild Strike+1","Necronomicurse","Writhe","True Grit+1","Perfected Strike+1","Pommel Strike+1","Armaments+1","Twin Strike+1","Twin Strike+1","Shrug It Off","Perfected Strike+1","Twin Strike+1"],"special_seed":0,"relics":["Burning Blood","Bloody Idol","Sundial","Shuriken","Juzu Bracelet","Cursed Key","Paper Frog","Molten Egg 2","Necronomicon","Matryoshka","Mummified Hand","Lizard Tail","Darkstone Periapt","War Paint","Kunai"],"potions_floor_usage":[50,50,50],"damage_taken":[{"damage":1.0,"enemies":"Cultist","floor":1.0,"turns":4.0},{"damage":2.0,"enemies":"2 Louse","floor":2.0,"turns":3.0},{"damage":0.0,"enemies":"Small Slimes","floor":3.0,"turns":2.0},{"damage":18.0,"enemies":"Exordium Wildlife","floor":7.0,"turns":4.0},{"damage":16.0,"enemies":"Large Slime","floor":10.0,"turns":6.0},{"damage":0.0,"enemies":"Looter","floor":11.0,"turns":3.0},{"damage":15.0,"enemies":"3 Sentries","floor":14.0,"turns":6.0},{"damage":59.0,"enemies":"The Guardian","floor":16.0,"turns":10.0},{"damage":10.0,"enemies":"Spheric Guardian","floor":18.0,"turns":3.0},{"damage":12.0,"enemies":"Shell Parasite","floor":19.0,"turns":3.0},{"damage":20.0,"enemies":"Chosen and Byrds","floor":20.0,"turns":4.0},{"damage":35.0,"enemies":"Slavers","floor":23.0,"turns":4.0},{"damage":2.0,"enemies":"Book of Stabbing","floor":28.0,"turns":2.0},{"damage":6.0,"enemies":"3 Cultists","floor":31.0,"turns":3.0},{"damage":0.0,"enemies":"Collector","floor":33.0,"turns":2.0},{"damage":9.0,"enemies":"3 Darklings","floor":35.0,"turns":4.0},{"damage":10.0,"enemies":"Orb Walker","floor":37.0,"turns":2.0},{"damage":0.0,"enemies":"Nemesis","floor":40.0,"turns":1.0},{"damage":0.0,"enemies":"Maw","floor":42.0,"turns":4.0},{"damage":10.0,"enemies":"Spire Growth","floor":45.0,"turns":2.0},{"damage":1.0,"enemies":"3 Darklings","floor":47.0,"turns":5.0},{"damage":0.0,"enemies":"Writhing Mass","floor":48.0,"turns":1.0},{"damage":94,"enemies":"Awakened One","floor":50,"turns":8}],"seed_played":"830675961143195165","potions_obtained":[{"floor":1.0,"key":"PowerPotion"},{"floor":10.0,"key":"EssenceOfSteel"},{"floor":23.0,"key":"SmokeBomb"},{"floor":28.0,"key":"Dexterity Potion"},{"floor":33.0,"key":"EssenceOfSteel"},{"floor":35.0,"key":"Poison Potion"},{"floor":48.0,"key":"Energy Potion"}],"is_trial":false,"path_per_floor":["M","M","M","?","?","R","M","?","T","M","M","$","R","E","R","B",null,"M","M","M","$","?","E","R","?","T","R","E","$","?","M","R","B",null,"M","?","M","?","$","E","R","M","T","$","M","?","M","M","R","B",null],"character_chosen":"IRONCLAD","items_purchased":["Cleave","Cleave","Paper Frog","True Grit","Twin Strike+1","Shrug It Off"],"campfire_rested":2,"item_purchase_floors":[12,21,21,29,39,39],"current_hp_per_floor":[77,81,87,87,87,87,75,68,68,58,64,64,64,55,83,30,96,92,86,72,72,72,48,76,60,60,60,69,69,69,74,74,85,96,96,96,96,91,91,91,91,91,97,97,97,97,97,97,97,9],"gold":53,"neow_bonus":"TWENTY_PERCENT_HP_BONUS","is_prod":false,"is_daily":false,"chose_seed":false,"campfire_upgraded":6,"win_rate":0,"timestamp":1549126237,"path_taken":["M","M","M","?","?","R","M","?","T","M","M","$","R","E","R","BOSS","M","M","M","$","?","E","R","?","T","R","E","?","?","M","R","BOSS","M","?","M","?","$","E","R","M","T","?","M","?","M","M","R","BOSS"],"build_version":"2019-01-23","purchased_purges":2,"victory":true,"max_hp_per_floor":[96,96,96,96,96,96,96,96,96,96,96,96,96,96,96,96,96,96,96,96,96,96,96,96,96,96,96,96,96,96,96,96,96,96,96,96,96,91,91,91,91,91,97,97,97,97,97,97,97,97],"card_choices":[{"not_picked":["Hemokinesis","Clash"],"picked":"Iron Wave","floor":1.0},{"not_picked":["Havoc","Sentinel"],"picked":"Wild Strike","floor":2.0},{"not_picked":["Clothesline","Intimidate"],"picked":"Body Slam","floor":3.0},{"not_picked":["Sword Boomerang","Heavy Blade"],"picked":"Perfected Strike","floor":7.0},{"not_picked":["Shockwave","Carnage"],"picked":"Thunderclap","floor":10.0},{"not_picked":["Armaments","Sword Boomerang"],"picked":"Perfected Strike","floor":11.0},{"not_picked":["Second Wind","Clothesline"],"picked":"Wild Strike","floor":14.0},{"not_picked":["Rupture+1","Cleave"],"picked":"Heavy Blade","floor":18.0},{"not_picked":["Pummel+1","Clash+1"],"picked":"Twin Strike","floor":19.0},{"not_picked":["Havoc","Clothesline"],"picked":"Perfected Strike","floor":20.0},{"not_picked":["Headbutt","Flex"],"picked":"Wild Strike","floor":23.0},{"not_picked":["Barricade","Whirlwind+1","Headbutt+1"],"picked":"SKIP","floor":28.0},{"not_picked":["Wild Strike+1","Havoc"],"picked":"Pommel Strike+1","floor":31.0},{"not_picked":["Uppercut+1","Flex"],"picked":"Armaments","floor":35.0},{"not_picked":["Iron Wave+1","Havoc"],"picked":"Twin Strike+1","floor":37.0},{"not_picked":["Anger+1","Double Tap","Entrench+1"],"picked":"SKIP","floor":40.0},{"not_picked":["Uppercut+1","Disarm+1"],"picked":"Perfected Strike+1","floor":42.0},{"not_picked":["Metallicize+1","Headbutt+1","Disarm"],"picked":"SKIP","floor":45.0},{"not_picked":["Wild Strike+1","Armaments"],"picked":"Twin Strike+1","floor":47.0},{"not_picked":["Entrench","Pummel+1","Reaper+1"],"picked":"SKIP","floor":48.0}],"player_experience":1370331,"relics_obtained":[{"floor":9.0,"key":"Shuriken"},{"floor":14.0,"key":"Juzu Bracelet"},{"floor":23.0,"key":"Molten Egg 2"},{"floor":25.0,"key":"Necronomicon"},{"floor":26.0,"key":"Matryoshka"},{"floor":28.0,"key":"Mummified Hand"},{"floor":40.0,"key":"Darkstone Periapt"},{"floor":43.0,"key":"War Paint"},{"floor":43.0,"key":"Kunai"}],"event_choices":[{"damage_healed":0.0,"max_hp_gain":0.0,"max_hp_loss":0.0,"gold_gain":0.0,"event_name":"Golden Idol","player_choice":"Take Wound","floor":4.0,"gold_loss":0.0,"damage_taken":0.0,"relics_obtained":["Golden Idol"],"cards_obtained":["Injury"]},{"damage_healed":0.0,"max_hp_gain":0.0,"max_hp_loss":0.0,"gold_gain":0.0,"event_name":"Big Fish","player_choice":"Box","floor":5.0,"gold_loss":0.0,"damage_taken":0.0,"relics_obtained":["Sundial"],"cards_obtained":["Regret"]},{"cards_removed":["Regret"],"damage_healed":0.0,"max_hp_gain":0.0,"max_hp_loss":0.0,"gold_gain":0.0,"event_name":"Golden Wing","player_choice":"Card Removal","floor":8.0,"gold_loss":0.0,"damage_taken":7.0},{"damage_healed":0.0,"max_hp_gain":0.0,"max_hp_loss":0.0,"gold_gain":0.0,"event_name":"Forgotten Altar","player_choice":"Gave Idol","floor":22.0,"relics_lost":["Golden Idol"],"gold_loss":0.0,"damage_taken":0.0,"relics_obtained":["Bloody Idol"]},{"damage_healed":0.0,"max_hp_gain":0.0,"max_hp_loss":0.0,"gold_gain":0.0,"event_name":"Cursed Tome","player_choice":"Obtained Book","floor":25.0,"gold_loss":0.0,"damage_taken":16.0},{"damage_healed":0.0,"max_hp_gain":0.0,"max_hp_loss":0.0,"gold_gain":0.0,"event_name":"The Library","player_choice":"Read","floor":30.0,"gold_loss":0.0,"damage_taken":0.0,"cards_obtained":["Perfected Strike"]},{"damage_healed":0.0,"max_hp_gain":0.0,"max_hp_loss":0.0,"gold_gain":0.0,"event_name":"SensoryStone","player_choice":"Memory 1","floor":36.0,"gold_loss":0.0,"damage_taken":0.0},{"damage_healed":0.0,"max_hp_gain":0.0,"max_hp_loss":5.0,"gold_gain":0.0,"event_name":"Winding Halls","player_choice":"Max HP","floor":38.0,"gold_loss":0.0,"damage_taken":0.0},{"cards_removed":["Defend_R"],"damage_healed":0.0,"max_hp_gain":0.0,"max_hp_loss":0.0,"gold_gain":0.0,"event_name":"Falling","player_choice":"Removed Skill","floor":46.0,"gold_loss":0.0,"damage_taken":0.0}],"is_beta":false,"boss_relics":[{"not_picked":["Philosopher\u0027s Stone","Busted Crown"],"picked":"Cursed Key"},{"not_picked":["Pandora\u0027s Box","Runic Pyramid"],"picked":"Lizard Tail"}],"items_purged_floors":[12,44],"is_endless":false,"potions_floor_spawned":[1,10,23,28,33,35,48],"ascension_level":0}