{"gold_per_floor":[115,215,233,49,63,63,89,89,161,179,193,193,25,40,40,143,143,143,53,2,2,2,2,2,2,2,2,2,2,2,2,2,2,2,2,0,0,0,0,0,0,0,0,0,0,0,0],"floor_reached":47,"playtime":4102,"items_purged":["Strike_G","Strike_G"],"score":580,"play_id":"26a6422f-81fa-4247-80e5-abbcb3b445c4","local_time":"20190409081215","is_ascension_mode":true,"campfire_choices":[{"data":"Noxious Fumes","floor":6.0,"key":"SMITH"},{"data":"Setup","floor":12.0,"key":"SMITH"},{"data":"Catalyst","floor":15.0,"key":"SMITH"},{"data":"Catalyst","floor":25,"key":"SMITH"},{"data":"Bouncing Flask","floor":28,"key":"SMITH"},{"floor":32,"key":"REST"},{"floor":40,"key":"REST"},{"floor":44,"key":"REST"}],"neow_cost":"NONE","seed_source_timestamp":0,"circlet_count":0,"master_deck":["Defend_G+1","Defend_G","Defend_G+1","Defend_G","Defend_G","Survivor","Neutralize+1","Setup+1","Dagger Spray","Noxious Fumes+1","Catalyst+1","Bouncing Flask+1","Flechettes","Dash","Corpse Explosion","Dash+1","Catalyst+1","RitualDagger","Noxious Fumes","Corpse Explosion","Escape Plan","Blur","Thinking Ahead+1","Backflip","Backflip","PiercingWail","Prepared"],"special_seed":0,"relics":["Ring of the Snake","Potion Belt","Paper Crane","Ectoplasm","Omamori","Empty Cage","Red Mask","War Paint"],"potions_floor_usage":[22,22,23,33,35,42],"damage_taken":[{"damage":2.0,"enemies":"Small Slimes","floor":1.0,"turns":4.0},{"damage":0.0,"enemies":"Cultist","floor":3.0,"turns":4.0},{"damage":3.0,"enemies":"2 Louse","floor":5.0,"turns":3.0},{"damage":9.0,"enemies":"Lagavulin","floor":7.0,"turns":9.0},{"damage":1.0,"enemies":"Looter","floor":10.0,"turns":4.0},{"damage":12.0,"enemies":"Exordium Thugs","floor":11.0,"turns":5.0},{"damage":6.0,"enemies":"Red Slaver","floor":14.0,"turns":3.0},{"damage":36.0,"enemies":"Slime Boss","floor":16.0,"turns":10.0},{"damage":6,"enemies":"Spheric Guardian","floor":18,"turns":4},{"damage":6,"enemies":"Shell Parasite","floor":21,"turns":5},{"damage":0,"enemies":"Colosseum Slavers","floor":22,"turns":2},{"damage":0,"enemies":"Slavers","floor":23,"turns":1},{"damage":13,"enemies":"Snecko","floor":24,"turns":3},{"damage":37,"enemies":"Cultist and Chosen","floor":30,"turns":7},{"damage":0,"enemies":"Sentry and Sphere","floor":31,"turns":2},{"damage":12,"enemies":"Collector","floor":33,"turns":4},{"damage":24,"enemies":"3 Darklings","floor":35,"turns":2},{"damage":4,"enemies":"3 Shapes","floor":37,"turns":3},{"damage":0,"enemies":"Maw","floor":39,"turns":6},{"damage":7,"enemies":"Spire Growth","floor":41,"turns":4},{"damage":28,"enemies":"Nemesis","floor":42,"turns":7},{"damage":28,"enemies":"Jaw Worm Horde","floor":45,"turns":3},{"damage":0,"enemies":"Maw","floor":46,"turns":4},{"damage":29,"enemies":"Spire Growth","floor":47,"turns":4}],"seed_played":"-7557203264512416192","potions_obtained":[{"floor":1.0,"key":"PowerPotion"},{"floor":3.0,"key":"Regen Potion"},{"floor":11.0,"key":"Weak Potion"},{"floor":14.0,"key":"Regen Potion"},{"floor":16.0,"key":"SmokeBomb"},{"floor":21,"key":"Weak Potion"},{"floor":31,"key":"Strength Potion"},{"floor":33,"key":"Swift Potion"},{"floor":39,"key":"GamblersBrew"},{"floor":46,"key":"Ancient Potion"}],"is_trial":false,"path_per_floor":["M","?","M","$","M","R","E","?","T","M","M","R","$","M","R","B",null,"M","?","$","M","?","E","M","R","T","?","R","?","M","M","R","B",null,"M","?","M","?","M","R","M","E","T","R","M","M","M"],"character_chosen":"THE_SILENT","items_purchased":["Noxious Fumes","Catalyst","Flechettes","Poison Potion"],"campfire_rested":3,"item_purchase_floors":[4,4,13,20],"current_hp_per_floor":[68,68,68,68,65,65,70,70,70,69,57,57,57,51,51,24,70,64,64,64,58,58,58,45,45,45,45,45,39,2,2,23,11,70,46,46,42,42,42,63,56,28,28,49,21,21,0],"gold":0,"neow_bonus":"UPGRADE_CARD","is_prod":false,"is_daily":false,"chose_seed":false,"campfire_upgraded":5,"win_rate":0,"timestamp":1554811935,"path_taken":["M","?","M","$","?","R","E","?","T","M","M","R","$","M","R","BOSS","M","?","?","?","?","E","M","R","T","?","R","?","?","M","R","BOSS","M","?","M","?","M","R","M","E","T","R","M","M","M"],"build_version":"2019-01-23","purchased_purges":2,"victory":false,"max_hp_per_floor":[70,70,70,70,70,70,70,70,70,70,70,70,70,70,70,70,70,70,70,70,70,70,70,70,70,70,70,70,70,70,70,70,70,70,70,70,70,70,70,70,70,70,70,70,70,70,70],"card_choices":[{"not_picked":["Backstab","Deflect"],"picked":"Setup","floor":1.0},{"not_picked":["Quick Slash","Dagger Throw"],"picked":"Dagger Spray","floor":3.0},{"not_picked":["Prepared","Acrobatics","Dodge and Roll"],"picked":"SKIP","floor":5.0},{"not_picked":["Doppelganger","Eviscerate","Dodge and Roll"],"picked":"SKIP","floor":7.0},{"not_picked":["Blade Dance","Quick Slash"],"picked":"Bouncing Flask","floor":10.0},{"not_picked":["Accuracy","Quick Slash","Riddle With Holes"],"picked":"SKIP","floor":11.0},{"not_picked":["Underhanded Strike","Sucker Punch"],"picked":"Dash","floor":14.0},{"not_picked":["Unload","Die Die Die"],"picked":"Corpse Explosion","floor":16.0},{"not_picked":["Slice","Outmaneuver"],"picked":"Dash+1","floor":18},{"not_picked":["Choke","Expertise","Acrobatics+1"],"picked":"SKIP","floor":21},{"not_picked":["Acrobatics+1","Blade Dance+1"],"picked":"Catalyst","floor":24},{"not_picked":["Sucker Punch","Flying Knee","Outmaneuver"],"picked":"SKIP","floor":30},{"not_picked":["Bane","Expertise"],"picked":"Noxious Fumes","floor":31},{"not_picked":["A Thousand Cuts","Venomology"],"picked":"Corpse Explosion","floor":33},{"not_picked":["Heel Hook+1","Quick Slash+1"],"picked":"Escape Plan","floor":35},{"not_picked":["Heel Hook+1","Well Laid Plans"],"picked":"Blur","floor":37},{"not_picked":["Discovery","Transmutation"],"picked":"Thinking Ahead","floor":38},{"not_picked":["Skewer","Dodge and Roll"],"picked":"Backflip","floor":39},{"not_picked":["Bouncing Flask","Quick Slash+1"],"picked":"Backflip","floor":41},{"not_picked":["Dagger Throw+1","Terror+1"],"picked":"PiercingWail","floor":42},{"not_picked":["Underhanded Strike+1","Tactician+1"],"picked":"Prepared","floor":45},{"not_picked":["Dagger Spray+1","Accuracy","Deadly Poison+1"],"picked":"SKIP","floor":46}],"player_experience":279996,"relics_obtained":[{"floor":7.0,"key":"Potion Belt"},{"floor":9.0,"key":"Paper Crane"},{"floor":26,"key":"Omamori"},{"floor":42,"key":"War Paint"}],"event_choices":[{"damage_healed":0.0,"max_hp_gain":0.0,"max_hp_loss":0.0,"gold_gain":100.0,"event_name":"Golden Shrine","player_choice":"Pray","floor":2.0,"gold_loss":0.0,"damage_taken":0.0},{"damage_healed":0.0,"max_hp_gain":0.0,"max_hp_loss":0.0,"gold_gain":0.0,"event_name":"Liars Game","player_choice":"Ignored","floor":8.0,"gold_loss":0.0,"damage_taken":0.0},{"cards_removed":["Strike_G"],"damage_healed":0,"gold_gain":0,"player_choice":"Upgrade and Remove","damage_taken":0,"max_hp_gain":0,"max_hp_loss":0,"event_name":"Designer","floor":19,"gold_loss":90,"cards_upgraded":["Defend_G"]},{"damage_healed":0,"gold_gain":0,"player_choice":"Fight","damage_taken":0,"max_hp_gain":0,"max_hp_loss":0,"event_name":"Colosseum","floor":22,"gold_loss":0},{"damage_healed":0,"gold_gain":0,"player_choice":"Fled From Nobs","damage_taken":0,"max_hp_gain":0,"max_hp_loss":0,"event_name":"Colosseum","floor":22,"gold_loss":0},{"damage_healed":0,"gold_gain":0,"player_choice":"Ignored","damage_taken":0,"max_hp_gain":0,"max_hp_loss":0,"event_name":"Vampires","floor":27,"gold_loss":0},{"damage_healed":0,"gold_gain":0,"player_choice":"Joined the Cult","damage_taken":6,"max_hp_gain":0,"max_hp_loss":0,"event_name":"Nest","floor":29,"gold_loss":0,"cards_obtained":["RitualDagger"]},{"damage_healed":0,"gold_gain":0,"player_choice":"Paid","damage_taken":0,"relics_obtained":["Red Mask"],"max_hp_gain":0,"max_hp_loss":0,"event_name":"Tomb of Lord Red Mask","floor":36,"gold_loss":2},{"damage_healed":0,"gold_gain":0,"player_choice":"Memory 1","damage_taken":0,"max_hp_gain":0,"max_hp_loss":0,"event_name":"SensoryStone","floor":38,"gold_loss":0}],"is_beta":false,"boss_relics":[{"not_picked":["Fusion Hammer","Runic Pyramid"],"picked":"Ectoplasm"},{"not_picked":["Ring of the Serpent","Black Star"],"picked":"Empty Cage"}],"items_purged_floors":[4,13],"is_endless":false,"potions_floor_spawned":[1,3,11,14,16,21,23,31,33,39,46],"killed_by":"Spire Growth","ascension_level":3}