{"gold_per_floor":[115,75,90,108,108,140,140,159,209,209,28,43,53,87,87,187,187,199,298,313,327,356,383,399,324,324,338,357,392,404,504,504,605,605,618,618,618,119,139,139,169,179,179,179,198,223,223,237,237,237],"floor_reached":51,"playtime":2629,"items_purged":[],"score":1354,"play_id":"6e0adc6e-6ad9-47db-8de8-1e07ed52d9c5","local_time":"20181016132909","is_ascension_mode":true,"campfire_choices":[{"data":"Tactician","floor":7.0,"key":"SMITH"},{"data":"Endless Agony","floor":15.0,"key":"SMITH"},{"data":"Adrenaline","floor":32.0,"key":"SMITH"},{"data":"Adrenaline","floor":40,"key":"SMITH"},{"data":"Phantasmal Killer","floor":44,"key":"SMITH"},{"floor":47,"key":"DIG"},{"floor":49,"key":"DIG"}],"neow_cost":"PERCENT_DAMAGE","seed_source_timestamp":0,"circlet_count":0,"master_deck":["Defend_G","Defend_G","Defend_G","Strike_G","Strike_G","Strike_G","Strike_G","Survivor","Neutralize","AscendersBane","Tools of the Trade","Adrenaline+1","Distraction+1","Acrobatics","Endless Agony+1","Tactician+1","Escape Plan","Escape Plan","Endless Agony","Expertise","Adrenaline+1","Escape Plan+1","Dodge and Roll","Backflip","Finisher","Backflip","Escape Plan","Choke","Tactician","Masterful Stab+1","Prepared","Masterful Stab","Acrobatics+1","Acrobatics","Footwork+1","Expertise","After Image","Tactician","Concentrate","After Image","Panache","Terror+1","Phantasmal Killer+1","Reflex","Choke+1","Caltrops+1"],"special_seed":0,"relics":["Ring of the Snake","Letter Opener","Bronze Scales","PreservedInsect","Pen Nib","Bag of Marbles","Orrery","Red Mask","War Paint","Gremlin Horn","Sundial","Dead Branch","Kunai","Lizard Tail","Bird Faced Urn","DollysMirror","Darkstone Periapt","Pantograph","Shovel","Meat on the Bone","Happy Flower"],"potions_floor_usage":[48,50],"damage_taken":[{"damage":0.0,"enemies":"2 Louse","floor":1.0,"turns":3.0},{"damage":0.0,"enemies":"Cultist","floor":3.0,"turns":4.0},{"damage":2.0,"enemies":"Jaw Worm","floor":4.0,"turns":5.0},{"damage":11.0,"enemies":"Lagavulin","floor":6.0,"turns":6.0},{"damage":3.0,"enemies":"Lots of Slimes","floor":8.0,"turns":2.0},{"damage":6.0,"enemies":"Looter","floor":12.0,"turns":3.0},{"damage":0.0,"enemies":"Exordium Thugs","floor":13.0,"turns":3.0},{"damage":0.0,"enemies":"Gremlin Nob","floor":14.0,"turns":2.0},{"damage":26.0,"enemies":"Hexaghost","floor":16.0,"turns":9.0},{"damage":0.0,"enemies":"Shell Parasite","floor":18.0,"turns":1.0},{"damage":0.0,"enemies":"Chosen","floor":20.0,"turns":2.0},{"damage":0.0,"enemies":"Shelled Parasite and Fungi","floor":21.0,"turns":2.0},{"damage":0.0,"enemies":"Masked Bandits","floor":22.0,"turns":2.0},{"damage":0.0,"enemies":"Gremlin Leader","floor":23.0,"turns":1.0},{"damage":2.0,"enemies":"Snake Plant","floor":24.0,"turns":2.0},{"damage":0.0,"enemies":"Sentry and Sphere","floor":27.0,"turns":3.0},{"damage":2.0,"enemies":"Centurion and Healer","floor":28.0,"turns":3.0},{"damage":0.0,"enemies":"Slavers","floor":29.0,"turns":1.0},{"damage":0.0,"enemies":"Snake Plant","floor":30.0,"turns":2.0},{"damage":14.0,"enemies":"Colosseum Slavers","floor":31.0,"turns":3.0},{"damage":0.0,"enemies":"Colosseum Nobs","floor":31.0,"turns":1.0},{"damage":18.0,"enemies":"Collector","floor":33.0,"turns":8.0},{"damage":17,"enemies":"3 Darklings","floor":35,"turns":4},{"damage":0,"enemies":"Mind Bloom Boss Battle","floor":37,"turns":1},{"damage":0,"enemies":"Orb Walker","floor":39,"turns":2},{"damage":0,"enemies":"Nemesis","floor":41,"turns":5},{"damage":5,"enemies":"4 Shapes","floor":42,"turns":1},{"damage":1,"enemies":"Sphere and 2 Shapes","floor":45,"turns":1},{"damage":15,"enemies":"2 Orb Walkers","floor":46,"turns":2},{"damage":21,"enemies":"Maw","floor":48,"turns":5},{"damage":112,"enemies":"Time Eater","floor":50,"turns":12}],"seed_played":"529029443393031670","potions_obtained":[{"floor":2.0,"key":"Fruit Juice"},{"floor":2.0,"key":"Swift Potion"},{"floor":2.0,"key":"SmokeBomb"},{"floor":3.0,"key":"Strength Potion"},{"floor":4.0,"key":"FearPotion"},{"floor":8.0,"key":"FearPotion"},{"floor":16.0,"key":"AttackPotion"},{"floor":20.0,"key":"Ancient Potion"},{"floor":22.0,"key":"PowerPotion"},{"floor":23.0,"key":"AttackPotion"},{"floor":24.0,"key":"AttackPotion"},{"floor":28.0,"key":"SkillPotion"},{"floor":33.0,"key":"AttackPotion"},{"floor":37,"key":"Fire Potion"}],"is_trial":false,"path_per_floor":["M","?","M","M","?","E","R","M","T","?","$","M","M","E","R","B",null,"M","?","M","M","?","E","M","?","T","M","M","E","M","?","R","B",null,"M","?","?","$","M","R","E","M","T","R","M","E","R","M","R","B"],"character_chosen":"THE_SILENT","items_purchased":["Escape Plan","Pen Nib","Concentrate","DollysMirror","Panache","AttackPotion"],"campfire_rested":0,"item_purchase_floors":[11,11,38,38,38,38],"current_hp_per_floor":[45,50,50,48,36,25,25,22,22,47,47,41,41,41,41,15,60,60,60,60,60,60,60,58,58,58,58,56,56,56,42,42,24,62,45,45,45,45,49,49,57,54,54,54,59,50,50,45,45,22],"gold":237,"neow_bonus":"TRANSFORM_TWO_CARDS","is_prod":false,"is_daily":false,"chose_seed":false,"campfire_upgraded":5,"win_rate":0,"timestamp":1539710949,"path_taken":["M","?","?","M","?","E","R","M","T","?","?","M","M","E","R","BOSS","M","?","M","?","?","E","M","?","T","M","M","E","?","?","R","BOSS","M","?","?","?","M","R","E","M","T","R","M","E","R","M","R","BOSS"],"build_version":"2018-10-15v2","purchased_purges":0,"victory":true,"max_hp_per_floor":[70,75,75,75,75,75,75,75,75,75,75,75,75,75,75,75,75,75,75,75,75,75,75,75,75,75,75,75,75,75,75,75,75,75,75,71,71,71,71,71,71,71,71,71,71,71,71,71,71,71],"card_choices":[{"not_picked":["Outmaneuver","Backflip"],"picked":"Distraction","floor":1.0},{"not_picked":["Flying Knee","Bouncing Flask"],"picked":"Acrobatics","floor":3.0},{"not_picked":["Acrobatics","Dodge and Roll"],"picked":"Endless Agony","floor":4.0},{"not_picked":["PiercingWail","Quick Slash"],"picked":"Tactician","floor":6.0},{"not_picked":["Cloak And Dagger","Leg Sweep"],"picked":"Escape Plan","floor":8.0},{"not_picked":["Deadly Poison","Footwork"],"picked":"Endless Agony","floor":12.0},{"not_picked":["Sucker Punch","Outmaneuver","Flechettes"],"picked":"SKIP","floor":13.0},{"not_picked":["Phantasmal Killer","Flechettes"],"picked":"Expertise","floor":14.0},{"not_picked":["Bullet Time","A Thousand Cuts"],"picked":"Adrenaline","floor":16.0},{"not_picked":["Outmaneuver","Dagger Spray"],"picked":"Escape Plan","floor":17.0},{"not_picked":["Deadly Poison","Catalyst"],"picked":"Dodge and Roll","floor":17.0},{"not_picked":["Dagger Spray","Eviscerate"],"picked":"Backflip","floor":17.0},{"not_picked":["Accuracy","Dodge and Roll"],"picked":"Finisher","floor":17.0},{"not_picked":["Heel Hook","Dodge and Roll"],"picked":"Backflip","floor":17.0},{"not_picked":["Dagger Spray","PiercingWail"],"picked":"Escape Plan","floor":18.0},{"not_picked":["Unload","Slice+1"],"picked":"Choke","floor":20.0},{"not_picked":["Reflex","Accuracy"],"picked":"Tactician","floor":21.0},{"not_picked":["Underhanded Strike+1","Leg Sweep"],"picked":"Masterful Stab+1","floor":22.0},{"not_picked":["Flechettes+1","Footwork+1"],"picked":"Prepared","floor":23.0},{"not_picked":["Slice","Backflip"],"picked":"Masterful Stab","floor":24.0},{"not_picked":["Deadly Poison","Crippling Poison","Predator+1"],"picked":"SKIP","floor":27.0},{"not_picked":["Well Laid Plans","Leg Sweep"],"picked":"Acrobatics+1","floor":28.0},{"not_picked":["Dash+1","Glass Knife"],"picked":"Acrobatics","floor":29.0},{"not_picked":["Well Laid Plans","PiercingWail"],"picked":"Footwork+1","floor":30.0},{"not_picked":["Well Laid Plans","Dagger Spray"],"picked":"Expertise","floor":31.0},{"not_picked":["Burst","Bullet Time"],"picked":"After Image","floor":33.0},{"not_picked":["Finisher+1","Dagger Spray+1"],"picked":"Tactician","floor":35},{"not_picked":["Quick Slash+1","Dagger Spray"],"picked":"Terror+1","floor":39},{"not_picked":["Acrobatics","Deadly Poison"],"picked":"Phantasmal Killer","floor":41},{"not_picked":["Bane+1","Crippling Poison+1","Heel Hook"],"picked":"SKIP","floor":42},{"not_picked":["Acrobatics","Dash+1"],"picked":"Reflex","floor":45},{"not_picked":["Leg Sweep","Endless Agony+1"],"picked":"Choke+1","floor":46},{"not_picked":["Slice+1","Blade Dance"],"picked":"Caltrops+1","floor":48}],"player_experience":349288,"relics_obtained":[{"floor":6.0,"key":"Bronze Scales"},{"floor":9.0,"key":"PreservedInsect"},{"floor":14.0,"key":"Bag of Marbles"},{"floor":22.0,"key":"Red Mask"},{"floor":23.0,"key":"War Paint"},{"floor":26.0,"key":"Gremlin Horn"},{"floor":29.0,"key":"Sundial"},{"floor":31.0,"key":"Dead Branch"},{"floor":31.0,"key":"Kunai"},{"floor":37,"key":"Bird Faced Urn"},{"floor":41,"key":"Darkstone Periapt"},{"floor":43,"key":"Pantograph"},{"floor":46,"key":"Shovel"},{"floor":47,"key":"Meat on the Bone"},{"floor":49,"key":"Happy Flower"}],"event_choices":[{"event_name":"The Woman in Blue","player_choice":"Bought 3 Potions","floor":2.0,"damage_taken":0.0},{"event_name":"Scrap Ooze","player_choice":"success","floor":5.0,"damage_taken":12.0},{"event_name":"Big Fish","player_choice":"Banana","floor":10.0,"damage_taken":0.0},{"event_name":"Nest","player_choice":"Stole From Cult","floor":19.0,"damage_taken":0.0},{"event_name":"Masked Bandits","player_choice":"Fought Bandits","floor":22.0,"damage_taken":0.0},{"event_name":"Beggar","player_choice":"Gave Gold","floor":25.0,"damage_taken":0.0},{"event_name":"Colosseum","player_choice":"Fight","floor":31.0,"damage_taken":0.0},{"event_name":"Colosseum","player_choice":"Fought Nobs","floor":31.0,"damage_taken":0.0},{"event_name":"Winding Halls","player_choice":"Max HP","floor":36,"damage_taken":0},{"event_name":"MindBloom","player_choice":"Fight","floor":37,"damage_taken":0}],"is_beta":true,"boss_relics":[{"not_picked":["Velvet Choker","Fusion Hammer"],"picked":"Orrery"},{"not_picked":["Pandora\u0027s Box","Empty Cage"],"picked":"Lizard Tail"}],"items_purged_floors":[],"is_endless":false,"potions_floor_spawned":[3,4,8,16,20,22,23,24,28,29,33,37,45],"ascension_level":10}