{"gold_per_floor":[113,127,141,153,169,169,196,259,313,323,349,369,400,29,29,129,129,142,159,173,272,272],"floor_reached":22,"playtime":11811,"items_purged":[],"score":242,"play_id":"8bfd54a4-606f-4d0a-af98-72672b3c1e8d","local_time":"20190131181131","is_ascension_mode":true,"campfire_choices":[{"data":"Metallicize","floor":6,"key":"SMITH"},{"floor":15,"key":"REST"}],"neow_cost":"NONE","seed_source_timestamp":71082884744474,"circlet_count":0,"master_deck":["Strike_R+1","Strike_R","Strike_R","Strike_R","Strike_R","Defend_R","Defend_R","Defend_R","Defend_R","Bash","Clash","Dropkick","Anger+1","Iron Wave","Metallicize+1","Iron Wave","Heavy Blade","Feed","Flex","Armaments","Limit Break","Juggernaut","Perfected Strike","Dropkick","Wild Strike+1"],"relics":["Burning Blood","NeowsBlessing","Whetstone","Anchor","Kunai","Boot","Calipers","Mark of Pain"],"potions_floor_usage":[7,11,13,19,20],"damage_taken":[{"damage":0,"enemies":"2 Louse","floor":1,"turns":1},{"damage":0,"enemies":"Jaw Worm","floor":2,"turns":1},{"damage":0,"enemies":"Small Slimes","floor":3,"turns":1},{"damage":3,"enemies":"Blue Slaver","floor":4,"turns":2},{"damage":20,"enemies":"Exordium Thugs","floor":5,"turns":5},{"damage":18,"enemies":"Gremlin Nob","floor":7,"turns":4},{"damage":0,"enemies":"3 Louse","floor":10,"turns":4},{"damage":12,"enemies":"Lagavulin","floor":11,"turns":5},{"damage":0,"enemies":"2 Fungi Beasts","floor":12,"turns":2},{"damage":13,"enemies":"3 Sentries","floor":13,"turns":7},{"damage":35,"enemies":"The Guardian","floor":16,"turns":10},{"damage":28,"enemies":"2 Thieves","floor":18,"turns":5},{"damage":23,"enemies":"Spheric Guardian","floor":19,"turns":5},{"damage":52,"enemies":"Shelled Parasite and Fungi","floor":20,"turns":7},{"damage":16,"enemies":"Masked Bandits","floor":22,"turns":2}],"seed_played":"4091484319639185019","potions_obtained":[{"floor":1,"key":"SneckoOil"},{"floor":2,"key":"SteroidPotion"},{"floor":3,"key":"FearPotion"},{"floor":12,"key":"Block Potion"},{"floor":16,"key":"BloodPotion"}],"is_trial":false,"path_per_floor":["M","M","M","M","M","R","E","?","T","M","E","M","E","$","R","B",null,"M","M","M","?","?"],"character_chosen":"IRONCLAD","items_purchased":["Limit Break","Calipers"],"campfire_rested":1,"item_purchase_floors":[14,14],"current_hp_per_floor":[80,80,80,80,66,66,54,54,54,60,54,63,59,59,84,58,89,70,53,16,16,0],"gold":272,"neow_bonus":"THREE_ENEMY_KILL","is_prod":false,"is_daily":false,"chose_seed":false,"campfire_upgraded":1,"win_rate":0,"timestamp":1548958291,"path_taken":["M","M","M","M","M","R","E","?","T","M","E","M","E","$","R","BOSS","M","M","M","?","?"],"build_version":"2019-01-23","purchased_purges":0,"victory":false,"max_hp_per_floor":[80,80,80,80,80,80,80,80,80,80,80,83,86,86,86,89,89,92,92,92,92,92],"card_choices":[{"not_picked":["Dropkick","Bloodletting"],"picked":"Clash","floor":1},{"not_picked":["Anger","Body Slam"],"picked":"Dropkick","floor":2},{"not_picked":["Pommel Strike","Feel No Pain"],"picked":"Anger","floor":3},{"not_picked":["Clash","Cleave"],"picked":"Iron Wave","floor":4},{"not_picked":["Brutality","Thunderclap"],"picked":"Metallicize","floor":5},{"not_picked":["Pummel","Reckless Charge"],"picked":"Iron Wave","floor":7},{"not_picked":["Entrench","Flex"],"picked":"Heavy Blade","floor":10},{"not_picked":["Perfected Strike","Power Through"],"picked":"Feed","floor":11},{"not_picked":["Carnage","Sword Boomerang"],"picked":"Flex","floor":12},{"not_picked":["Dark Embrace","Havoc"],"picked":"Armaments","floor":13},{"not_picked":["Exhume","Bludgeon"],"picked":"Juggernaut","floor":16},{"not_picked":["Ghostly Armor","Body Slam"],"picked":"Perfected Strike","floor":18},{"not_picked":["Sword Boomerang","Thunderclap"],"picked":"Dropkick","floor":19},{"not_picked":["Flex","Anger"],"picked":"Wild Strike+1","floor":20}],"player_experience":114256,"relics_obtained":[{"floor":7,"key":"Whetstone"},{"floor":9,"key":"Anchor"},{"floor":11,"key":"Kunai"},{"floor":13,"key":"Boot"}],"event_choices":[{"damage_healed":0,"gold_gain":63,"player_choice":"Gained Gold","damage_taken":0,"max_hp_gain":0,"max_hp_loss":0,"event_name":"Golden Wing","floor":8,"gold_loss":0},{"damage_healed":0,"gold_gain":99,"player_choice":"Stole From Cult","damage_taken":0,"max_hp_gain":0,"max_hp_loss":0,"event_name":"Nest","floor":21,"gold_loss":0},{"damage_healed":0,"gold_gain":0,"player_choice":"Fought Bandits","damage_taken":0,"max_hp_gain":0,"max_hp_loss":0,"event_name":"Masked Bandits","floor":22,"gold_loss":0}],"is_beta":false,"boss_relics":[{"not_picked":["Black Blood","Empty Cage"],"picked":"Mark of Pain"}],"items_purged_floors":[],"is_endless":false,"potions_floor_spawned":[1,2,3,12,16],"killed_by":"Masked Bandits","ascension_level":3}