{"gold_per_floor":[110,110,129,82,32,32,45,59,86,71,111,130,130,155,155,285,285,303,303,107,107,125,125],"floor_reached":23,"playtime":982,"items_purged":[],"score":216,"play_id":"983325d4-557c-4388-bc5c-9e7997e843fb","local_time":"20180801181348","daily_mods":["Specialized","Uncertain Future"],"is_ascension_mode":false,"campfire_choices":[{"data":"Havoc","floor":6,"key":"SMITH"},{"data":"Havoc","floor":13,"key":"SMITH"},{"data":"Immolate","floor":15,"key":"SMITH"}],"neow_cost":"","seed_source_timestamp":0,"circlet_count":0,"master_deck":["Strike_R","Strike_R","Strike_R","Strike_R","Strike_R","Defend_R","Defend_R","Defend_R","Bash","Impervious","Impervious","Impervious","Impervious","Impervious","Heavy Blade","Havoc+1","Havoc+1","Twin Strike","Flex","Immolate+1","Carnage","Shrug It Off","Reaper","Flex+1","Flex"],"relics":["Burning Blood","Bloody Idol","MawBank","Dream Catcher","Black Star","Vajra","The Courier"],"potions_floor_usage":[11,16,16,16],"damage_taken":[{"damage":5,"enemies":"Jaw Worm","floor":1,"turns":8},{"damage":1,"enemies":"2 Louse","floor":3,"turns":3},{"damage":1,"enemies":"Cultist","floor":7,"turns":3},{"damage":12,"enemies":"Exordium Thugs","floor":8,"turns":6},{"damage":3,"enemies":"3 Sentries","floor":11,"turns":4},{"damage":0,"enemies":"Large Slime","floor":12,"turns":4},{"damage":0,"enemies":"Looter","floor":14,"turns":3},{"damage":37,"enemies":"The Guardian","floor":16,"turns":13},{"damage":0,"enemies":"Chosen","floor":18,"turns":4},{"damage":20,"enemies":"Spheric Guardian","floor":22,"turns":4},{"damage":108,"enemies":"Gremlin Leader","floor":23,"turns":6}],"seed_played":"743247692265934364","potions_obtained":[{"floor":1,"key":"Fire Potion"},{"floor":3,"key":"Block Potion"},{"floor":7,"key":"AttackPotion"},{"floor":14,"key":"SpeedPotion"},{"floor":22,"key":"SkillPotion"}],"is_trial":true,"path_per_floor":["M","?","M","$","?","R","M","M","T","$","E","M","R","M","R","B",null,"M","?","$","T","M"],"character_chosen":"IRONCLAD","items_purchased":["Havoc","Flex","Vajra","Flex"],"campfire_rested":0,"item_purchase_floors":[4,10,20,20],"current_hp_per_floor":[80,60,65,65,65,65,70,64,64,64,67,73,73,79,79,48,80,80,80,80,80,80,0],"gold":125,"neow_bonus":"","is_prod":false,"is_daily":false,"chose_seed":false,"campfire_upgraded":3,"win_rate":0,"timestamp":1533168828,"path_taken":["M","?","M","?","?","R","M","M","T","$","E","M","R","M","R","BOSS","M","?","$","?","M","E"],"build_version":"2018-07-26","purchased_purges":0,"victory":false,"max_hp_per_floor":[80,80,80,80,80,80,80,80,80,80,80,80,80,80,80,80,80,80,80,80,80,80,80],"card_choices":[{"not_picked":["Bloodletting","Sever Soul"],"picked":"Heavy Blade","floor":1},{"not_picked":["Shrug It Off","Warcry"],"picked":"Havoc","floor":3},{"not_picked":["Carnage","Headbutt"],"picked":"Twin Strike","floor":7},{"not_picked":["Clash","Dual Wield","Whirlwind"],"picked":"SKIP","floor":8},{"not_picked":["Infernal Blade","Feel No Pain"],"picked":"Immolate","floor":11},{"not_picked":["Anger","Havoc"],"picked":"Carnage","floor":12},{"not_picked":["Entrench","Wild Strike"],"picked":"Shrug It Off","floor":14},{"not_picked":["Offering","Impervious"],"picked":"Reaper","floor":16},{"not_picked":["Flame Barrier","Whirlwind"],"picked":"Flex+1","floor":18},{"not_picked":["Corruption","Combust","True Grit"],"picked":"SKIP","floor":22}],"player_experience":145677,"relics_obtained":[{"floor":9,"key":"MawBank"},{"floor":11,"key":"Dream Catcher"},{"floor":21,"key":"The Courier"}],"event_choices":[{"event_name":"Golden Idol","player_choice":"Take Damage","floor":2,"damage_taken":0},{"event_name":"The Cleric","player_choice":"Card Removal","floor":5,"damage_taken":0},{"event_name":"Forgotten Altar","player_choice":"Gave Idol","floor":19,"damage_taken":0}],"is_beta":false,"boss_relics":[{"not_picked":["Empty Cage","White Beast Statue"],"picked":"Black Star"}],"items_purged_floors":[],"is_endless":false,"potions_floor_spawned":[1,3,7,14,22],"killed_by":"Gremlin Leader","ascension_level":0}