{"gold_per_floor":[109,284,303,303,318,353,353,363,363,363,363,12,26,26,26,123,123,133,133,149,149,163,189,189,201,201,201,44,60,60],"floor_reached":30,"playtime":989,"items_purged":["Doubt"],"score":300,"play_id":"4e4911fa-75b9-4ce9-9109-d143e0f30853","local_time":"20190201161632","is_ascension_mode":false,"campfire_choices":[{"data":"Armaments","floor":7.0,"key":"SMITH"},{"floor":10.0,"key":"REST"},{"floor":15.0,"key":"REST"},{"floor":24,"key":"REST"}],"neow_cost":"NONE","seed_source_timestamp":273225850950941,"circlet_count":0,"master_deck":["Defend_R","Defend_R","Defend_R","Defend_R","Bash","Flex","Armaments+1","Pommel Strike","Pommel Strike","Cleave","True Grit","Cleave","Flex","Cleave","Perfected Strike","Pommel Strike","Body Slam","Body Slam","Twin Strike","Bite","Bite","Bite","Bite","Bite","Thunderclap","Shrug It Off","Body Slam","Thunderclap+1","Body Slam+1"],"special_seed":0,"relics":["Burning Blood","NeowsBlessing","GremlinMask","Frozen Egg 2","Letter Opener","Red Skull","Orrery","Dodecahedron","Bottled Flame","MutagenicStrength","Vajra"],"potions_floor_usage":[23,25],"damage_taken":[{"damage":0.0,"enemies":"Jaw Worm","floor":1.0,"turns":1.0},{"damage":0.0,"enemies":"Cultist","floor":3.0,"turns":1.0},{"damage":0.0,"enemies":"Small Slimes","floor":5.0,"turns":1.0},{"damage":32.0,"enemies":"3 Sentries","floor":6.0,"turns":12.0},{"damage":35.0,"enemies":"Gremlin Gang","floor":8.0,"turns":8.0},{"damage":18.0,"enemies":"2 Fungi Beasts","floor":13.0,"turns":3.0},{"damage":32.0,"enemies":"Slime Boss","floor":16.0,"turns":9.0},{"damage":24.0,"enemies":"Spheric Guardian","floor":18.0,"turns":5.0},{"damage":16.0,"enemies":"3 Byrds","floor":20.0,"turns":4.0},{"damage":40,"enemies":"Sentry and Sphere","floor":22,"turns":7},{"damage":18,"enemies":"Gremlin Leader","floor":23,"turns":5},{"damage":33,"enemies":"Snake Plant","floor":25,"turns":5},{"damage":20,"enemies":"Snecko","floor":29,"turns":4},{"damage":20,"enemies":"Centurion and Healer","floor":30,"turns":1}],"seed_played":"-3279608801447925352","potions_obtained":[{"floor":5.0,"key":"AttackPotion"},{"floor":8.0,"key":"Dexterity Potion"},{"floor":16.0,"key":"LiquidBronze"},{"floor":18.0,"key":"FearPotion"},{"floor":23,"key":"Swift Potion"}],"is_trial":false,"path_per_floor":["M","?","M","?","M","E","R","M","T","R","?","$","M","$","R","B",null,"M","?","M","?","M","E","R","M","T","?","$","M","M"],"character_chosen":"IRONCLAD","items_purchased":["True Grit","Red Skull","Cleave","Flex","Vajra"],"campfire_rested":3,"item_purchase_floors":[12,12,12,12,28],"current_hp_per_floor":[80,80,80,80,80,54,54,25,25,49,49,49,37,37,61,35,80,62,56,54,54,26,22,38,22,22,22,22,14,0],"gold":60,"neow_bonus":"THREE_ENEMY_KILL","is_prod":false,"is_daily":false,"chose_seed":false,"campfire_upgraded":1,"win_rate":0,"timestamp":1549062992,"path_taken":["M","?","M","?","?","E","R","M","T","R","?","$","?","$","R","BOSS","M","?","M","?","?","E","R","M","T","?","?","M","?"],"build_version":"2019-01-23","purchased_purges":1,"victory":false,"max_hp_per_floor":[80,80,80,80,80,80,80,80,80,80,80,80,80,80,80,80,80,80,56,56,56,56,56,56,56,56,56,56,56,56],"card_choices":[{"not_picked":["Spot Weakness","Inflame"],"picked":"Flex","floor":1.0},{"not_picked":["Flex","Spot Weakness"],"picked":"Armaments","floor":3.0},{"not_picked":["Body Slam","Thunderclap"],"picked":"Pommel Strike","floor":5.0},{"not_picked":["Rupture","Flex"],"picked":"Pommel Strike","floor":6.0},{"not_picked":["Infernal Blade","Inflame+1"],"picked":"Cleave","floor":8.0},{"not_picked":["Clothesline","Sword Boomerang"],"picked":"Cleave","floor":13.0},{"not_picked":["Twin Strike","True Grit"],"picked":"Perfected Strike","floor":17.0},{"not_picked":["Armaments","Rage"],"picked":"Pommel Strike","floor":17.0},{"not_picked":["Clash","Warcry"],"picked":"Body Slam","floor":17.0},{"not_picked":["Battle Trance","Disarm"],"picked":"Body Slam","floor":17.0},{"not_picked":["Fire Breathing+1","Rage"],"picked":"Twin Strike","floor":18.0},{"not_picked":["Blood for Blood","Rupture+1"],"picked":"Thunderclap","floor":20.0},{"not_picked":["Clothesline","Pommel Strike"],"picked":"Shrug It Off","floor":22},{"not_picked":["Clash","Havoc"],"picked":"Body Slam","floor":23},{"not_picked":["Headbutt","Feed"],"picked":"Thunderclap+1","floor":25},{"not_picked":["Clash","Uppercut"],"picked":"Body Slam+1","floor":29}],"player_experience":1361588,"relics_obtained":[{"floor":6.0,"key":"Frozen Egg 2"},{"floor":9.0,"key":"Letter Opener"},{"floor":23,"key":"Dodecahedron"},{"floor":26,"key":"Bottled Flame"}],"event_choices":[{"damage_healed":0.0,"max_hp_gain":0.0,"max_hp_loss":0.0,"gold_gain":175.0,"event_name":"Liars Game","player_choice":"AGREE","floor":2.0,"gold_loss":0.0,"damage_taken":0.0,"cards_obtained":["Doubt"]},{"damage_healed":0.0,"max_hp_gain":0.0,"max_hp_loss":0.0,"gold_gain":0.0,"event_name":"FaceTrader","player_choice":"Trade","floor":4.0,"gold_loss":0.0,"damage_taken":0.0,"relics_obtained":["GremlinMask"]},{"damage_healed":0.0,"max_hp_gain":0.0,"max_hp_loss":0.0,"gold_gain":0.0,"event_name":"Transmorgrifier","player_choice":"Ignored","floor":11.0,"gold_loss":0.0,"damage_taken":0.0},{"damage_healed":0.0,"max_hp_gain":0.0,"max_hp_loss":24.0,"gold_gain":0.0,"event_name":"Vampires","player_choice":"Became a vampire","floor":19.0,"gold_loss":0.0,"damage_taken":0.0,"cards_obtained":["Bite","Bite","Bite","Bite","Bite"]},{"damage_healed":0,"gold_gain":0,"player_choice":"Ignored","damage_taken":0,"max_hp_gain":0,"max_hp_loss":0,"event_name":"N\u0027loth","floor":21,"gold_loss":0},{"damage_healed":0,"gold_gain":0,"player_choice":"Inject Mutagens","damage_taken":0,"relics_obtained":["MutagenicStrength"],"max_hp_gain":0,"max_hp_loss":0,"event_name":"Drug Dealer","floor":27,"gold_loss":0}],"is_beta":false,"boss_relics":[{"not_picked":["Sozu","Fusion Hammer"],"picked":"Orrery"}],"items_purged_floors":[12],"is_endless":false,"potions_floor_spawned":[5,8,16,18,23],"killed_by":"Centurion and Healer","ascension_level":0}