{"gold_per_floor":[114,64,64,64,77,77,77,112,183,183,183,201,34,59,59,182,182,206,406,424,448,448,448,448,448,475,475,475,498,521,539,539,539],"floor_reached":33,"playtime":1379,"items_purged":[],"score":319,"play_id":"cf011a5e-6597-4caa-aebb-7630eaafde13","local_time":"20180916191641","is_ascension_mode":true,"campfire_choices":[{"data":"Concentrate","floor":6,"key":"SMITH"},{"floor":11,"key":"REST"},{"data":"Bouncing Flask","floor":15,"key":"SMITH"},{"floor":23,"key":"REST"},{"data":"Adrenaline","floor":25,"key":"SMITH"},{"floor":28,"key":"REST"},{"floor":32,"key":"REST"}],"neow_cost":"NONE","seed_source_timestamp":264099487797088,"circlet_count":0,"master_deck":["Defend_G+1","Defend_G+1","Defend_G+1","Defend_G+1","Defend_G+1","Strike_G+1","Strike_G+1","Strike_G+1","Strike_G+1","Survivor","Neutralize","Bouncing Flask+1","PiercingWail","Prepared","Regret","Concentrate+1","Expertise","Injury","Flechettes","Backflip","Flying Knee","Adrenaline+1","Quick Slash+1","Bane","Underhanded Strike","Ghostly","Ghostly","Ghostly","Ghostly","Ghostly","Necronomicurse","Blur","Terror+1","Flying Knee"],"relics":["White Beast Statue","Ice Cream","Thread and Needle","Regal Pillow","Ornamental Fan","Golden Idol","Vajra","Black Star","Bag of Preparation","Necronomicon"],"potions_floor_usage":[8,14,16,16,16,20,20,21,30,31],"damage_taken":[{"damage":8,"enemies":"Cultist","floor":1,"turns":6},{"damage":2,"enemies":"Small Slimes","floor":5,"turns":4},{"damage":5,"enemies":"3 Sentries","floor":8,"turns":6},{"damage":0,"enemies":"2 Louse","floor":12,"turns":2},{"damage":0,"enemies":"Looter","floor":14,"turns":3},{"damage":16,"enemies":"Hexaghost","floor":16,"turns":7},{"damage":4,"enemies":"Spheric Guardian","floor":18,"turns":5},{"damage":10,"enemies":"2 Thieves","floor":20,"turns":4},{"damage":43,"enemies":"3 Cultists","floor":21,"turns":7},{"damage":21,"enemies":"Centurion and Healer","floor":29,"turns":9},{"damage":0,"enemies":"Snecko","floor":30,"turns":4},{"damage":0,"enemies":"Cultist and Chosen","floor":31,"turns":8},{"damage":36,"enemies":"Automaton","floor":33,"turns":6}],"seed_played":"1082219015916039320","potions_obtained":[{"floor":1,"key":"FearPotion"},{"floor":5,"key":"PowerPotion"},{"floor":8,"key":"LiquidBronze"},{"floor":12,"key":"FearPotion"},{"floor":14,"key":"AttackPotion"},{"floor":16,"key":"SteroidPotion"},{"floor":18,"key":"SpeedPotion"},{"floor":20,"key":"Regen Potion"},{"floor":21,"key":"Fire Potion"},{"floor":29,"key":"SkillPotion"},{"floor":30,"key":"Energy Potion"},{"floor":31,"key":"Explosive Potion"}],"is_trial":false,"path_per_floor":["M","$","?","?","M","R","?","E","T","?","R","M","$","M","R","B",null,"M","?","M","M","?","R","?","R","T","?","R","M","M","M","R"],"character_chosen":"THE_SILENT","items_purchased":["PiercingWail","Vajra","Backflip"],"campfire_rested":4,"item_purchase_floors":[2,13,13],"current_hp_per_floor":[62,62,62,62,60,60,48,43,43,43,70,70,70,70,70,54,70,66,66,56,28,28,64,35,35,35,19,35,14,14,14,35,0],"gold":539,"neow_bonus":"BOSS_RELIC","is_prod":false,"is_daily":false,"chose_seed":false,"campfire_upgraded":3,"win_rate":0,"timestamp":1537147001,"path_taken":["M","$","?","?","M","R","?","E","T","?","R","M","?","M","R","BOSS","M","?","M","M","?","R","?","R","T","?","R","M","M","M","R","BOSS"],"build_version":"2018-09-06","purchased_purges":0,"victory":false,"max_hp_per_floor":[70,70,70,70,70,70,70,70,70,70,70,70,70,70,70,70,70,70,70,70,70,70,70,35,35,35,35,35,35,35,35,35,35],"card_choices":[{"not_picked":["Prepared","Masterful Stab"],"picked":"Bouncing Flask","floor":1},{"not_picked":["Catalyst","Accuracy"],"picked":"Concentrate","floor":5},{"not_picked":["PiercingWail","Grand Finale"],"picked":"Expertise","floor":8},{"not_picked":["Sucker Punch","Escape Plan"],"picked":"Flechettes","floor":12},{"not_picked":["Terror","Blade Dance"],"picked":"Flying Knee","floor":14},{"not_picked":["Storm of Steel","Doppelganger"],"picked":"Adrenaline","floor":16},{"not_picked":["Dagger Spray","Calculated Gamble+1"],"picked":"Quick Slash+1","floor":18},{"not_picked":["PiercingWail","Quick Slash"],"picked":"Bane","floor":20},{"not_picked":["Backflip+1","Sucker Punch"],"picked":"Underhanded Strike","floor":21},{"not_picked":["Riddle With Holes","Unload"],"picked":"Blur","floor":29},{"not_picked":["Riddle With Holes","Bouncing Flask"],"picked":"Terror+1","floor":30},{"not_picked":["Acrobatics","Eviscerate"],"picked":"Flying Knee","floor":31}],"player_experience":533273,"relics_obtained":[{"floor":8,"key":"Regal Pillow"},{"floor":9,"key":"Ornamental Fan"},{"floor":26,"key":"Bag of Preparation"},{"floor":27,"key":"Necronomicon"}],"event_choices":[{"event_name":"Living Wall","player_choice":"Change","floor":3,"damage_taken":0},{"event_name":"Big Fish","player_choice":"Box","floor":4,"damage_taken":0},{"event_name":"Scrap Ooze","player_choice":"success","floor":7,"damage_taken":12},{"event_name":"Golden Idol","player_choice":"Take Wound","floor":10,"damage_taken":0},{"event_name":"Wheel of Change","player_choice":"Gold","floor":19,"damage_taken":0},{"event_name":"Back to Basics","player_choice":"Simplicity","floor":22,"damage_taken":0},{"event_name":"Ghosts","player_choice":"Became a Ghost","floor":24,"damage_taken":0},{"event_name":"Cursed Tome","player_choice":"Obtained Book","floor":27,"damage_taken":0}],"is_beta":false,"boss_relics":[{"not_picked":["Runic Dome","Tiny House"],"picked":"Black Star"}],"items_purged_floors":[],"is_endless":false,"potions_floor_spawned":[1,5,8,12,14,16,18,20,21,29,30,31],"killed_by":"Automaton","ascension_level":4}