{"gold_per_floor":[117,117,117,137,212,212,239,249,300,300,300,300,300,334,334,436,436,448,428,2,18,29,29,49,49,49,49,49,78,78,107,107,208,208,220,232,232,250,263,263,263,263,263,263,282,82,100,100,100,100],"floor_reached":51,"playtime":5855,"items_purged":["Shame"],"score":648,"play_id":"b7c4f5bf-24ca-44e3-b7d9-c377cb5d83d1","local_time":"20180725035114","is_ascension_mode":false,"campfire_choices":[{"data":"Bash","floor":6,"key":"SMITH"},{"floor":11,"key":"REST"},{"floor":15,"key":"REST"},{"floor":23,"key":"REST"},{"floor":25,"key":"REST"},{"floor":27,"key":"REST"},{"floor":30,"key":"REST"},{"data":"Demon Form","floor":32,"key":"SMITH"},{"floor":40,"key":"REST"},{"floor":42,"key":"REST"},{"data":"Metamorphosis","floor":44,"key":"SMITH"},{"floor":49,"key":"REST"}],"neow_cost":"","seed_source_timestamp":26400517356216,"circlet_count":0,"master_deck":["Strike_R","Strike_R","Strike_R","Strike_R","Defend_R","Defend_R","Defend_R","Bash+1","Sword Boomerang+1","Shrug It Off","Pommel Strike+1","Ghostly Armor","Seeing Red","Feed","Sword Boomerang","Uppercut+1","Metamorphosis+1","Offering","Pummel","Pummel","Shockwave","Demon Form+1","Offering","Pommel Strike","Ghostly Armor","Forethought","Secret Weapon","Thunderclap+1","Offering","Twin Strike+1"],"relics":["Burning Blood","Ancient Tea Set","Bronze Scales","NlothsMask","Orichalcum","Calling Bell","Darkstone Periapt","Happy Flower","Champion Belt","Bag of Marbles","Boot","Mango","Red Mask","Omamori","Empty Cage","Shuriken","DollysMirror"],"potions_floor_usage":[14,14,16,21,31,50,50,50],"damage_taken":[{"damage":0,"enemies":"2 Louse","floor":1,"turns":3},{"damage":6,"enemies":"Small Slimes","floor":4,"turns":3},{"damage":45,"enemies":"Lagavulin","floor":7,"turns":7},{"damage":6,"enemies":"Jaw Worm","floor":8,"turns":3},{"damage":6,"enemies":"3 Sentries","floor":14,"turns":6},{"damage":24,"enemies":"The Guardian","floor":16,"turns":10},{"damage":27,"enemies":"Chosen","floor":18,"turns":6},{"damage":19,"enemies":"2 Thieves","floor":19,"turns":4},{"damage":34,"enemies":"3 Cultists","floor":21,"turns":6},{"damage":26,"enemies":"Snake Plant","floor":22,"turns":3},{"damage":36,"enemies":"Cultist and Chosen","floor":24,"turns":5},{"damage":16,"floor":29,"turns":3},{"damage":37,"enemies":"Gremlin Leader","floor":31,"turns":4},{"damage":59,"enemies":"Automaton","floor":33,"turns":8},{"damage":12,"enemies":"Orb Walker","floor":35,"turns":3},{"damage":24,"enemies":"3 Darklings","floor":36,"turns":5},{"damage":16,"enemies":"Spire Growth","floor":38,"turns":4},{"damage":28,"enemies":"4 Shapes","floor":39,"turns":4},{"damage":50,"enemies":"Transient","floor":45,"turns":5},{"damage":18,"enemies":"Spire Growth","floor":47,"turns":4},{"damage":67,"enemies":"Awakened One","floor":50,"turns":11}],"seed_played":"-3261233229767968640","potions_obtained":[{"floor":7,"key":"PowerPotion"},{"floor":8,"key":"Fire Potion"},{"floor":14,"key":"Poison Potion"},{"floor":19,"key":"SkillPotion"},{"floor":24,"key":"SpeedPotion"},{"floor":31,"key":"FearPotion"},{"floor":35,"key":"EssenceOfSteel"},{"floor":38,"key":"Poison Potion"},{"floor":47,"key":"SkillPotion"},{"floor":48,"key":"Energy Potion"}],"is_trial":false,"path_per_floor":["M","?","?","M","?","R","E","M","T","?","R","?","T","E","R","B",null,"M","M","$","M","M","R","M","R","T","R","T","?","R","E","R","B",null,"M","M","?","M","M","R","?","R","T","R","M","$","M","?","R","B"],"character_chosen":"IRONCLAD","items_purchased":["Metamorphosis","Bag of Marbles","DollysMirror"],"campfire_rested":9,"item_purchase_floors":[20,20,46],"current_hp_per_floor":[80,80,80,80,69,69,30,30,30,30,54,38,38,38,62,44,80,62,49,49,34,14,39,18,44,44,70,84,77,106,75,75,22,106,100,82,82,72,50,81,71,102,102,102,58,58,46,46,77,16],"gold":100,"neow_bonus":"","is_prod":false,"is_daily":false,"chose_seed":false,"campfire_upgraded":3,"win_rate":0,"timestamp":1532505074,"path_taken":["M","?","?","M","?","R","E","M","T","?","R","?","?","E","R","BOSS","M","M","$","M","M","R","M","R","T","R","?","?","R","E","R","BOSS","M","?","?","M","M","R","?","R","T","R","M","$","?","?","R","BOSS"],"build_version":"2018-07-23","purchased_purges":1,"victory":true,"max_hp_per_floor":[80,80,80,80,80,80,80,80,80,80,80,80,80,80,80,80,80,83,83,83,86,86,86,89,89,89,89,103,106,106,106,106,106,106,106,106,106,106,106,106,106,106,106,106,106,106,106,106,106,106],"card_choices":[{"not_picked":["Reckless Charge","Clothesline"],"picked":"Sword Boomerang","floor":1},{"not_picked":["Anger","Twin Strike"],"picked":"Shrug It Off","floor":4},{"not_picked":["Twin Strike","Flex"],"picked":"Pommel Strike","floor":7},{"not_picked":["Shrug It Off","Havoc"],"picked":"Ghostly Armor","floor":8},{"not_picked":["Clash","Cleave"],"picked":"Seeing Red","floor":14},{"not_picked":["Juggernaut","Brutality"],"picked":"Feed","floor":16},{"not_picked":["Rupture","Anger"],"picked":"Sword Boomerang","floor":18},{"not_picked":["Anger","Carnage"],"picked":"Uppercut+1","floor":19},{"not_picked":["Twin Strike","Thunderclap"],"picked":"Offering","floor":21},{"not_picked":["Evolve","Twin Strike"],"picked":"Pummel","floor":22},{"not_picked":["Clothesline","Headbutt"],"picked":"Pummel","floor":24},{"not_picked":["Rage","Havoc"],"picked":"Shockwave","floor":29},{"not_picked":["Dual Wield+1","Carnage"],"picked":"Demon Form","floor":31},{"not_picked":["Demon Form","Reaper"],"picked":"Offering","floor":33},{"not_picked":["Hemokinesis+1","Cleave"],"picked":"Pommel Strike","floor":35},{"not_picked":["Iron Wave+1","Clothesline","Heavy Blade+1"],"picked":"SKIP","floor":36},{"not_picked":["Armaments","Pommel Strike"],"picked":"Ghostly Armor","floor":38},{"not_picked":["Perfected Strike+1","Entrench","Headbutt"],"picked":"SKIP","floor":39},{"not_picked":["Dramatic Entrance","Good Instincts"],"picked":"Forethought","floor":41},{"not_picked":["Secret Technique","Impatience"],"picked":"Secret Weapon","floor":41},{"not_picked":["Flex","Body Slam+1"],"picked":"Thunderclap+1","floor":45},{"not_picked":["Bludgeon","Clothesline"],"picked":"Twin Strike+1","floor":47}],"player_experience":123807,"relics_obtained":[{"floor":7,"key":"Ancient Tea Set"},{"floor":9,"key":"Bronze Scales"},{"floor":14,"key":"Orichalcum"},{"floor":17,"key":"Darkstone Periapt"},{"floor":17,"key":"Happy Flower"},{"floor":17,"key":"Champion Belt"},{"floor":26,"key":"Boot"},{"floor":28,"key":"Mango"},{"floor":29,"key":"Red Mask"},{"floor":31,"key":"Omamori"},{"floor":43,"key":"Shuriken"}],"event_choices":[{"event_name":"Living Wall","player_choice":"Change","floor":2,"damage_taken":0},{"event_name":"Wheel of Change","player_choice":"Card Removal","floor":3,"damage_taken":0},{"event_name":"World of Goop","player_choice":"Gather Gold","floor":5,"damage_taken":0},{"event_name":"FaceTrader","player_choice":"Trade","floor":10,"damage_taken":0},{"event_name":"Shining Light","player_choice":"Entered Light","floor":12,"damage_taken":0},{"event_name":"Masked Bandits","player_choice":"Fought over 49 gold","floor":29,"damage_taken":0},{"event_name":"Falling","player_choice":"Removed Power","floor":37,"damage_taken":0},{"event_name":"SensoryStone","player_choice":"Memory 3","floor":41,"damage_taken":0},{"event_name":"The Lab","player_choice":"Got Potions","floor":48,"damage_taken":0}],"is_beta":true,"boss_relics":[{"not_picked":["Coffee Dripper","Velvet Choker"],"picked":"Calling Bell"},{"not_picked":["Runic Pyramid","Black Star"],"picked":"Empty Cage"}],"items_purged_floors":[20],"is_endless":false,"potions_floor_spawned":[7,8,14,19,24,31,35,38,47],"ascension_level":0}