{"gold_per_floor":[368,385,397,33,43,72,86,86],"floor_reached":8,"playtime":634,"items_purged":[],"score":87,"play_id":"c359db4a-a77c-471e-bd6d-7f40e49324c1","local_time":"20190126233352","is_ascension_mode":true,"campfire_choices":[],"neow_cost":"PERCENT_DAMAGE","seed_source_timestamp":1216754019245917,"circlet_count":0,"master_deck":["Strike_R","Strike_R","Strike_R","Strike_R","Strike_R","Defend_R","Defend_R","Defend_R","Defend_R","Bash","Pommel Strike","Inflame","Burning Pact","Heavy Blade","Shrug It Off"],"special_seed":0,"relics":["Burning Blood","Omamori","Sling","Centennial Puzzle"],"potions_floor_usage":[6,7,7,7],"damage_taken":[{"damage":0.0,"enemies":"Small Slimes","floor":1.0,"turns":3.0},{"damage":0.0,"enemies":"Cultist","floor":2.0,"turns":4.0},{"damage":6.0,"enemies":"Jaw Worm","floor":3.0,"turns":5.0},{"damage":41.0,"enemies":"Exordium Thugs","floor":5.0,"turns":7.0},{"damage":14,"enemies":"3 Sentries","floor":6,"turns":8},{"damage":14,"enemies":"Exordium Wildlife","floor":7,"turns":7},{"damage":32,"enemies":"Gremlin Nob","floor":8,"turns":3}],"seed_played":"-2142441362076316036","potions_obtained":[{"floor":1.0,"key":"PowerPotion"},{"floor":2.0,"key":"SneckoOil"},{"floor":5.0,"key":"EssenceOfSteel"},{"floor":6,"key":"Swift Potion"}],"is_trial":false,"path_per_floor":["M","M","M","$","M","E","M","E"],"character_chosen":"IRONCLAD","items_purchased":["Omamori","Sling"],"campfire_rested":0,"item_purchase_floors":[4,4],"current_hp_per_floor":[57,63,63,63,28,20,12,0],"gold":86,"neow_bonus":"TWO_FIFTY_GOLD","is_prod":false,"is_daily":false,"chose_seed":false,"campfire_upgraded":0,"win_rate":0,"timestamp":1548574432,"path_taken":["M","M","M","$","M","E","M","E"],"build_version":"2019-01-23","purchased_purges":0,"victory":false,"max_hp_per_floor":[80,80,80,80,80,80,80,80],"card_choices":[{"not_picked":["Feel No Pain","Cleave"],"picked":"Pommel Strike","floor":1.0},{"not_picked":["Burning Pact","Clash"],"picked":"Inflame","floor":2.0},{"not_picked":["Fire Breathing","Heavy Blade"],"picked":"Burning Pact","floor":3.0},{"not_picked":["Wild Strike","Flex"],"picked":"Heavy Blade","floor":5.0},{"not_picked":["Disarm","Battle Trance"],"picked":"Shrug It Off","floor":6},{"not_picked":["Clash","Bloodletting","Heavy Blade"],"picked":"SKIP","floor":7}],"player_experience":321288,"relics_obtained":[{"floor":6,"key":"Centennial Puzzle"}],"event_choices":[],"is_beta":false,"boss_relics":[],"items_purged_floors":[],"is_endless":false,"potions_floor_spawned":[1,2,5,6],"killed_by":"Gremlin Nob","ascension_level":9}