{"gold_per_floor":[110,70,70,70,86,115,15,25,25,25,25,25,41,59,59,161,161,175,221,250,49,49,49,49,75,75,94,106,137,151,151,151,252,252,269,269,269,59,59,90,90,124,124,124,346,346,364,364],"floor_reached":48,"playtime":2204,"items_purged":[],"score":781,"play_id":"3cd6bd0e-b882-4f12-ba5a-944155681558","local_time":"20181022134848","is_ascension_mode":true,"campfire_choices":[{"floor":10,"key":"REST"},{"data":"Noxious Fumes","floor":12,"key":"SMITH"},{"data":"Dodge and Roll","floor":15,"key":"SMITH"},{"data":"Ghostly","floor":23,"key":"SMITH"},{"data":"Ghostly","floor":32,"key":"SMITH"},{"floor":41,"key":"REST"},{"floor":44,"key":"REST"},{"floor":46,"key":"REST"}],"neow_cost":"NONE","seed_source_timestamp":1021207851712137,"circlet_count":0,"master_deck":["Survivor","Neutralize+1","Poisoned Stab","Poisoned Stab","Adrenaline","Noxious Fumes+1","Backflip","Dodge and Roll+1","Envenom","Acrobatics","Eviscerate","Concentrate","Bane","Choke","Crippling Poison","Expertise","Dodge and Roll","Caltrops","Deflect","Footwork","Dodge and Roll+1","Poisoned Stab","Footwork","Ghostly+1","Ghostly+1","Ghostly","Ghostly","Ghostly","Deflect","PiercingWail","Backflip","Blade Dance","Dash+1","Deflect","Corpse Explosion","Slice+1","Madness","Madness","Poisoned Stab","Cloak And Dagger","Discovery","Heel Hook","Escape Plan+1","Bane"],"relics":["Ring of the Snake","Boot","The Courier","Pen Nib","Red Mask","Bronze Scales","Oddly Smooth Stone","Gremlin Horn","Snake Skull","Nloth\u0027s Gift","Fusion Hammer","Lee\u0027s Waffle","Mercury Hourglass","Darkstone Periapt","Strawberry"],"potions_floor_usage":[6,13,16,20,25,29,42,42,42],"damage_taken":[{"damage":15,"enemies":"Jaw Worm","floor":1,"turns":7},{"damage":0,"enemies":"Cultist","floor":5,"turns":3},{"damage":16,"enemies":"Gremlin Nob","floor":6,"turns":4},{"damage":0,"enemies":"2 Louse","floor":8,"turns":2},{"damage":12,"enemies":"Exordium Wildlife","floor":13,"turns":5},{"damage":7,"enemies":"Exordium Thugs","floor":14,"turns":3},{"damage":6,"enemies":"Hexaghost","floor":16,"turns":10},{"damage":14,"enemies":"Spheric Guardian","floor":18,"turns":5},{"damage":18,"enemies":"Masked Bandits","floor":20,"turns":3},{"damage":0,"enemies":"2 Thieves","floor":24,"turns":5},{"damage":3,"enemies":"Book of Stabbing","floor":25,"turns":6},{"damage":0,"enemies":"3 Cultists","floor":27,"turns":6},{"damage":0,"enemies":"Snake Plant","floor":28,"turns":4},{"damage":1,"enemies":"Gremlin Leader","floor":29,"turns":6},{"damage":1,"enemies":"Snecko","floor":30,"turns":7},{"damage":7,"enemies":"Collector","floor":33,"turns":11},{"damage":0,"enemies":"Orb Walker","floor":35,"turns":5},{"damage":5,"enemies":"Reptomancer","floor":40,"turns":7},{"damage":27,"enemies":"Nemesis","floor":42,"turns":7},{"damage":0,"enemies":"3 Shapes","floor":47,"turns":4},{"damage":103,"enemies":"Giant Head","floor":48,"turns":9}],"seed_played":"4500653366032261476","potions_obtained":[{"floor":2,"key":"AttackPotion"},{"floor":2,"key":"FairyPotion"},{"floor":2,"key":"GamblersBrew"},{"floor":6,"key":"PowerPotion"},{"floor":11,"key":"Regen Potion"},{"floor":14,"key":"Explosive Potion"},{"floor":16,"key":"Weak Potion"},{"floor":20,"key":"SteroidPotion"},{"floor":25,"key":"SkillPotion"},{"floor":27,"key":"Explosive Potion"},{"floor":33,"key":"SpeedPotion"},{"floor":40,"key":"EntropicBrew"}],"is_trial":false,"path_per_floor":["M","?","?","?","M","E","$","M","T","R","?","R","M","M","R","B",null,"M","T","?","$","?","R","M","E","T","M","M","E","M","?","R","B",null,"M","?","?","$","?","E","R","E","T","R","?","R","M"],"character_chosen":"THE_SILENT","items_purchased":["Noxious Fumes","Backflip","Bronze Scales","Poisoned Stab","Footwork","Lee\u0027s Waffle","Poisoned Stab","Cloak And Dagger"],"campfire_rested":4,"item_purchase_floors":[7,7,21,21,21,38,38,38],"current_hp_per_floor":[55,55,55,55,55,39,39,39,39,62,62,62,62,55,55,49,70,56,56,38,38,38,38,38,35,35,35,35,34,33,33,33,26,35,35,35,30,45,45,40,45,18,25,40,40,52,52,0],"gold":364,"neow_bonus":"TEN_PERCENT_HP_BONUS","is_prod":false,"is_daily":false,"chose_seed":false,"campfire_upgraded":4,"win_rate":0,"timestamp":1540237728,"path_taken":["M","?","?","?","?","E","?","M","T","R","?","R","M","M","R","BOSS","M","?","?","$","?","R","M","E","T","M","M","E","M","?","R","BOSS","M","?","?","$","?","E","R","E","T","R","?","R","?","E"],"build_version":"2018-10-18","purchased_purges":0,"victory":false,"max_hp_per_floor":[77,77,77,77,77,77,77,77,77,77,77,77,77,77,77,77,77,77,77,77,77,38,38,38,38,38,38,38,38,38,38,38,38,38,38,38,38,45,45,45,45,45,52,52,52,52,52,52],"card_choices":[{"not_picked":["Sucker Punch","Flying Knee"],"picked":"Poisoned Stab","floor":1},{"not_picked":["Cloak And Dagger","Acrobatics"],"picked":"Poisoned Stab","floor":5},{"not_picked":["Underhanded Strike","Blade Dance"],"picked":"Adrenaline","floor":6},{"not_picked":["Outmaneuver","Prepared"],"picked":"Terror","floor":8},{"not_picked":["Concentrate","Outmaneuver","Tactician"],"picked":"SKIP","floor":13},{"not_picked":["Deflect","Well Laid Plans"],"picked":"Dodge and Roll","floor":14},{"not_picked":["Die Die Die","Adrenaline"],"picked":"Envenom","floor":16},{"not_picked":["Escape Plan","Outmaneuver"],"picked":"Footwork","floor":18},{"not_picked":["Predator","Slice"],"picked":"Dodge and Roll+1","floor":20},{"not_picked":["Sucker Punch","Prepared"],"picked":"Deflect","floor":24},{"not_picked":["Skewer","Doppelganger"],"picked":"PiercingWail","floor":25},{"not_picked":["Deflect","Sucker Punch"],"picked":"Backflip","floor":27},{"not_picked":["Well Laid Plans+1","Sucker Punch+1"],"picked":"Blade Dance","floor":28},{"not_picked":["Underhanded Strike","Quick Slash"],"picked":"Dash+1","floor":29},{"not_picked":["Poisoned Stab","Acrobatics"],"picked":"Deflect","floor":30},{"not_picked":["After Image","Malaise"],"picked":"Corpse Explosion","floor":33},{"not_picked":["Sucker Punch","Terror"],"picked":"Slice+1","floor":35},{"not_picked":["Secret Technique","Jack Of All Trades"],"picked":"Discovery","floor":39},{"not_picked":["Flying Knee","Slice+1"],"picked":"Heel Hook","floor":40},{"not_picked":["Distraction","Unload"],"picked":"Escape Plan+1","floor":42},{"not_picked":["Unload","Concentrate+1"],"picked":"Bane","floor":47}],"player_experience":758484,"relics_obtained":[{"floor":6,"key":"Boot"},{"floor":9,"key":"The Courier"},{"floor":19,"key":"Pen Nib"},{"floor":20,"key":"Red Mask"},{"floor":25,"key":"Oddly Smooth Stone"},{"floor":26,"key":"Gremlin Horn"},{"floor":29,"key":"Snake Skull"},{"floor":40,"key":"Mercury Hourglass"},{"floor":42,"key":"Darkstone Periapt"},{"floor":43,"key":"Strawberry"}],"event_choices":[{"damage_healed":0,"gold_gain":0,"player_choice":"Bought 3 Potions","damage_taken":0,"max_hp_gain":0,"max_hp_loss":0,"event_name":"The Woman in Blue","floor":2,"gold_loss":0},{"damage_healed":0,"gold_gain":0,"player_choice":"Ignored","damage_taken":0,"max_hp_gain":0,"max_hp_loss":0,"event_name":"Golden Wing","floor":3,"gold_loss":0},{"damage_healed":0,"gold_gain":0,"player_choice":"Grow","damage_taken":0,"max_hp_gain":0,"max_hp_loss":0,"event_name":"Living Wall","floor":4,"gold_loss":0,"cards_upgraded":["Neutralize"]},{"damage_healed":0,"gold_gain":0,"player_choice":"Got Potions","damage_taken":0,"max_hp_gain":0,"max_hp_loss":0,"event_name":"The Lab","floor":11,"gold_loss":0},{"damage_healed":0,"gold_gain":0,"player_choice":"Fought Bandits","damage_taken":0,"max_hp_gain":0,"max_hp_loss":0,"event_name":"Masked Bandits","floor":20,"gold_loss":0},{"damage_healed":0,"gold_gain":0,"player_choice":"Became a Ghost","damage_taken":0,"max_hp_gain":0,"max_hp_loss":39,"event_name":"Ghosts","floor":22,"gold_loss":0,"cards_obtained":["Ghostly","Ghostly","Ghostly","Ghostly","Ghostly"]},{"damage_healed":0,"gold_gain":0,"player_choice":"Traded Relic","damage_taken":0,"relics_obtained":["Nloth\u0027s Gift"],"max_hp_gain":0,"max_hp_loss":0,"event_name":"N\u0027loth","floor":31,"relics_lost":["Pandora\u0027s Box"],"gold_loss":0},{"cards_removed":["Terror"],"damage_healed":0,"gold_gain":0,"player_choice":"Removed Skill","damage_taken":0,"max_hp_gain":0,"max_hp_loss":0,"event_name":"Falling","floor":36,"gold_loss":0},{"damage_healed":0,"gold_gain":0,"player_choice":"Embrace Madness","damage_taken":5,"max_hp_gain":0,"max_hp_loss":0,"event_name":"Winding Halls","floor":37,"gold_loss":0,"cards_obtained":["Madness","Madness"]},{"damage_healed":0,"gold_gain":0,"player_choice":"Memory 1","damage_taken":0,"max_hp_gain":0,"max_hp_loss":0,"event_name":"SensoryStone","floor":39,"gold_loss":0},{"damage_healed":0,"gold_gain":222,"player_choice":"Wore Mask","damage_taken":0,"max_hp_gain":0,"max_hp_loss":0,"event_name":"Tomb of Lord Red Mask","floor":45,"gold_loss":0}],"is_beta":false,"boss_relics":[{"not_picked":["Coffee Dripper","Empty Cage"],"picked":"Pandora\u0027s Box"},{"not_picked":["HoveringKite","Runic Dome"],"picked":"Fusion Hammer"}],"items_purged_floors":[],"is_endless":false,"potions_floor_spawned":[6,14,16,20,25,27,28,33,40],"killed_by":"Giant Head","ascension_level":6}