{"gold_per_floor":[115,132,9,9,24,59,59,92,116,116,126,140,140,193,193,296,296,278,297,308,325,325],"floor_reached":22,"playtime":922,"items_purged":["Strike_R"],"score":257,"play_id":"6b35574d-13fb-4e02-a61c-6ee8a9fcea52","local_time":"20190320144230","is_ascension_mode":true,"campfire_choices":[{"data":"True Grit","floor":7,"key":"SMITH"},{"data":"Bludgeon","floor":10,"key":"SMITH"},{"floor":15,"key":"REST"}],"neow_cost":"NONE","seed_source_timestamp":400342817325522,"circlet_count":0,"master_deck":["Strike_R","Strike_R","Strike_R","Strike_R","Defend_R+1","Defend_R","Defend_R","Defend_R","Bash","Bludgeon+1","Armaments","Iron Wave","Anger","True Grit+1","Feel No Pain","Exhume","Shrug It Off+1","Anger","Flex","Shrug It Off","Dropkick+1"],"relics":["Burning Blood","Strawberry","Bag of Preparation","Omamori","Orichalcum","Orrery"],"potions_floor_usage":[8],"damage_taken":[{"damage":1,"enemies":"Cultist","floor":1,"turns":3},{"damage":7,"enemies":"Jaw Worm","floor":2,"turns":3},{"damage":11,"enemies":"2 Louse","floor":5,"turns":3},{"damage":30,"enemies":"3 Sentries","floor":6,"turns":7},{"damage":32,"enemies":"Gremlin Nob","floor":8,"turns":4},{"damage":0,"enemies":"Looter","floor":11,"turns":2},{"damage":2,"enemies":"Large Slime","floor":12,"turns":5},{"damage":44,"enemies":"Hexaghost","floor":16,"turns":9},{"damage":16,"enemies":"2 Thieves","floor":18,"turns":4},{"damage":18,"enemies":"3 Byrds","floor":19,"turns":6},{"damage":16,"enemies":"Centurion and Healer","floor":20,"turns":7},{"damage":33,"enemies":"Snecko","floor":21,"turns":6},{"damage":13,"enemies":"Shelled Parasite and Fungi","floor":22,"turns":2}],"seed_played":"5004840564083451039","potions_obtained":[{"floor":1,"key":"Block Potion"},{"floor":5,"key":"Weak Potion"},{"floor":6,"key":"BloodPotion"},{"floor":12,"key":"Poison Potion"},{"floor":19,"key":"SkillPotion"}],"is_trial":false,"path_per_floor":["$","?","T"],"character_chosen":"IRONCLAD","items_purchased":["Anger"],"campfire_rested":1,"item_purchase_floors":[3],"current_hp_per_floor":[77,76,76,76,71,54,54,36,36,36,42,46,29,29,55,17,70,60,48,38,11,0],"gold":325,"neow_bonus":"ONE_RANDOM_RARE_CARD","is_prod":false,"is_daily":false,"chose_seed":false,"campfire_upgraded":2,"win_rate":0,"timestamp":1553107350,"path_taken":["M","M","?","$","M","E","R","E","T","R","M","M","?","?","R","BOSS","M","M","M","M","M"],"build_version":"2019-01-23","purchased_purges":1,"victory":false,"max_hp_per_floor":[80,80,80,80,80,87,87,87,87,87,87,87,87,87,87,87,87,87,87,87,87,87],"card_choices":[{"not_picked":["Bloodletting","Wild Strike"],"picked":"Armaments","floor":1},{"not_picked":["Pommel Strike","Intimidate"],"picked":"Iron Wave","floor":2},{"not_picked":["Warcry","Clash"],"picked":"True Grit","floor":5},{"not_picked":["Perfected Strike","Pummel"],"picked":"Feel No Pain","floor":6},{"not_picked":["Pommel Strike","Headbutt"],"picked":"Exhume","floor":8},{"not_picked":["Rupture","Headbutt"],"picked":"Shrug It Off","floor":11},{"not_picked":["Perfected Strike","Sword Boomerang","Dual Wield"],"picked":"SKIP","floor":12},{"not_picked":["Cleave","Clash"],"picked":"Anger","floor":17},{"not_picked":["Sword Boomerang","Havoc"],"picked":"Flex","floor":17},{"not_picked":["Entrench","Warcry","Wild Strike+1"],"picked":"SKIP","floor":18},{"not_picked":["True Grit","Armaments"],"picked":"Shrug It Off","floor":19},{"not_picked":["Exhume","Searing Blow"],"picked":"Dropkick+1","floor":20},{"not_picked":["Perfected Strike","Pommel Strike","Body Slam"],"picked":"SKIP","floor":21}],"player_experience":835263,"relics_obtained":[{"floor":6,"key":"Strawberry"},{"floor":8,"key":"Bag of Preparation"},{"floor":9,"key":"Omamori"},{"floor":14,"key":"Orichalcum"}],"event_choices":[{"damage_healed":0,"gold_gain":0,"player_choice":"Entered Light","damage_taken":17,"max_hp_gain":0,"max_hp_loss":0,"event_name":"Shining Light","floor":13,"gold_loss":0,"cards_upgraded":["Shrug It Off","Defend_R"]}],"is_beta":false,"boss_relics":[{"not_picked":["Lizard Tail","Astrolabe"],"picked":"Orrery"}],"items_purged_floors":[3],"is_endless":false,"potions_floor_spawned":[1,5,6,12,18,19],"killed_by":"Shelled Parasite and Fungi","ascension_level":6}