{"gold_per_floor":[119,138,138,138,138,138,164,164,164,174,174,125,155,166,166,270,270,290,309,92,109,109,109,129,129,153,165,165,195,13,23,23,118,118,133,208,208,220,220,254,254,287,287,25,25,51,86,86,86,86],"floor_reached":51,"playtime":1905,"items_purged":[],"score":1387,"play_id":"3a7ff267-7f93-40b3-88f7-485b411f60ed","local_time":"20181017182753","is_ascension_mode":true,"campfire_choices":[{"data":"Neutralize","floor":6,"key":"SMITH"},{"floor":11,"key":"REST"},{"data":"Infinite Blades","floor":15,"key":"SMITH"},{"floor":23,"key":"REST"},{"floor":25,"key":"REST"},{"floor":32,"key":"REST"},{"floor":41,"key":"DIG"},{"floor":45,"key":"REST"},{"floor":49,"key":"REST"}],"neow_cost":"NONE","seed_source_timestamp":0,"circlet_count":0,"master_deck":["Defend_G","Defend_G","Defend_G","Defend_G","Survivor","Neutralize+1","AscendersBane","Infinite Blades","Blur","Distraction","Infinite Blades+1","Backflip","Doppelganger","A Thousand Cuts","All Out Attack+1","Sucker Punch+1","Backstab","Blade Dance","Infinite Blades","PiercingWail","Bite","Bite","Bite","Bite","Bite","Backstab","Cloak And Dagger","Discovery","PiercingWail","Infinite Blades","Storm of Steel","Dash+1","Backflip","Blade Dance+1","Acrobatics+1","Dodge and Roll+1","Footwork"],"special_seed":0,"relics":["Ring of the Snake","Orichalcum","Shuriken","Bottled Tornado","Blue Candle","Letter Opener","FossilizedHelix","Fusion Hammer","PreservedInsect","Dream Catcher","Sozu","Shovel","Juzu Bracelet","Du-Vu Doll","Anchor","WingedGreaves","Gremlin Horn","Pen Nib","Bag of Marbles"],"potions_floor_usage":[13,24,29,33,50],"damage_taken":[{"damage":0,"enemies":"2 Louse","floor":1,"turns":5},{"damage":4,"enemies":"Jaw Worm","floor":2,"turns":3},{"damage":17,"enemies":"Gremlin Nob","floor":7,"turns":5},{"damage":1,"enemies":"Small Slimes","floor":10,"turns":3},{"damage":4,"enemies":"3 Sentries","floor":13,"turns":7},{"damage":0,"enemies":"2 Fungi Beasts","floor":14,"turns":3},{"damage":8,"enemies":"Slime Boss","floor":16,"turns":10},{"damage":11,"enemies":"Spheric Guardian","floor":18,"turns":4},{"damage":17,"enemies":"Shell Parasite","floor":19,"turns":5},{"damage":10,"enemies":"Sentry and Sphere","floor":21,"turns":4},{"damage":18,"enemies":"Shelled Parasite and Fungi","floor":24,"turns":5},{"damage":7,"enemies":"Snecko","floor":27,"turns":4},{"damage":19,"enemies":"Book of Stabbing","floor":29,"turns":4},{"damage":1,"enemies":"Cultist and Chosen","floor":31,"turns":4},{"damage":17,"enemies":"Champ","floor":33,"turns":8},{"damage":0,"enemies":"3 Darklings","floor":35,"turns":5},{"damage":4,"enemies":"Orb Walker","floor":38,"turns":4},{"damage":10,"enemies":"Mind Bloom Boss Battle","floor":39,"turns":7},{"damage":0,"enemies":"Reptomancer","floor":40,"turns":4},{"damage":27,"enemies":"Nemesis","floor":42,"turns":5},{"damage":0,"enemies":"Reptomancer","floor":46,"turns":3},{"damage":28,"enemies":"Nemesis","floor":47,"turns":5},{"damage":74,"enemies":"Time Eater","floor":50,"turns":10}],"seed_played":"-6893663287233867420","potions_obtained":[{"floor":7,"key":"LiquidBronze"},{"floor":13,"key":"EssenceOfSteel"},{"floor":21,"key":"Regen Potion"},{"floor":27,"key":"Energy Potion"}],"is_trial":false,"path_per_floor":["M","M","?","?","?","R","E","?","T","M","R","$","E","M","R","B",null,"M","M","$","M","?","R","M","R","T","M","?","E","$","M","R","B",null,"M","?","?","M","?","E","R","E","T","$","R","E","E","?","R","B"],"character_chosen":"THE_SILENT","items_purchased":["PowerPotion","Backstab","Blood Vial","Cloak And Dagger","Discovery","AttackPotion","Gremlin Horn"],"campfire_rested":6,"item_purchase_floors":[12,20,20,30,30,30,44],"current_hp_per_floor":[63,59,59,59,64,64,47,35,35,34,56,56,52,52,52,44,67,56,39,39,31,17,41,39,63,63,58,58,47,47,52,76,68,77,80,72,72,70,68,70,70,47,47,47,71,73,47,47,71,7],"gold":86,"neow_bonus":"RANDOM_COMMON_RELIC","is_prod":false,"is_daily":false,"chose_seed":false,"campfire_upgraded":2,"win_rate":0,"timestamp":1539815273,"path_taken":["M","M","?","?","?","R","E","?","T","M","R","?","E","?","R","BOSS","M","M","$","M","?","R","M","R","T","M","?","E","?","M","R","BOSS","M","?","?","M","?","E","R","E","T","$","R","E","E","?","R","BOSS"],"build_version":"2018-10-17","purchased_purges":0,"victory":true,"max_hp_per_floor":[70,70,70,70,75,75,75,75,75,75,75,75,75,75,75,75,75,75,75,75,75,80,80,80,80,80,80,80,80,80,80,80,80,80,80,80,80,80,80,80,80,80,80,80,80,80,80,80,80,80],"card_choices":[{"not_picked":["Dagger Throw","Dodge and Roll"],"picked":"Infinite Blades","floor":1},{"not_picked":["Deflect","Distraction"],"picked":"Blur","floor":2},{"not_picked":["Cloak And Dagger","Dodge and Roll"],"picked":"Distraction","floor":7},{"not_picked":["Cloak And Dagger","Acrobatics"],"picked":"Infinite Blades","floor":10},{"not_picked":["Quick Slash","Reflex"],"picked":"Backflip","floor":13},{"not_picked":["Bane","Crippling Poison"],"picked":"Doppelganger","floor":14},{"not_picked":["Malaise","Burst"],"picked":"A Thousand Cuts","floor":16},{"not_picked":["Flying Knee","Dagger Throw"],"picked":"All Out Attack+1","floor":18},{"not_picked":["Crippling Poison","Underhanded Strike"],"picked":"Sucker Punch+1","floor":19},{"not_picked":["Poisoned Stab","PiercingWail"],"picked":"Blade Dance","floor":21},{"not_picked":["Finisher","Deflect"],"picked":"Infinite Blades","floor":24},{"not_picked":["Tactician+1","Envenom"],"picked":"PiercingWail","floor":27},{"not_picked":["Deflect","Corpse Explosion"],"picked":"Backstab","floor":29},{"not_picked":["Reflex","Concentrate+1"],"picked":"PiercingWail","floor":31},{"not_picked":["PiercingWail","Dagger Throw+1"],"picked":"Infinite Blades","floor":32},{"not_picked":["Wraith Form v2","Die Die Die"],"picked":"Storm of Steel","floor":33},{"not_picked":["Bane","Tactician","Distraction"],"picked":"SKIP","floor":35},{"not_picked":["Quick Slash","Footwork","Bane+1"],"picked":"SKIP","floor":38},{"not_picked":["Dagger Throw","Eviscerate+1"],"picked":"Dash+1","floor":39},{"not_picked":["Quick Slash","Riddle With Holes"],"picked":"Backflip","floor":40},{"not_picked":["Venomology","Noxious Fumes"],"picked":"Blade Dance+1","floor":42},{"not_picked":["Distraction","PiercingWail"],"picked":"Acrobatics+1","floor":45},{"not_picked":["Deflect+1","Escape Plan"],"picked":"Dodge and Roll+1","floor":46},{"not_picked":["Setup","Caltrops","Poisoned Stab"],"picked":"SKIP","floor":47},{"not_picked":["Calculated Gamble","Expertise"],"picked":"Footwork","floor":49}],"player_experience":362792,"relics_obtained":[{"floor":7,"key":"Bottled Tornado"},{"floor":9,"key":"Letter Opener"},{"floor":13,"key":"FossilizedHelix"},{"floor":26,"key":"PreservedInsect"},{"floor":29,"key":"Dream Catcher"},{"floor":39,"key":"Shovel"},{"floor":40,"key":"Juzu Bracelet"},{"floor":41,"key":"Du-Vu Doll"},{"floor":42,"key":"Anchor"},{"floor":43,"key":"WingedGreaves"},{"floor":46,"key":"Pen Nib"},{"floor":47,"key":"Bag of Marbles"}],"event_choices":[{"damage_healed":0,"gold_gain":0,"cards_transformed":["Strike_G"],"player_choice":"Change","damage_taken":0,"max_hp_gain":0,"max_hp_loss":0,"event_name":"Living Wall","floor":3,"gold_loss":0,"cards_obtained":["Tactician"]},{"cards_removed":["Tactician"],"damage_healed":0,"gold_gain":0,"player_choice":"Gave Card","damage_taken":0,"relics_obtained":["Shuriken"],"max_hp_gain":0,"max_hp_loss":0,"event_name":"WeMeetAgain","floor":4,"gold_loss":0},{"damage_healed":0,"gold_gain":0,"player_choice":"Donut","damage_taken":0,"max_hp_gain":5,"max_hp_loss":0,"event_name":"Big Fish","floor":5,"gold_loss":0},{"damage_healed":0,"gold_gain":0,"player_choice":"Success","damage_taken":12,"relics_obtained":["Blue Candle"],"max_hp_gain":0,"max_hp_loss":0,"event_name":"Scrap Ooze","floor":8,"gold_loss":0},{"damage_healed":0,"gold_gain":0,"player_choice":"Shed Blood","damage_taken":19,"max_hp_gain":5,"max_hp_loss":0,"event_name":"Forgotten Altar","floor":22,"gold_loss":0},{"damage_healed":0,"gold_gain":0,"player_choice":"Became a vampire (Vial)","damage_taken":0,"max_hp_gain":0,"max_hp_loss":0,"event_name":"Vampires","floor":28,"relics_lost":["Blood Vial"],"gold_loss":0,"cards_obtained":["Bite","Bite","Bite","Bite","Bite"]},{"damage_healed":0,"gold_gain":75,"player_choice":"Touch","damage_taken":8,"max_hp_gain":0,"max_hp_loss":0,"event_name":"FaceTrader","floor":36,"gold_loss":0},{"damage_healed":0,"gold_gain":0,"player_choice":"Got Potions","damage_taken":0,"max_hp_gain":0,"max_hp_loss":0,"event_name":"The Lab","floor":37,"gold_loss":0},{"damage_healed":0,"gold_gain":0,"player_choice":"Fight","damage_taken":0,"max_hp_gain":0,"max_hp_loss":0,"event_name":"MindBloom","floor":39,"gold_loss":0},{"cards_removed":["Defend_G"],"damage_healed":0,"gold_gain":0,"player_choice":"Purged","damage_taken":0,"max_hp_gain":0,"max_hp_loss":0,"event_name":"Purifier","floor":48,"gold_loss":0}],"is_beta":true,"boss_relics":[{"not_picked":["Empty Cage","Calling Bell"],"picked":"Fusion Hammer"},{"not_picked":["Pandora\u0027s Box","Black Star"],"picked":"Sozu"}],"items_purged_floors":[],"is_endless":false,"potions_floor_spawned":[7,13,16,19,21,27,35,39,42],"ascension_level":12}