{"gold_per_floor":[114,114,125,140,140,172,172,183,206,223,240,250,269,294,294,390,390,406,406,423,523,536,562,581,581,581,597,615,630,641,667,667,768,768],"floor_reached":34,"playtime":8799,"items_purged":[],"score":437,"play_id":"41e60d23-520b-41c6-8e41-62d9d42ad947","local_time":"20190316201513","is_ascension_mode":false,"campfire_choices":[{"data":"Body Slam","floor":7,"key":"SMITH"},{"data":"Shrug It Off","floor":15,"key":"SMITH"},{"data":"Juggernaut","floor":25,"key":"SMITH"},{"data":"Entrench","floor":32,"key":"SMITH"}],"neow_cost":"NONE","seed_source_timestamp":66816554404669,"circlet_count":0,"master_deck":["Strike_R","Strike_R","Strike_R","Strike_R","Strike_R","Defend_R","Defend_R","Defend_R","Bash","Shrug It Off","Body Slam+1","Armaments","Headbutt","Shrug It Off+1","Headbutt","Juggernaut+1","Headbutt","Juggernaut","Combust+1","Entrench+1"],"relics":["Burning Blood","Oddly Smooth Stone","FaceOfCleric","Bag of Marbles","Regal Pillow","Red Skull","Velvet Choker","Paper Frog","Mercury Hourglass","Potion Belt","Eternal Feather"],"potions_floor_usage":[29,33,33,33],"damage_taken":[{"damage":2,"enemies":"Small Slimes","floor":1,"turns":3},{"damage":0,"enemies":"2 Louse","floor":3,"turns":4},{"damage":0,"enemies":"Cultist","floor":4,"turns":3},{"damage":18,"enemies":"3 Sentries","floor":6,"turns":10},{"damage":1,"enemies":"Looter","floor":8,"turns":3},{"damage":4,"enemies":"Large Slime","floor":10,"turns":4},{"damage":4,"enemies":"Gremlin Gang","floor":11,"turns":5},{"damage":0,"enemies":"3 Louse","floor":12,"turns":3},{"damage":7,"enemies":"Red Slaver","floor":13,"turns":5},{"damage":24,"enemies":"Gremlin Nob","floor":14,"turns":4},{"damage":37,"enemies":"Hexaghost","floor":16,"turns":11},{"damage":10,"enemies":"Spheric Guardian","floor":18,"turns":4},{"damage":0,"enemies":"Chosen","floor":20,"turns":3},{"damage":9,"enemies":"3 Cultists","floor":22,"turns":5},{"damage":39,"enemies":"Gremlin Leader","floor":23,"turns":8},{"damage":9,"enemies":"Centurion and Healer","floor":24,"turns":6},{"damage":0,"enemies":"Chosen and Byrds","floor":27,"turns":5},{"damage":4,"enemies":"Cultist and Chosen","floor":28,"turns":4},{"damage":0,"enemies":"Centurion and Healer","floor":29,"turns":4},{"damage":16,"enemies":"Shelled Parasite and Fungi","floor":30,"turns":4},{"damage":15,"enemies":"Book of Stabbing","floor":31,"turns":5},{"damage":53,"enemies":"Champ","floor":33,"turns":9}],"seed_played":"3925205556127971234","potions_obtained":[{"floor":3,"key":"GamblersBrew"},{"floor":8,"key":"Strength Potion"},{"floor":11,"key":"Strength Potion"},{"floor":13,"key":"SkillPotion"},{"floor":23,"key":"Fire Potion"},{"floor":29,"key":"SteroidPotion"},{"floor":30,"key":"Energy Potion"},{"floor":31,"key":"FairyPotion"}],"is_trial":false,"path_per_floor":["?","?","M","?","?","M"],"character_chosen":"IRONCLAD","items_purchased":[],"campfire_rested":0,"item_purchase_floors":[],"current_hp_per_floor":[80,73,79,80,80,69,69,75,75,78,81,85,85,68,68,38,88,85,68,75,75,73,41,39,39,39,46,49,56,47,39,39,17,104],"gold":768,"neow_bonus":"RANDOM_COMMON_RELIC","is_prod":false,"is_daily":false,"chose_seed":false,"campfire_upgraded":4,"win_rate":0,"timestamp":1552781713,"path_taken":["M","?","M","M","?","E","R","?","T","M","M","M","M","E","R","BOSS","M","?","M","?","?","E","M","R","T","M","M","M","M","E","R","BOSS"],"build_version":"2019-01-23","purchased_purges":0,"victory":false,"max_hp_per_floor":[80,80,80,80,80,81,81,82,82,83,84,85,86,87,87,88,88,89,94,95,95,96,97,98,98,98,99,100,101,102,103,103,104,104],"card_choices":[{"not_picked":["Cleave","Iron Wave"],"picked":"Shrug It Off","floor":1},{"not_picked":["Fire Breathing","Clothesline"],"picked":"Body Slam","floor":3},{"not_picked":["Pommel Strike","Double Tap"],"picked":"Armaments","floor":4},{"not_picked":["Clash","Limit Break","Clothesline"],"picked":"SKIP","floor":6},{"not_picked":["Spot Weakness","Combust"],"picked":"Headbutt","floor":8},{"not_picked":["Wild Strike","Battle Trance","Heavy Blade"],"picked":"SKIP","floor":10},{"not_picked":["Fire Breathing","Reckless Charge","Rage"],"picked":"SKIP","floor":11},{"not_picked":["Shockwave","Carnage","Inflame"],"picked":"SKIP","floor":12},{"not_picked":["True Grit","Pommel Strike"],"picked":"Shrug It Off","floor":13},{"not_picked":["Warcry","Thunderclap"],"picked":"Headbutt","floor":14},{"not_picked":["Reaper","Dark Embrace"],"picked":"Juggernaut","floor":16},{"not_picked":["Clash+1","Body Slam"],"picked":"Headbutt","floor":18},{"not_picked":["Infernal Blade","Body Slam","Heavy Blade"],"picked":"SKIP","floor":20},{"not_picked":["Rage","Perfected Strike","Flex"],"picked":"SKIP","floor":22},{"not_picked":["Reckless Charge","Anger"],"picked":"Juggernaut","floor":23},{"not_picked":["Dual Wield","Pommel Strike"],"picked":"Combust+1","floor":24},{"not_picked":["Spot Weakness+1","Perfected Strike","Shrug It Off"],"picked":"SKIP","floor":27},{"not_picked":["Armaments","Flex+1","Heavy Blade"],"picked":"SKIP","floor":28},{"not_picked":["Reckless Charge","Headbutt","Disarm"],"picked":"SKIP","floor":29},{"not_picked":["Pommel Strike","Shockwave"],"picked":"Entrench","floor":30},{"not_picked":["Flex","Corruption","Shrug It Off"],"picked":"SKIP","floor":31}],"player_experience":697018,"relics_obtained":[{"floor":6,"key":"Bag of Marbles"},{"floor":9,"key":"Regal Pillow"},{"floor":14,"key":"Red Skull"},{"floor":23,"key":"Paper Frog"},{"floor":26,"key":"Mercury Hourglass"},{"floor":31,"key":"Potion Belt"}],"event_choices":[{"cards_removed":["Defend_R"],"damage_healed":0,"gold_gain":0,"player_choice":"Card Removal","damage_taken":7,"max_hp_gain":0,"max_hp_loss":0,"event_name":"Golden Wing","floor":2,"gold_loss":0},{"damage_healed":0,"gold_gain":0,"player_choice":"Trade","damage_taken":0,"relics_obtained":["FaceOfCleric"],"max_hp_gain":0,"max_hp_loss":0,"event_name":"FaceTrader","floor":5,"gold_loss":0},{"damage_healed":0,"gold_gain":0,"player_choice":"Shed Blood","damage_taken":22,"max_hp_gain":5,"max_hp_loss":0,"event_name":"Forgotten Altar","floor":19,"gold_loss":0},{"damage_healed":0,"gold_gain":100,"player_choice":"Pray","damage_taken":0,"max_hp_gain":0,"max_hp_loss":0,"event_name":"Golden Shrine","floor":21,"gold_loss":0}],"is_beta":false,"boss_relics":[{"not_picked":["Ectoplasm","Runic Dome"],"picked":"Velvet Choker"},{"not_picked":["Fusion Hammer","Cursed Key"],"picked":"Eternal Feather"}],"items_purged_floors":[],"is_endless":false,"potions_floor_spawned":[3,8,11,13,16,20,23,24,29,30,31],"ascension_level":0}