{"gold_per_floor":[112,287,301,301,301,327,327,327,327,343,361,361,37,68,68,165,165,183,199,114,132,132,132],"floor_reached":23,"playtime":1091,"items_purged":[],"score":346,"play_id":"e3817a8f-a715-4c81-9f39-8ca69633fe44","local_time":"20181017024156","is_ascension_mode":true,"campfire_choices":[{"floor":7.0,"key":"REST"},{"floor":12,"key":"REST"},{"data":"Caltrops","floor":15,"key":"SMITH"}],"neow_cost":"PERCENT_DAMAGE","seed_source_timestamp":0,"circlet_count":0,"master_deck":["Defend_G","Defend_G","Defend_G","Defend_G","Defend_G","Strike_G","Strike_G","Strike_G","Strike_G","Strike_G","Survivor","Neutralize","AscendersBane","Well Laid Plans","Escape Plan","PiercingWail","Dagger Spray","Infinite Blades","Infinite Blades","Caltrops+1","Envenom","Terror+1","PiercingWail+1"],"special_seed":0,"relics":["Ring of the Snake","Thread and Needle","Dodecahedron","Spirit Poop","Blood Vial","Kunai","Pantograph","Pocketwatch","Cursed Key","Darkstone Periapt"],"potions_floor_usage":[14,22],"damage_taken":[{"damage":0.0,"enemies":"Cultist","floor":1.0,"turns":4.0},{"damage":0.0,"enemies":"2 Louse","floor":3.0,"turns":3.0},{"damage":35.0,"enemies":"Gremlin Nob","floor":6.0,"turns":5.0},{"damage":0,"enemies":"Small Slimes","floor":10,"turns":6},{"damage":0,"enemies":"Red Slaver","floor":11,"turns":6},{"damage":0,"enemies":"3 Sentries","floor":14,"turns":8},{"damage":17,"enemies":"The Guardian","floor":16,"turns":14},{"damage":30,"enemies":"2 Thieves","floor":18,"turns":4},{"damage":8,"enemies":"Spheric Guardian","floor":19,"turns":5},{"damage":6,"enemies":"Centurion and Healer","floor":21,"turns":8},{"damage":16,"enemies":"Colosseum Slavers","floor":22,"turns":5},{"damage":19,"enemies":"Gremlin Leader","floor":23,"turns":3}],"seed_played":"-5872074838572547439","potions_obtained":[{"floor":1.0,"key":"Fire Potion"},{"floor":3.0,"key":"LiquidBronze"},{"floor":11,"key":"EssenceOfSteel"},{"floor":18,"key":"Poison Potion"}],"is_trial":false,"path_per_floor":["M","?","M","?","?","E","R","?","T","M","M","R","$","E","R","B",null,"M","M","?","M","?"],"character_chosen":"THE_SILENT","items_purchased":["Infinite Blades","Pantograph"],"campfire_rested":2,"item_purchase_floors":[13,13],"current_hp_per_floor":[45,45,45,42,42,7,28,28,28,30,32,53,53,55,55,53,66,38,32,32,28,14,0],"gold":132,"neow_bonus":"ONE_RARE_RELIC","is_prod":false,"is_daily":false,"chose_seed":false,"campfire_upgraded":1,"win_rate":0,"timestamp":1539758516,"path_taken":["M","?","?","?","?","E","R","?","T","?","M","R","$","E","R","BOSS","M","?","?","M","?","E"],"build_version":"2018-10-15v2","purchased_purges":0,"victory":false,"max_hp_per_floor":[70,70,70,70,70,70,70,70,70,70,70,70,70,70,70,70,70,70,70,70,70,70,70],"card_choices":[{"not_picked":["Poisoned Stab","Acrobatics"],"picked":"Well Laid Plans","floor":1.0},{"not_picked":["Setup","Reflex"],"picked":"Escape Plan","floor":3.0},{"not_picked":["Deadly Poison","Dagger Throw"],"picked":"PiercingWail","floor":6.0},{"not_picked":["Prepared","Quick Slash"],"picked":"Dagger Spray","floor":10},{"not_picked":["Deflect","Corpse Explosion"],"picked":"Infinite Blades","floor":11},{"not_picked":["Endless Agony","Concentrate"],"picked":"Caltrops","floor":14},{"not_picked":["Grand Finale","Storm of Steel"],"picked":"Envenom","floor":16},{"not_picked":["Choke","Deadly Poison+1"],"picked":"Terror+1","floor":18},{"not_picked":["Prepared","Eviscerate"],"picked":"PiercingWail+1","floor":19},{"not_picked":["Endless Agony+1","PiercingWail","Reflex"],"picked":"SKIP","floor":21}],"player_experience":354729,"relics_obtained":[{"floor":6.0,"key":"Blood Vial"},{"floor":9,"key":"Kunai"},{"floor":14,"key":"Pocketwatch"}],"event_choices":[{"event_name":"Liars Game","player_choice":"agreed","floor":2.0,"damage_taken":0.0},{"event_name":"Scrap Ooze","player_choice":"success","floor":4.0,"damage_taken":3.0},{"event_name":"Bonfire Elementals","player_choice":"CURSE","floor":5.0,"damage_taken":0.0},{"event_name":"Dead Adventurer","player_choice":"Searched \u00270\u0027 times","floor":8,"damage_taken":0},{"event_name":"Addict","player_choice":"Obtained Relic","floor":20,"damage_taken":0},{"event_name":"Colosseum","player_choice":"Fight","floor":22,"damage_taken":0},{"event_name":"Colosseum","player_choice":"Fled From Nobs","floor":22,"damage_taken":0}],"is_beta":true,"boss_relics":[{"not_picked":["Ectoplasm","Ring of the Serpent"],"picked":"Cursed Key"}],"items_purged_floors":[],"is_endless":false,"potions_floor_spawned":[1,3,11,18],"killed_by":"Gremlin Leader","ascension_level":11}