{"gold_per_floor":[119,139,153,253,109,109,136,136,136,148,148,148,148,75,75,174,174,185,204,223,123,123,123,54,64,64,90,124,124,124,135,135,135],"floor_reached":33,"playtime":1765,"items_purged":["Strike_G","Defend_G"],"score":510,"play_id":"36b8ff47-eb0e-4053-b9fc-6c0283a3f7c7","local_time":"20190215215055","is_ascension_mode":true,"campfire_choices":[{"data":"Skewer","floor":6.0,"key":"SMITH"},{"data":"Predator","floor":8.0,"key":"SMITH"},{"data":"Cloak And Dagger","floor":12.0,"key":"SMITH"},{"data":"Footwork","floor":15.0,"key":"SMITH"},{"data":"Distraction","floor":23,"key":"SMITH"},{"data":"Bouncing Flask","floor":29,"key":"SMITH"},{"floor":32,"key":"REST"}],"neow_cost":"NONE","seed_source_timestamp":1134321715465609,"circlet_count":0,"master_deck":["AscendersBane","Defend_G","Defend_G","Defend_G","Defend_G+1","Strike_G+1","Survivor","Neutralize","Predator+1","Skewer+1","Cloak And Dagger+1","Leg Sweep","Distraction+1","Footwork+1","Bouncing Flask+1","Caltrops","Footwork","Corpse Explosion"],"special_seed":0,"relics":["Ring of the Snake","NeowsBlessing","Gremlin Horn","Singing Bowl","Empty Cage","Paper Crane","Bottled Lightning","Red Mask"],"potions_floor_usage":[27,28,33],"damage_taken":[{"damage":0.0,"enemies":"Cultist","floor":1.0,"turns":1.0},{"damage":0.0,"enemies":"2 Louse","floor":2.0,"turns":1.0},{"damage":0.0,"enemies":"Small Slimes","floor":3.0,"turns":1.0},{"damage":40.0,"enemies":"Gremlin Nob","floor":7.0,"turns":5.0},{"damage":1.0,"enemies":"Exordium Thugs","floor":10.0,"turns":4.0},{"damage":0.0,"enemies":"The Guardian","floor":16.0,"turns":14.0},{"damage":0.0,"enemies":"3 Byrds","floor":18.0,"turns":4.0},{"damage":19.0,"enemies":"Chosen","floor":19.0,"turns":12.0},{"damage":8,"enemies":"Shelled Parasite and Fungi","floor":20,"turns":9},{"damage":1,"enemies":"Centurion and Healer","floor":25,"turns":9},{"damage":19,"enemies":"Slavers","floor":27,"turns":8},{"damage":35,"enemies":"Masked Bandits","floor":28,"turns":6},{"damage":11,"enemies":"Snecko","floor":31,"turns":7},{"damage":62,"enemies":"Collector","floor":33,"turns":10}],"seed_played":"5227149651375489241","potions_obtained":[{"floor":1.0,"key":"Explosive Potion"},{"floor":7.0,"key":"PowerPotion"},{"floor":16.0,"key":"LiquidBronze"},{"floor":19.0,"key":"PowerPotion"},{"floor":20,"key":"SkillPotion"},{"floor":31,"key":"SneckoOil"}],"is_trial":false,"path_per_floor":["M","M","M","?","$","R","E","R","T","M","?","R","?","$","R","B",null,"M","M","M","$","?","R","$","M","T","E","?","R","?","M","R","B"],"character_chosen":"THE_SILENT","items_purchased":["Leg Sweep","Footwork","Caltrops"],"campfire_rested":1,"item_purchase_floors":[5,14,24],"current_hp_per_floor":[63,63,63,63,63,63,23,23,23,24,24,24,10,10,10,10,57,59,40,34,34,86,86,86,87,87,68,35,35,35,26,53,0],"gold":135,"neow_bonus":"THREE_ENEMY_KILL","is_prod":false,"is_daily":false,"chose_seed":false,"campfire_upgraded":6,"win_rate":0,"timestamp":1550296255,"path_taken":["M","M","?","?","$","R","E","R","T","?","?","R","?","$","R","BOSS","M","M","M","$","?","R","?","?","T","E","?","R","?","M","R","BOSS"],"build_version":"2019-01-23","purchased_purges":2,"victory":false,"max_hp_per_floor":[70,70,70,70,70,70,70,70,70,72,72,72,72,72,72,72,72,74,74,76,76,86,86,86,88,88,88,90,90,90,92,92,92],"card_choices":[{"not_picked":["Underhanded Strike","Prepared"],"picked":"Predator","floor":1.0},{"not_picked":["Slice","Outmaneuver"],"picked":"Skewer","floor":2.0},{"not_picked":["Calculated Gamble","Bane"],"picked":"Cloak And Dagger","floor":3.0},{"not_picked":["Storm of Steel","Dash"],"picked":"Distraction","floor":7.0},{"not_picked":["Flying Knee","Acrobatics","Leg Sweep"],"picked":"Singing Bowl","floor":10.0},{"not_picked":["Unload","Wraith Form v2"],"picked":"Bullet Time","floor":16.0},{"not_picked":["Setup+1","Cloak And Dagger","Deadly Poison"],"picked":"Singing Bowl","floor":18.0},{"not_picked":["Deadly Poison+1","All Out Attack+1"],"picked":"Bouncing Flask","floor":19.0},{"not_picked":["Setup","Bane+1","Finisher"],"picked":"Singing Bowl","floor":20},{"not_picked":["Crippling Poison","Prepared","Unload"],"picked":"Singing Bowl","floor":25},{"not_picked":["Slice","Sucker Punch"],"picked":"Footwork","floor":27},{"not_picked":["Infinite Blades+1","Dagger Spray","Acrobatics"],"picked":"Singing Bowl","floor":28},{"not_picked":["Quick Slash","Terror+1","Prepared"],"picked":"Singing Bowl","floor":31}],"player_experience":400466,"relics_obtained":[{"floor":7.0,"key":"Gremlin Horn"},{"floor":9.0,"key":"Singing Bowl"},{"floor":26,"key":"Paper Crane"},{"floor":27,"key":"Bottled Lightning"},{"floor":28,"key":"Red Mask"}],"event_choices":[{"damage_healed":0.0,"max_hp_gain":0.0,"max_hp_loss":0.0,"gold_gain":100.0,"event_name":"Golden Shrine","player_choice":"Pray","floor":4.0,"gold_loss":0.0,"damage_taken":0.0},{"cards_removed":["Strike_G"],"damage_healed":0.0,"max_hp_gain":0.0,"max_hp_loss":0.0,"gold_gain":0.0,"event_name":"Living Wall","player_choice":"Forget","floor":11.0,"gold_loss":0.0,"damage_taken":0.0},{"damage_healed":0.0,"max_hp_gain":0.0,"max_hp_loss":0.0,"gold_gain":0.0,"event_name":"Shining Light","player_choice":"Entered Light","floor":13.0,"gold_loss":0.0,"damage_taken":14.0,"cards_upgraded":["Defend_G","Strike_G"]},{"cards_removed":["Bullet Time"],"damage_healed":42,"gold_gain":0,"player_choice":"Offered Rare","damage_taken":0,"max_hp_gain":10,"max_hp_loss":0,"event_name":"Bonfire Elementals","floor":22,"gold_loss":0},{"damage_healed":0,"gold_gain":0,"player_choice":"Fought Bandits","damage_taken":0,"max_hp_gain":0,"max_hp_loss":0,"event_name":"Masked Bandits","floor":28,"gold_loss":0},{"damage_healed":0,"gold_gain":0,"player_choice":"Read","damage_taken":0,"max_hp_gain":0,"max_hp_loss":0,"event_name":"The Library","floor":30,"gold_loss":0,"cards_obtained":["Corpse Explosion"]}],"is_beta":false,"boss_relics":[{"not_picked":["HoveringKite","Philosopher\u0027s Stone"],"picked":"Empty Cage"}],"items_purged_floors":[5,21],"is_endless":false,"potions_floor_spawned":[1,7,16,19,20,31],"killed_by":"Collector","ascension_level":11}