{"gold_per_floor":[109,109,124,139,151,151,186,206,260,271,271,271],"floor_reached":12,"playtime":759,"items_purged":[],"score":82,"play_id":"4b900210-677f-44b9-a0ca-b67cf85d34ae","local_time":"20190212172358","is_ascension_mode":false,"campfire_choices":[{"data":"Undo","floor":6,"key":"SMITH"}],"neow_cost":"NONE","seed_source_timestamp":449447864636770,"circlet_count":0,"master_deck":["Strike_B","Strike_B","Strike_B","Defend_B","Defend_B","Defend_B","Zap","Dualcast","Undo+1","Beam Cell","Defragment","White Noise","Sunder+1","Beam Cell+1"],"relics":["Cracked Core","Art of War","DataDisk"],"potions_floor_usage":[],"damage_taken":[{"damage":0,"enemies":"Small Slimes","floor":1,"turns":4},{"damage":0,"enemies":"2 Louse","floor":3,"turns":4},{"damage":0,"enemies":"Cultist","floor":4,"turns":4},{"damage":5,"enemies":"Large Slime","floor":5,"turns":6},{"damage":48,"enemies":"3 Sentries","floor":7,"turns":11},{"damage":1,"enemies":"2 Fungi Beasts","floor":8,"turns":4},{"damage":0,"enemies":"Exordium Thugs","floor":10,"turns":4},{"damage":8,"enemies":"Red Slaver","floor":12,"turns":1}],"seed_played":"1931200047997373598","potions_obtained":[{"floor":3,"key":"SpeedPotion"},{"floor":5,"key":"AttackPotion"},{"floor":7,"key":"AttackPotion"}],"is_trial":false,"path_per_floor":["?","?"],"character_chosen":"DEFECT","items_purchased":[],"campfire_rested":0,"item_purchase_floors":[],"current_hp_per_floor":[75,75,75,75,70,70,22,21,21,21,6,0],"gold":271,"neow_bonus":"TRANSFORM_CARD","is_prod":false,"is_daily":false,"chose_seed":false,"campfire_upgraded":1,"win_rate":0,"timestamp":1550010238,"path_taken":["M","?","M","M","M","R","E","M","T","M","?","M"],"build_version":"2019-01-23","purchased_purges":0,"victory":false,"max_hp_per_floor":[75,75,75,75,75,75,75,75,75,75,75,75],"card_choices":[{"not_picked":["Steam","Barrage","Beam Cell"],"picked":"SKIP","floor":1},{"not_picked":["Blizzard","Redo"],"picked":"Beam Cell","floor":3},{"not_picked":["Conserve Battery","Thunder Strike"],"picked":"Defragment","floor":4},{"not_picked":["Sweeping Beam","Reinforced Body","Conserve Battery"],"picked":"SKIP","floor":5},{"not_picked":["Go for the Eyes","Darkness"],"picked":"White Noise","floor":7},{"not_picked":["Auto Shields","Cold Snap"],"picked":"Sunder","floor":8},{"not_picked":["Consume","Chill"],"picked":"Beam Cell","floor":10}],"player_experience":452717,"relics_obtained":[{"floor":7,"key":"Art of War"},{"floor":9,"key":"DataDisk"}],"event_choices":[{"cards_removed":["Defend_B"],"damage_healed":0,"gold_gain":0,"player_choice":"Forget","damage_taken":0,"max_hp_gain":0,"max_hp_loss":0,"event_name":"Living Wall","floor":2,"gold_loss":0},{"damage_healed":0,"gold_gain":0,"player_choice":"Entered Light","damage_taken":15,"max_hp_gain":0,"max_hp_loss":0,"event_name":"Shining Light","floor":11,"gold_loss":0,"cards_upgraded":["Beam Cell","Sunder"]}],"is_beta":false,"boss_relics":[],"items_purged_floors":[],"is_endless":false,"potions_floor_spawned":[3,5,7,8],"killed_by":"Red Slaver","ascension_level":0}