{"path_per_floor":["M","M","M","?","M","E","R","E","T","M","?","?","M","$","R","B",null,"M","?","T","M","?","R","M"],"character_chosen":"IRONCLAD","items_purchased":["Reckless Charge","Juzu Bracelet","Energy Potion"],"gold_per_floor":[116,130,148,98,109,142,142,168,222,238,238,238,258,7,7,135,135,130,130,156,177,177,177,200,200],"floor_reached":25,"campfire_rested":1,"playtime":1378,"current_hp_per_floor":[72,72,68,68,72,59,59,53,53,43,29,29,35,35,56,35,72,54,54,54,58,36,36,29,12],"items_purged":[],"gold":200,"score":238,"play_id":"e72cf564-43f5-42b8-bb6a-706a3ee0364f","local_time":"20180413205920","is_prod":false,"is_daily":false,"chose_seed":true,"is_ascension_mode":false,"campfire_upgraded":2,"timestamp":1523667560,"path_taken":["M","M","?","?","M","E","R","E","T","M","?","?","?","?","R","BOSS","M","?","?","M","?","R","M","M"],"build_version":"2018-04-12","seed_source_timestamp":270715956745955,"purchased_purges":0,"victory":false,"master_deck":["Strike_R","Strike_R","Strike_R","Strike_R","Strike_R","Defend_R","Bash+1","Second Wind","Ghostly Armor","Havoc+1","Double Tap+1","Shrug It Off","Reckless Charge","Feel No Pain","Feel No Pain","Armaments","Injury","Infernal Blade+1","Reckless Charge","Bludgeon","Decay","Regret","Pain","Perfected Strike","Exhume","Infernal Blade","Ghostly","Ghostly","Ghostly","Ghostly","Ghostly","Ghostly Armor"],"max_hp_per_floor":[72,72,72,72,72,72,72,72,72,72,72,72,72,72,72,72,72,72,72,72,72,36,36,36,36],"relics":["Burning Blood","Ginger","Pen Nib","Tiny Chest","Golden Idol","Juzu Bracelet","Calling Bell","Gremlin Horn","Dodecahedron","Self Forming Clay","Oddly Smooth Stone"],"card_choices":[{"not_picked":["Shrug It Off","Clothesline"],"picked":"Havoc","floor":1},{"not_picked":["Heavy Blade","Ghostly Armor"],"picked":"Double Tap","floor":2},{"not_picked":["Sword Boomerang","Pommel Strike"],"picked":"Shrug It Off","floor":3},{"not_picked":["Headbutt","True Grit"],"picked":"Reckless Charge","floor":5},{"not_picked":["Uppercut","Bloodletting"],"picked":"Feel No Pain","floor":6},{"not_picked":["Sword Boomerang","Berserk"],"picked":"Feel No Pain","floor":8},{"not_picked":["Rupture","Blood for Blood"],"picked":"Armaments","floor":10},{"not_picked":["Flex","True Grit"],"picked":"Infernal Blade","floor":13},{"not_picked":["Barricade","Fiend Fire"],"picked":"Bludgeon","floor":16},{"not_picked":["Warcry","Second Wind"],"picked":"Perfected Strike","floor":18},{"not_picked":["Perfected Strike","Twin Strike"],"picked":"Infernal Blade","floor":21},{"not_picked":["Heavy Blade","Clothesline"],"picked":"Ghostly Armor","floor":24}],"player_experience":93654,"potions_floor_usage":[5,13,16,21],"damage_taken":[{"damage":0,"enemies":"Cultist","floor":1,"turns":3},{"damage":1,"enemies":"Jaw Worm","floor":2,"turns":3},{"damage":10,"enemies":"2 Louse","floor":3,"turns":3},{"damage":0,"enemies":"2 Fungi Beasts","floor":5,"turns":2},{"damage":19,"enemies":"3 Sentries","floor":6,"turns":9},{"damage":12,"enemies":"Lagavulin","floor":8,"turns":7},{"damage":16,"enemies":"3 Louse","floor":10,"turns":4},{"damage":0,"enemies":"Blue Slaver","floor":13,"turns":2},{"damage":27,"enemies":"The Guardian","floor":16,"turns":12},{"damage":24,"enemies":"2 Thieves","floor":18,"turns":4},{"damage":2,"enemies":"Spheric Guardian","floor":21,"turns":3},{"damage":13,"enemies":"Cultist and Chosen","floor":24,"turns":10},{"damage":17,"enemies":"Slaver and Parasite","floor":25,"turns":3}],"event_choices":[{"event_name":"The Cleric","player_choice":"Card Removal","floor":4,"damage_taken":0},{"event_name":"Shining Light","player_choice":"Entered Light","floor":11,"damage_taken":0},{"event_name":"Golden Idol","player_choice":"Take Wound","floor":12,"damage_taken":0},{"event_name":"The Library","player_choice":"Read","floor":19,"damage_taken":0},{"event_name":"Ghosts","player_choice":"Became a Ghost","floor":22,"damage_taken":0}],"boss_relics":[{"not_picked":["Philosopher\u0027s Stone","White Beast Statue"],"picked":"Calling Bell"}],"potions_floor_spawned":[2,3,6,16],"seed_played":"1001001","killed_by":"Slaver and Parasite","ascension_level":0,"is_trial":false}