{"gold_per_floor":[113,129,4,4,4,20,33,77,77,96,96,96,110,110,110,229,229,245,263,276,79,79],"floor_reached":22,"playtime":1205,"items_purged":["Regret","Regret"],"score":188,"play_id":"084df7e0-e9e3-46c9-a5e8-925c605d653d","local_time":"20190206153235","is_ascension_mode":false,"campfire_choices":[{"data":"Body Slam","floor":12,"key":"SMITH"},{"floor":15,"key":"REST"}],"neow_cost":"CURSE","seed_source_timestamp":751048655396238,"circlet_count":0,"master_deck":["Strike_R","Strike_R","Strike_R","Defend_R","Defend_R","Defend_R","Defend_R","Bash","Shrug It Off","Body Slam+1","Shrug It Off","Juggernaut","Pain","Clumsy","Metallicize+1","Deep Breath"],"relics":["Burning Blood","Ginger","Golden Idol","Sundial","Charon\u0027s Ashes","Calling Bell","Vajra","Frozen Egg 2","FossilizedHelix"],"potions_floor_usage":[16,22],"damage_taken":[{"damage":8,"enemies":"Jaw Worm","floor":1,"turns":4},{"damage":4,"enemies":"2 Louse","floor":2,"turns":3},{"damage":6,"enemies":"Cultist","floor":6,"turns":3},{"damage":2,"enemies":"Looter","floor":7,"turns":4},{"damage":29,"enemies":"Gremlin Nob","floor":8,"turns":5},{"damage":6,"enemies":"2 Fungi Beasts","floor":10,"turns":4},{"damage":10,"enemies":"Large Slime","floor":13,"turns":6},{"damage":7,"enemies":"The Guardian","floor":16,"turns":9},{"damage":38,"enemies":"Shell Parasite","floor":18,"turns":9},{"damage":22,"enemies":"2 Thieves","floor":19,"turns":4},{"damage":31,"enemies":"Snecko","floor":20,"turns":7},{"damage":7,"enemies":"Snake Plant","floor":22,"turns":4}],"seed_played":"1754554814137258861","potions_obtained":[{"floor":6,"key":"EssenceOfSteel"},{"floor":7,"key":"SkillPotion"},{"floor":16,"key":"AttackPotion"},{"floor":20,"key":"SteroidPotion"}],"is_trial":false,"path_per_floor":["?","?","?"],"character_chosen":"IRONCLAD","items_purchased":["Shrug It Off","Deep Breath"],"campfire_rested":1,"item_purchase_floors":[3,21],"current_hp_per_floor":[78,80,80,60,53,53,57,34,34,34,34,34,30,30,54,53,80,48,32,7,7,0],"gold":79,"neow_bonus":"ONE_RARE_RELIC","is_prod":false,"is_daily":false,"chose_seed":false,"campfire_upgraded":1,"win_rate":0,"timestamp":1549485155,"path_taken":["M","M","$","?","?","M","M","E","T","M","$","R","M","?","R","BOSS","M","M","M","$","M"],"build_version":"2019-01-23","purchased_purges":2,"victory":false,"max_hp_per_floor":[80,80,80,80,80,80,80,80,80,80,80,80,80,80,80,80,80,80,80,80,80,80],"card_choices":[{"not_picked":["Perfected Strike","Flame Barrier","Clash"],"picked":"SKIP","floor":1},{"not_picked":["Pommel Strike","Anger","Havoc"],"picked":"SKIP","floor":2},{"not_picked":["Armaments","Perfected Strike"],"picked":"Body Slam","floor":6},{"not_picked":["Flex","Burning Pact"],"picked":"Shrug It Off","floor":7},{"not_picked":["Wild Strike","Dual Wield","Havoc"],"picked":"SKIP","floor":8},{"not_picked":["Reckless Charge","Rupture","Perfected Strike"],"picked":"SKIP","floor":10},{"not_picked":["Sentinel","Anger"],"picked":"Juggernaut","floor":13},{"not_picked":["Dual Wield","Battle Trance"],"picked":"Metallicize+1","floor":18},{"not_picked":["Perfected Strike","Twin Strike+1","Heavy Blade+1"],"picked":"SKIP","floor":19},{"not_picked":["Anger","Pummel","Sword Boomerang"],"picked":"SKIP","floor":20}],"player_experience":318631,"relics_obtained":[{"floor":8,"key":"Sundial"},{"floor":9,"key":"Charon\u0027s Ashes"},{"floor":17,"key":"Vajra"},{"floor":17,"key":"Frozen Egg 2"},{"floor":17,"key":"FossilizedHelix"}],"event_choices":[{"damage_healed":0,"gold_gain":0,"player_choice":"Take Damage","damage_taken":20,"relics_obtained":["Golden Idol"],"max_hp_gain":0,"max_hp_loss":0,"event_name":"Golden Idol","floor":4,"gold_loss":0},{"cards_removed":["Strike_R"],"damage_healed":0,"gold_gain":0,"player_choice":"Card Removal","damage_taken":7,"max_hp_gain":0,"max_hp_loss":0,"event_name":"Golden Wing","floor":5,"gold_loss":0},{"cards_removed":["Strike_R"],"damage_healed":0,"gold_gain":0,"player_choice":"Card Removal","damage_taken":0,"max_hp_gain":0,"max_hp_loss":0,"event_name":"Wheel of Change","floor":14,"gold_loss":0}],"is_beta":false,"boss_relics":[{"not_picked":["Sozu","Orrery"],"picked":"Calling Bell"}],"items_purged_floors":[3,21],"is_endless":false,"potions_floor_spawned":[6,7,16,20],"killed_by":"Snake Plant","ascension_level":0}