{"gold_per_floor":[114,134,151,226,38,38,38,38,87,98,127,127,168,189,189,315,315,340,87,107,123,123,123,158,173,199,199,199,232,147,163,163,163],"floor_reached":33,"playtime":1544,"items_purged":[],"score":320,"play_id":"87c326d1-551e-4d6a-892c-59ede87e3050","local_time":"20180731180800","is_ascension_mode":false,"campfire_choices":[{"data":"Redo","floor":6,"key":"SMITH"},{"floor":8,"key":"REST"},{"data":"Bandage Up","floor":15,"key":"SMITH"},{"floor":23,"key":"REST"},{"floor":27,"key":"REST"},{"data":"Chaos","floor":32,"key":"SMITH"}],"neow_cost":"NONE","seed_source_timestamp":431973962804587,"circlet_count":0,"master_deck":["Defend_B","Defend_B","Defend_B+1","Defend_B","Zap","Rip and Tear","Redo+1","Blizzard","Sweeping Beam","Bandage Up+1","Rip and Tear","Conserve Battery","Genetic Algorithm+1","Sweeping Beam","Rip and Tear","Cold Snap","Electrodynamics","Static Discharge+1","Defragment","Genetic Algorithm","Bandage Up","Leap","Coolheaded","Force Field","Purity","Swift Strike","Gash","Melter","Bite","Bite","Bite","Bite","Bite","Chaos+1"],"relics":["Cracked Core","Mummified Hand","Blood Vial","Centennial Puzzle","Golden Idol","War Paint","Nuclear Battery","Torii","Strawberry","Omamori","Vajra"],"potions_floor_usage":[11,13,20,29,31,33],"damage_taken":[{"damage":1,"enemies":"Jaw Worm","floor":1,"turns":3},{"damage":12,"enemies":"Small Slimes","floor":2,"turns":3},{"damage":1,"enemies":"2 Louse","floor":3,"turns":2},{"damage":4,"enemies":"Blue Slaver","floor":10,"turns":3},{"damage":14,"enemies":"3 Sentries","floor":11,"turns":6},{"damage":14,"enemies":"Gremlin Nob","floor":13,"turns":3},{"damage":3,"enemies":"Looter","floor":14,"turns":2},{"damage":23,"enemies":"Hexaghost","floor":16,"turns":9},{"damage":16,"enemies":"3 Byrds","floor":18,"turns":3},{"damage":10,"enemies":"Chosen","floor":20,"turns":2},{"damage":24,"enemies":"Snake Plant","floor":21,"turns":3},{"damage":31,"enemies":"Book of Stabbing","floor":24,"turns":6},{"damage":7,"enemies":"Chosen and Byrds","floor":25,"turns":6},{"damage":8,"enemies":"Slavers","floor":29,"turns":3},{"damage":7,"enemies":"Centurion and Healer","floor":31,"turns":3},{"damage":77,"enemies":"Collector","floor":33,"turns":9}],"seed_played":"5007685053637503933","potions_obtained":[{"floor":2,"key":"EssenceOfSteel"},{"floor":10,"key":"PowerPotion"},{"floor":13,"key":"Swift Potion"},{"floor":14,"key":"GamblersBrew"},{"floor":21,"key":"GamblersBrew"},{"floor":24,"key":"PowerPotion"}],"is_trial":false,"path_per_floor":["M","M","M","?","$","R","?","R","T","M","E","?","E","M","R","B",null,"M","$","M","M","?","R","E","M","T","R","?","E","?","M","R"],"character_chosen":"DEFECT","items_purchased":["Bandage Up","Rip and Tear","Conserve Battery","Defragment","Genetic Algorithm","Bandage Up","Leap"],"campfire_rested":3,"item_purchase_floors":[5,5,5,19,19,19,19],"current_hp_per_floor":[74,62,61,50,50,50,25,47,47,49,41,41,37,40,40,25,69,53,53,55,43,25,45,26,31,38,60,53,49,49,52,52,0],"gold":163,"neow_bonus":"TRANSFORM_CARD","is_prod":false,"is_daily":false,"chose_seed":false,"campfire_upgraded":3,"win_rate":0,"timestamp":1533082080,"path_taken":["M","M","M","?","$","R","?","R","T","M","E","?","E","M","R","BOSS","M","$","M","M","?","R","E","M","T","R","?","E","?","M","R","BOSS"],"build_version":"2018-07-26","purchased_purges":0,"victory":false,"max_hp_per_floor":[75,75,75,75,75,75,75,75,75,75,75,69,69,69,69,69,69,69,69,69,69,69,69,69,69,76,76,53,53,53,53,53,53],"card_choices":[{"not_picked":["Beam Cell","Chaos"],"picked":"Redo","floor":1},{"not_picked":["Tempest","Steam"],"picked":"Blizzard","floor":2},{"not_picked":["Turbo","Hologram"],"picked":"Sweeping Beam","floor":3},{"not_picked":["Conserve Battery","Gash"],"picked":"Genetic Algorithm","floor":10},{"not_picked":["Fission","Multi-Cast"],"picked":"Sweeping Beam","floor":11},{"not_picked":["Hologram","FTL"],"picked":"Rip and Tear","floor":13},{"not_picked":["Turbo","Leap"],"picked":"Cold Snap","floor":14},{"not_picked":["Rainbow","Reboot"],"picked":"Electrodynamics","floor":16},{"not_picked":["Streamline","Turbo+1"],"picked":"Static Discharge+1","floor":18},{"not_picked":["Barrage+1","Sweeping Beam"],"picked":"Coolheaded","floor":20},{"not_picked":["Go for the Eyes+1","Redo"],"picked":"Force Field","floor":21},{"not_picked":["Turbo","Recycle"],"picked":"Gash","floor":24},{"not_picked":["Static Discharge","Ball Lightning"],"picked":"Melter","floor":25},{"not_picked":["Hologram","Auto Shields"],"picked":"Chaos","floor":29},{"not_picked":["Sunder","Stack","Compile Driver+1"],"picked":"SKIP","floor":31}],"player_experience":135877,"relics_obtained":[{"floor":9,"key":"Blood Vial"},{"floor":11,"key":"Centennial Puzzle"},{"floor":13,"key":"War Paint"},{"floor":24,"key":"Torii"},{"floor":26,"key":"Strawberry"},{"floor":29,"key":"Omamori"}],"event_choices":[{"event_name":"World of Goop","player_choice":"Gather Gold","floor":4,"damage_taken":0},{"event_name":"Scrap Ooze","player_choice":"success","floor":7,"damage_taken":25},{"event_name":"Golden Idol","player_choice":"Lose Max HP","floor":12,"damage_taken":0},{"event_name":"Knowing Skull","player_choice":"CARD CARD ","floor":22,"damage_taken":0},{"event_name":"Vampires","player_choice":"Became a vampire","floor":28,"damage_taken":0},{"event_name":"Addict","player_choice":"Obtained Relic","floor":30,"damage_taken":0}],"is_beta":false,"boss_relics":[{"not_picked":["Lizard Tail","Empty Cage"],"picked":"Nuclear Battery"}],"items_purged_floors":[],"is_endless":false,"potions_floor_spawned":[2,10,13,14,21,24,25],"killed_by":"Collector","ascension_level":0}