{"gold_per_floor":[113,126,51,51,51,85,85,7,7,40,40,40,40,60,60,136,186,197,29,0,0,11,11,44,44,67,67,85,85,85,95,95,174,174,190,115,390,126,145,145,145,175,175,192,192,192,225,235,235,235],"floor_reached":51,"playtime":2008,"items_purged":["Strike_G","Regret"],"score":1534,"play_id":"6945b0f0-5ae0-40ca-a3ab-e389cf2264e6","local_time":"20190406211611","is_ascension_mode":true,"campfire_choices":[{"data":"Footwork","floor":7.0,"key":"SMITH"},{"data":"Catalyst","floor":12.0,"key":"SMITH"},{"data":"Noxious Fumes","floor":15.0,"key":"SMITH"},{"data":"Catalyst","floor":23.0,"key":"SMITH"},{"data":"Deadly Poison","floor":25.0,"key":"SMITH"},{"data":"Glass Knife","floor":27.0,"key":"SMITH"},{"floor":32.0,"key":"REST"},{"data":"Calculated Gamble","floor":40.0,"key":"SMITH"},{"data":"Well Laid Plans","floor":45.0,"key":"SMITH"},{"data":"Bouncing Flask","floor":49,"key":"SMITH"}],"neow_cost":"NONE","seed_source_timestamp":666781311873900,"circlet_count":0,"master_deck":["AscendersBane","Defend_G","Defend_G+1","Defend_G","Defend_G+1","Defend_G","Strike_G+1","Strike_G+1","Survivor+1","Neutralize","Footwork+1","Footwork+1","Noxious Fumes+1","Catalyst+1","Backflip","Glass Knife+1","Backflip","Deadly Poison+1","Backflip+1","Catalyst+1","Bouncing Flask+1","Corpse Explosion","PiercingWail","Well Laid Plans+1","Calculated Gamble+1","Crippling Poison","Parasite","Catalyst+1"],"special_seed":0,"relics":["Ring of the Snake","NeowsBlessing","Bag of Preparation","Juzu Bracelet","Whetstone","Tiny House","Art of War","Sundial","War Paint","Eternal Feather","Kunai","Dodecahedron"],"potions_floor_usage":[],"damage_taken":[{"damage":0.0,"enemies":"2 Louse","floor":1.0,"turns":1.0},{"damage":0.0,"enemies":"Small Slimes","floor":2.0,"turns":1.0},{"damage":0.0,"enemies":"3 Sentries","floor":6.0,"turns":1.0},{"damage":40.0,"enemies":"Gremlin Nob","floor":10.0,"turns":6.0},{"damage":0.0,"enemies":"Cultist","floor":14.0,"turns":5.0},{"damage":0.0,"enemies":"Hexaghost","floor":16.0,"turns":11.0},{"damage":7.0,"enemies":"Chosen","floor":18.0,"turns":6.0},{"damage":3.0,"enemies":"2 Thieves","floor":20.0,"turns":5.0},{"damage":0.0,"enemies":"Snecko","floor":22.0,"turns":8.0},{"damage":15.0,"enemies":"Book of Stabbing","floor":24.0,"turns":7.0},{"damage":3.0,"enemies":"Shelled Parasite and Fungi","floor":28.0,"turns":8.0},{"damage":5.0,"enemies":"Snake Plant","floor":31.0,"turns":4.0},{"damage":33.0,"enemies":"Champ","floor":33.0,"turns":9.0},{"damage":9.0,"enemies":"3 Shapes","floor":35.0,"turns":6.0},{"damage":0.0,"enemies":"Orb Walker","floor":39.0,"turns":4.0},{"damage":0.0,"enemies":"Nemesis","floor":42.0,"turns":5.0},{"damage":3.0,"enemies":"Writhing Mass","floor":44.0,"turns":6.0},{"damage":29,"enemies":"Giant Head","floor":47,"turns":4},{"damage":7,"enemies":"Transient","floor":48,"turns":6},{"damage":29,"enemies":"Time Eater","floor":50,"turns":6}],"seed_played":"5019431738240958446","potions_obtained":[{"floor":10.0,"key":"Fire Potion"},{"floor":14.0,"key":"Energy Potion"},{"floor":17.0,"key":"EntropicBrew"},{"floor":18.0,"key":"SkillPotion"},{"floor":28.0,"key":"Fire Potion"},{"floor":31.0,"key":"Block Potion"},{"floor":42.0,"key":"Weak Potion"}],"is_trial":false,"path_per_floor":["M","M","?","?","?","E","R","$","T","E","?","R","$","M","R","B",null,"M","$","M","?","M","R","E","R","T","R","M","?","?","M","R","B",null,"M","$","?","$","M","R","?","E","T","M","R","?","E","M","R","B",null],"character_chosen":"THE_SILENT","items_purchased":["Noxious Fumes","Art of War","Well Laid Plans","Calculated Gamble"],"campfire_rested":1,"item_purchase_floors":[8,19,38,38],"current_hp_per_floor":[59,59,59,59,59,59,59,59,59,19,19,19,19,19,19,19,59,52,52,49,49,49,49,34,34,34,34,31,31,31,26,47,14,57,48,48,48,48,48,63,63,63,63,60,67,67,38,31,46,17],"gold":235,"neow_bonus":"THREE_ENEMY_KILL","is_prod":false,"is_daily":false,"chose_seed":false,"campfire_upgraded":9,"win_rate":0,"timestamp":1554610571,"path_taken":["M","M","?","?","?","E","R","$","T","E","?","R","?","M","R","BOSS","M","$","M","?","M","R","E","R","T","R","M","?","?","M","R","BOSS","M","?","?","$","M","R","?","E","T","M","R","?","E","M","R","BOSS"],"build_version":"2019-01-23","purchased_purges":2,"victory":true,"max_hp_per_floor":[66,66,66,66,66,66,66,66,66,66,66,66,66,66,66,66,71,71,71,71,71,71,71,71,71,71,71,71,71,71,71,71,71,71,71,71,71,71,71,71,67,67,67,67,67,67,67,67,67,67],"card_choices":[{"not_picked":["Flying Knee","Blade Dance","Underhanded Strike"],"picked":"SKIP","floor":1.0},{"not_picked":["Acrobatics","Dash"],"picked":"Footwork","floor":2.0},{"not_picked":["Blur","Calculated Gamble"],"picked":"Footwork","floor":6.0},{"not_picked":["Crippling Poison","Blur"],"picked":"Catalyst","floor":10.0},{"not_picked":["Dodge and Roll","Setup"],"picked":"Backflip","floor":14.0},{"not_picked":["Die Die Die","Phantasmal Killer"],"picked":"Glass Knife","floor":16.0},{"not_picked":["Outmaneuver","Deflect"],"picked":"Backflip","floor":17.0},{"not_picked":["Caltrops","Cloak And Dagger"],"picked":"Deadly Poison","floor":18.0},{"not_picked":["Expertise","Deflect"],"picked":"Backflip+1","floor":20.0},{"not_picked":["Bouncing Flask+1","Acrobatics"],"picked":"Catalyst","floor":22.0},{"not_picked":["Setup","Predator","Dash"],"picked":"SKIP","floor":24.0},{"not_picked":["Quick Slash","Cloak And Dagger","Backflip+1"],"picked":"SKIP","floor":28.0},{"not_picked":["Quick Slash","Acrobatics"],"picked":"Corpse Explosion","floor":31.0},{"not_picked":["Crippling Poison","Underhanded Strike"],"picked":"PiercingWail","floor":35.0},{"not_picked":["Reflex","Choke"],"picked":"Crippling Poison","floor":39.0},{"not_picked":["Deadly Poison","Riddle With Holes","Predator"],"picked":"SKIP","floor":42.0},{"not_picked":["Outmaneuver+1","Skewer","Quick Slash"],"picked":"SKIP","floor":44.0},{"not_picked":["Crippling Poison","Acrobatics","Backstab"],"picked":"SKIP","floor":47},{"not_picked":["Dagger Throw","Caltrops","Dagger Spray"],"picked":"SKIP","floor":48}],"player_experience":484001,"relics_obtained":[{"floor":6.0,"key":"Bag of Preparation"},{"floor":9.0,"key":"Juzu Bracelet"},{"floor":10.0,"key":"Whetstone"},{"floor":24.0,"key":"Sundial"},{"floor":26.0,"key":"War Paint"},{"floor":42.0,"key":"Kunai"},{"floor":47,"key":"Dodecahedron"}],"event_choices":[{"cards_removed":["Strike_G"],"damage_healed":0.0,"max_hp_gain":0.0,"max_hp_loss":0.0,"gold_gain":0.0,"event_name":"The Cleric","player_choice":"Card Removal","floor":3.0,"gold_loss":75.0,"damage_taken":0.0},{"damage_healed":0.0,"max_hp_gain":0.0,"max_hp_loss":0.0,"gold_gain":0.0,"event_name":"Living Wall","player_choice":"Grow","floor":4.0,"gold_loss":0.0,"damage_taken":0.0,"cards_upgraded":["Footwork"]},{"damage_healed":0.0,"max_hp_gain":0.0,"max_hp_loss":0.0,"gold_gain":0.0,"event_name":"Match and Keep!","player_choice":"0 cards matched","floor":5.0,"gold_loss":0.0,"damage_taken":0.0,"cards_obtained":[]},{"cards_removed":["Strike_G"],"damage_healed":0.0,"max_hp_gain":0.0,"max_hp_loss":0.0,"gold_gain":0.0,"event_name":"Bonfire Elementals","player_choice":"Offered Basic","floor":11.0,"gold_loss":0.0,"damage_taken":0.0},{"damage_healed":0.0,"max_hp_gain":0.0,"max_hp_loss":0.0,"gold_gain":0.0,"event_name":"Beggar","player_choice":"Ignored","floor":21.0,"gold_loss":0.0,"damage_taken":0.0},{"damage_healed":0.0,"max_hp_gain":0.0,"max_hp_loss":0.0,"gold_gain":0.0,"event_name":"The Library","player_choice":"Read","floor":29.0,"gold_loss":0.0,"damage_taken":0.0,"cards_obtained":["Bouncing Flask"]},{"damage_healed":0.0,"max_hp_gain":0.0,"max_hp_loss":0.0,"gold_gain":0.0,"event_name":"FaceTrader","player_choice":"Leave","floor":30.0,"gold_loss":0.0,"damage_taken":0.0},{"damage_healed":0.0,"max_hp_gain":0.0,"max_hp_loss":0.0,"gold_gain":275.0,"event_name":"Golden Shrine","player_choice":"Desecrate","floor":37.0,"gold_loss":0.0,"damage_taken":0.0,"cards_obtained":["Regret"]},{"damage_healed":0.0,"max_hp_gain":0.0,"max_hp_loss":4.0,"gold_gain":0.0,"event_name":"Winding Halls","player_choice":"Max HP","floor":41.0,"gold_loss":0.0,"damage_taken":0.0},{"damage_healed":0.0,"max_hp_gain":0.0,"max_hp_loss":0.0,"gold_gain":0.0,"event_name":"Duplicator","player_choice":"Copied","floor":46.0,"gold_loss":0.0,"damage_taken":0.0,"cards_obtained":["Catalyst"]}],"is_beta":false,"boss_relics":[{"not_picked":["Lizard Tail","Snecko Eye"],"picked":"Tiny House"},{"not_picked":["Calling Bell","HoveringKite"],"picked":"Eternal Feather"}],"items_purged_floors":[36,38],"is_endless":false,"potions_floor_spawned":[10,14,18,28,31,35,42],"ascension_level":17}