{"gold_per_floor":[112,112,112,112,124,144,144,156,156,156,81,99,99,99,99,204,204,215,233,233,233,233],"floor_reached":22,"playtime":1598,"items_purged":["Strike_R"],"score":200,"play_id":"737de570-5e0e-45c1-9edf-f79d76478f17","local_time":"20190407145902","is_ascension_mode":true,"campfire_choices":[{"data":"True Grit","floor":7,"key":"SMITH"},{"data":"Body Slam","floor":10,"key":"SMITH"},{"data":"Flame Barrier","floor":15,"key":"SMITH"}],"neow_cost":"NONE","seed_source_timestamp":703569188682600,"circlet_count":0,"master_deck":["Strike_R","Strike_R","Defend_R","Defend_R","Defend_R","Defend_R","Bash","Twin Strike","Shrug It Off","True Grit+1","Body Slam+1","Flame Barrier+1","Demon Form"],"relics":["Black Blood","Paper Frog","Nilry\u0027s Codex"],"potions_floor_usage":[5,16,18,22],"damage_taken":[{"damage":14,"enemies":"Small Slimes","floor":1,"turns":4},{"damage":7,"enemies":"Jaw Worm","floor":5,"turns":4},{"damage":0,"enemies":"Cultist","floor":6,"turns":3},{"damage":3,"enemies":"Blue Slaver","floor":8,"turns":5},{"damage":14,"enemies":"Exordium Thugs","floor":12,"turns":7},{"damage":9,"enemies":"The Guardian","floor":16,"turns":13},{"damage":19,"enemies":"Chosen","floor":18,"turns":9},{"damage":46,"enemies":"Spheric Guardian","floor":19,"turns":8},{"damage":41,"enemies":"Shelled Parasite and Fungi","floor":22,"turns":3}],"seed_played":"7427509993967646420","potions_obtained":[{"floor":1,"key":"Regen Potion"},{"floor":6,"key":"AttackPotion"},{"floor":16,"key":"Block Potion"},{"floor":19,"key":"BloodPotion"}],"is_trial":false,"path_per_floor":["M","?","?","?","M","M","R","M","T","R","$","M","?","?","R","B",null,"M","M","?","?","M"],"character_chosen":"IRONCLAD","items_purchased":[],"campfire_rested":0,"item_purchase_floors":[],"current_hp_per_floor":[72,47,47,52,63,69,69,72,72,72,72,64,57,57,57,54,85,76,40,24,24,0],"gold":233,"neow_bonus":"THREE_CARDS","is_prod":false,"is_daily":false,"chose_seed":false,"campfire_upgraded":3,"win_rate":0,"timestamp":1554663542,"path_taken":["M","?","?","?","M","M","R","M","T","R","$","M","?","?","R","BOSS","M","M","?","?","?"],"build_version":"2019-01-23","purchased_purges":1,"victory":false,"max_hp_per_floor":[80,80,80,85,85,85,85,85,85,85,85,85,85,85,85,85,85,85,85,85,85,85],"card_choices":[{"not_picked":["Reckless Charge","Hemokinesis"],"picked":"Twin Strike","floor":0},{"not_picked":["Ghostly Armor","Heavy Blade"],"picked":"Shrug It Off","floor":1},{"not_picked":["Twin Strike","Body Slam"],"picked":"True Grit","floor":5},{"not_picked":["Anger","Warcry"],"picked":"Body Slam","floor":6},{"not_picked":["Rampage","Pommel Strike"],"picked":"Flame Barrier","floor":8},{"not_picked":["Clothesline","Perfected Strike","Clash"],"picked":"SKIP","floor":12},{"not_picked":["Brutality","Limit Break"],"picked":"Demon Form","floor":16},{"not_picked":["Flex+1","Rage","Dual Wield+1"],"picked":"SKIP","floor":18},{"not_picked":["Flex","Twin Strike","Body Slam"],"picked":"SKIP","floor":19}],"player_experience":222827,"relics_obtained":[{"floor":20,"key":"Nilry\u0027s Codex"}],"event_choices":[{"damage_healed":0,"gold_gain":0,"player_choice":"Success","damage_taken":25,"relics_obtained":["Paper Frog"],"max_hp_gain":0,"max_hp_loss":0,"event_name":"Scrap Ooze","floor":2,"gold_loss":0},{"damage_healed":0,"gold_gain":0,"player_choice":"Ignored","damage_taken":0,"max_hp_gain":0,"max_hp_loss":0,"event_name":"Liars Game","floor":3,"gold_loss":0},{"damage_healed":0,"gold_gain":0,"player_choice":"Donut","damage_taken":0,"max_hp_gain":5,"max_hp_loss":0,"event_name":"Big Fish","floor":4,"gold_loss":0},{"cards_removed":["Strike_R"],"damage_healed":0,"gold_gain":0,"player_choice":"Card Removal","damage_taken":7,"max_hp_gain":0,"max_hp_loss":0,"event_name":"Golden Wing","floor":13,"gold_loss":0},{"cards_removed":["Strike_R"],"damage_healed":0,"gold_gain":0,"player_choice":"Card Removal","damage_taken":0,"max_hp_gain":0,"max_hp_loss":0,"event_name":"Wheel of Change","floor":14,"gold_loss":0},{"damage_healed":0,"gold_gain":0,"player_choice":"Obtained Book","damage_taken":16,"max_hp_gain":0,"max_hp_loss":0,"event_name":"Cursed Tome","floor":20,"gold_loss":0},{"damage_healed":0,"gold_gain":0,"player_choice":"Ignored","damage_taken":0,"max_hp_gain":0,"max_hp_loss":0,"event_name":"Ghosts","floor":21,"gold_loss":0}],"is_beta":false,"boss_relics":[{"not_picked":["Eternal Feather","Pandora\u0027s Box"],"picked":"Black Blood"}],"items_purged_floors":[11],"is_endless":false,"potions_floor_spawned":[1,6,16,19],"killed_by":"Shelled Parasite and Fungi","ascension_level":3}