{"path_per_floor":["M","M","M","M","M","R","E","R","T","?","M","E","M","$","R","B",null,"M","M","M","M","$","R","M"],"character_chosen":"THE_SILENT","items_purchased":["Regen Potion","Enlightenment","Block Potion","Terror","Bandage Up","Acrobatics"],"gold_per_floor":[209,219,231,243,259,259,290,290,316,316,333,358,372,1,1,96,96,108,126,144,159,5,5,23],"floor_reached":25,"campfire_rested":3,"playtime":3044,"current_hp_per_floor":[70,69,66,58,56,56,20,56,56,56,40,7,3,3,39,36,70,47,36,16,4,4,40,38],"items_purged":[],"gold":23,"play_id":"9309000e-0847-419a-bb6f-f79258aa04a8","is_prod":false,"is_daily":false,"campfire_rituals":0,"campfire_upgraded":1,"is_hardmode":false,"path_taken":["M","M","M","M","M","R","E","R","T","?","M","E","M","$","R","BOSS","M","M","M","M","$","R","M","M"],"build_version":"2018-01-04-PROD1","purchased_purges":0,"victory":false,"master_deck":["Defend_G","Defend_G","Defend_G","Defend_G","Defend_G","Strike_G","Strike_G","Strike_G","Strike_G","Strike_G","Survivor","Neutralize","Deadly Poison","Infinite Blades","Dagger Spray","Acrobatics","Noxious Fumes","Heel Hook","Dodge and Roll","Noxious Fumes","Prepared","Enlightenment","Terror","Burst","Prepared","Dash","PiercingWail","Blur","Bandage Up","Acrobatics","Dagger Spray"],"max_hp_per_floor":[70,70,70,70,70,70,70,70,70,70,70,70,70,70,70,70,70,70,70,70,70,70,70,70],"relics":["Ring of the Snake","Regal Pillow","Snake Skull","Oddly Smooth Stone","The Specimen"],"campfire_meditates":0,"card_choices":[{"not_picked":["Dash","Deflect"],"picked":"Deadly Poison"},{"not_picked":["Prepared","Leg Sweep"],"picked":"Infinite Blades"},{"not_picked":["All Out Attack","Deflect"],"picked":"Dagger Spray"},{"not_picked":["Deadly Poison","Footwork"],"picked":"Acrobatics"},{"not_picked":["All Out Attack","Poisoned Stab"],"picked":"Noxious Fumes"},{"not_picked":["Prepared","Flechettes"],"picked":"Heel Hook"},{"not_picked":["Slice","All Out Attack"],"picked":"Dodge and Roll"},{"not_picked":["Quick Slash","Dagger Spray"],"picked":"Noxious Fumes"},{"not_picked":["Flying Knee","Slice"],"picked":"Prepared"},{"not_picked":["Envenom","Night Terror"],"picked":"Burst"},{"not_picked":["Slice","Deflect"],"picked":"Prepared"},{"not_picked":["Deadly Poison","Outmaneuver"],"picked":"Dash"},{"not_picked":["Endless Agony","Dagger Throw"],"picked":"PiercingWail"},{"not_picked":["Deflect","Outmaneuver"],"picked":"Blur"},{"not_picked":["Riddle With Holes","Flechettes"],"picked":"Dagger Spray"}],"player_experience":17821,"potions_floor_usage":[20,21,24],"damage_taken":[{"damage":0.0,"enemies":"Small Slimes","floor":1.0,"turns":3.0},{"damage":1.0,"enemies":"Cultist","floor":2.0,"turns":4.0},{"damage":3.0,"enemies":"Blue Slaver","floor":3.0,"turns":5.0},{"damage":8.0,"enemies":"Lots of Slimes","floor":4.0,"turns":2.0},{"damage":2.0,"enemies":"Looter","floor":5.0,"turns":4.0},{"damage":36.0,"enemies":"Lagavulin","floor":7.0,"turns":7.0},{"damage":16.0,"enemies":"3 Louse","floor":11.0,"turns":2.0},{"damage":33.0,"enemies":"Gremlin Nob","floor":12.0,"turns":5.0},{"damage":4.0,"enemies":"Exordium Thugs","floor":13.0,"turns":4.0},{"damage":18.0,"enemies":"Slime Boss","floor":16.0,"turns":9.0},{"damage":23.0,"enemies":"Spheric Guardian","floor":18.0,"turns":6.0},{"damage":11,"enemies":"3 Byrds","floor":19,"turns":7},{"damage":20,"enemies":"Snake Plant","floor":20,"turns":5},{"damage":12,"enemies":"3 Cultists","floor":21,"turns":5},{"damage":6,"enemies":"Centurion and Healer","floor":24,"turns":7},{"damage":48,"enemies":"Sentry and Sphere","floor":25,"turns":5}],"event_choices":[{"event_name":"Upgrade Shrine","player_choice":"Upgraded","floor":10.0,"damage_taken":0.0}],"boss_relics":[],"potions_floor_spawned":[1,5,7,11,16,18,21,24],"seed_played":"-3100846947185233299","killed_by":"Sentry and Sphere","is_trial":false}