{"path_per_floor":["M","?","M","M","M","?","R","E","T","R","$","?","?","M","R","B",null,"M","M","$","?","M","R","?","M","T","R","?","M","$","M","R"],"character_chosen":"DEFECT","items_purchased":["Blizzard","Capacitor","FearPotion","Capacitor","Go for the Eyes","Tempest","Capacitor"],"gold_per_floor":[116,116,134,153,169,169,169,204,231,231,55,120,120,134,134,231,231,246,264,39,0,20,20,20,40,40,40,40,52,26,37,37,37],"floor_reached":33,"campfire_rested":1,"playtime":2157,"current_hp_per_floor":[74,67,67,66,59,75,75,44,44,44,44,20,17,7,30,12,77,72,54,54,54,38,38,38,47,47,47,47,47,47,50,50,0],"items_purged":["Strike_B"],"gold":37,"score":247,"play_id":"d2768d7d-c9ee-43e3-b7f3-794ed8b6e0db","local_time":"20180514205641","is_prod":false,"is_daily":false,"chose_seed":false,"is_ascension_mode":false,"campfire_upgraded":5,"timestamp":1526345801,"path_taken":["M","?","?","M","M","?","R","E","T","R","$","?","?","M","R","BOSS","M","M","$","?","M","R","?","M","T","R","?","M","$","M","R","BOSS"],"build_version":"2018-05-12v2","seed_source_timestamp":0,"purchased_purges":1,"victory":false,"master_deck":["Strike_B","Strike_B","Strike_B","Defend_B","Defend_B","Defend_B+1","Zap","Dualcast+1","FTL","Coolheaded","Double Energy+1","BootSequence","Doom and Gloom","Blizzard","Capacitor","Stack+1","Reboot+1","Streamline+1","Defragment+1","Capacitor","Go for the Eyes","Tempest","Axe Kick","Defragment+1","Writhe","Sweeping Beam","Capacitor+1","Beam Cell"],"max_hp_per_floor":[75,75,75,75,75,75,75,75,75,75,75,75,75,77,77,77,77,77,77,77,77,77,77,77,77,77,77,77,77,77,77,77,77],"relics":["Cracked Core","Anchor","Singing Bowl","War Paint","Juzu Bracelet","Nuclear Battery","Bag of Preparation","Meat on the Bone"],"card_choices":[{"not_picked":["Barrage","Cold Snap"],"picked":"FTL","floor":0.0},{"not_picked":["Darkness","Rebound"],"picked":"Coolheaded","floor":1.0},{"not_picked":["FTL","Capacitor"],"picked":"Double Energy","floor":3.0},{"not_picked":["Coolheaded","Cold Snap"],"picked":"Redo","floor":4.0},{"not_picked":["Barrage","Reprogram"],"picked":"BootSequence","floor":5},{"not_picked":["Capacitor","Skim"],"picked":"Doom and Gloom","floor":8},{"not_picked":["Streamline","Barrage"],"picked":"Stack","floor":12},{"not_picked":["Coolheaded","Double Energy","Genetic Algorithm"],"picked":"Singing Bowl","floor":14},{"not_picked":["Multi-Cast","Thunder Strike"],"picked":"Reboot","floor":16},{"not_picked":["Sweeping Beam","Hologram+1"],"picked":"Streamline+1","floor":18},{"not_picked":["Cold Snap","Beam Cell"],"picked":"Defragment+1","floor":19},{"not_picked":["Aggregate","White Noise"],"picked":"Axe Kick","floor":22},{"not_picked":["Skim","Multi-Cast"],"picked":"Defragment","floor":25},{"not_picked":["Heatsinks","Barrage"],"picked":"Sweeping Beam","floor":29},{"not_picked":["Streamline","Reinforced Body"],"picked":"Beam Cell","floor":31}],"player_experience":105920,"potions_floor_usage":[8,12,14,16,19,25,33,33],"damage_taken":[{"damage":1.0,"enemies":"Jaw Worm","floor":1.0,"turns":2.0},{"damage":0.0,"enemies":"Small Slimes","floor":3.0,"turns":3.0},{"damage":1.0,"enemies":"2 Louse","floor":4.0,"turns":2.0},{"damage":7.0,"enemies":"Red Slaver","floor":5.0,"turns":4.0},{"damage":31,"enemies":"Lagavulin","floor":8,"turns":9},{"damage":24,"enemies":"Lagavulin Event","floor":12,"turns":5},{"damage":12,"enemies":"Exordium Thugs","floor":14,"turns":4},{"damage":18,"enemies":"The Guardian","floor":16,"turns":11},{"damage":5,"enemies":"Shell Parasite","floor":18,"turns":7},{"damage":18,"enemies":"2 Thieves","floor":19,"turns":4},{"damage":16,"enemies":"3 Cultists","floor":22,"turns":4},{"damage":6,"enemies":"Centurion and Healer","floor":25,"turns":6},{"damage":0,"enemies":"Snake Plant","floor":29,"turns":3},{"damage":9,"enemies":"Snecko","floor":31,"turns":6},{"damage":57,"enemies":"Champ","floor":33,"turns":9}],"event_choices":[{"event_name":"Golden Wing","player_choice":"Card Removal","floor":2.0,"damage_taken":0.0},{"event_name":"Bonfire Elementals","player_choice":"UNCOMMON","floor":6,"damage_taken":0},{"event_name":"Dead Adventurer","player_choice":"Searched \u00272\u0027 times","floor":12,"damage_taken":0},{"event_name":"Scrap Ooze","player_choice":"success","floor":13,"damage_taken":3},{"event_name":"Masked Bandits","player_choice":"Paid Bandits 39 gold","floor":21,"damage_taken":0},{"event_name":"Ghosts","player_choice":"Ignored","floor":24,"damage_taken":0},{"event_name":"The Mausoleum","player_choice":"Yes","floor":28,"damage_taken":0}],"boss_relics":[{"not_picked":["Eternal Feather","Inserter"],"picked":"Nuclear Battery"}],"potions_floor_spawned":[3,5,14,16,18,22,31],"seed_played":"-2505454658376338798","killed_by":"Champ","ascension_level":0,"is_trial":false}