{"gold_per_floor":[115,128,141,155,155,155,165,165,165,165,200,0,13,46,46,46],"floor_reached":16,"playtime":2342,"items_purged":[],"score":123,"play_id":"586ff3ff-06a7-4f73-97e4-efe874efeb6c","local_time":"20190127172543","is_ascension_mode":true,"campfire_choices":[{"floor":6,"key":"REST"},{"floor":8,"key":"REST"},{"floor":10,"key":"REST"},{"floor":15,"key":"REST"}],"neow_cost":"NONE","seed_source_timestamp":1133279048582165,"circlet_count":0,"master_deck":["Strike_R","Strike_R","Strike_R","Strike_R","Strike_R","Defend_R","Defend_R","Defend_R","Defend_R","Bash","Madness","Armaments","Evolve","Feel No Pain","Seeing Red","Pommel Strike","Rage","Feel No Pain","Rage","Flex","True Grit"],"relics":["Burning Blood","Prayer Wheel","Mummified Hand","Bottled Flame","Toolbox","Omamori"],"potions_floor_usage":[13,16,16,16],"damage_taken":[{"damage":1,"enemies":"Cultist","floor":1,"turns":3},{"damage":13,"enemies":"Jaw Worm","floor":2,"turns":4},{"damage":14,"enemies":"2 Louse","floor":3,"turns":4},{"damage":26,"enemies":"Large Slime","floor":4,"turns":12},{"damage":28,"enemies":"Lots of Slimes","floor":7,"turns":9},{"damage":9,"enemies":"3 Sentries","floor":11,"turns":9},{"damage":14,"enemies":"Exordium Wildlife","floor":13,"turns":6},{"damage":37,"enemies":"Lagavulin","floor":14,"turns":10},{"damage":62,"enemies":"The Guardian","floor":16,"turns":15}],"seed_played":"6185425668337529236","potions_obtained":[{"floor":2,"key":"Energy Potion"},{"floor":7,"key":"Poison Potion"},{"floor":11,"key":"SteroidPotion"},{"floor":13,"key":"GamblersBrew"}],"is_trial":false,"path_per_floor":["M","M","M","M","?","R","M","R","T","R","E","$","M","E","R","B"],"character_chosen":"IRONCLAD","items_purchased":["Toolbox"],"campfire_rested":4,"item_purchase_floors":[12],"current_hp_per_floor":[80,73,65,45,33,57,35,59,59,80,77,77,69,38,62,0],"gold":46,"neow_bonus":"RANDOM_COLORLESS","is_prod":false,"is_daily":false,"chose_seed":false,"campfire_upgraded":0,"win_rate":0,"timestamp":1548609943,"path_taken":["M","M","?","M","?","R","M","R","T","R","E","$","M","E","R","BOSS"],"build_version":"2019-01-23","purchased_purges":0,"victory":false,"max_hp_per_floor":[80,80,80,80,80,80,80,80,80,80,80,80,80,80,80,80],"card_choices":[{"not_picked":["Hemokinesis","Twin Strike"],"picked":"Armaments","floor":1},{"not_picked":["Reckless Charge","Perfected Strike"],"picked":"Evolve","floor":2},{"not_picked":["Bloodletting","Cleave"],"picked":"Feel No Pain","floor":3},{"not_picked":["Uppercut","Flex"],"picked":"Seeing Red","floor":4},{"not_picked":["Ghostly Armor","Shrug It Off"],"picked":"Pommel Strike","floor":7},{"not_picked":["Pommel Strike","Entrench"],"picked":"Rage","floor":7},{"not_picked":["Pummel","Iron Wave"],"picked":"Feel No Pain","floor":11},{"not_picked":["Power Through","Combust"],"picked":"Rage","floor":13},{"not_picked":["Infernal Blade","Entrench"],"picked":"Flex","floor":13},{"not_picked":["Berserk","Feel No Pain"],"picked":"True Grit","floor":14}],"player_experience":46405,"relics_obtained":[{"floor":9,"key":"Mummified Hand"},{"floor":11,"key":"Bottled Flame"},{"floor":14,"key":"Omamori"}],"event_choices":[{"damage_healed":0,"gold_gain":0,"player_choice":"Success","damage_taken":12,"relics_obtained":["Prayer Wheel"],"max_hp_gain":0,"max_hp_loss":0,"event_name":"Scrap Ooze","floor":5,"gold_loss":0}],"is_beta":false,"boss_relics":[],"items_purged_floors":[],"is_endless":false,"potions_floor_spawned":[2,7,11,13],"killed_by":"The Guardian","ascension_level":2}