{"gold_per_floor":[218,229,244,169,179,179,193,93,118,146,221,237,17,33,33,33],"floor_reached":16,"playtime":577,"items_purged":["Strike_R","Defend_R","Strike_R"],"score":104,"play_id":"0021252d-cd9c-470c-afbb-fbc7c00b0ad4","local_time":"20190206215026","is_ascension_mode":false,"campfire_choices":[{"data":"Bash","floor":6,"key":"SMITH"},{"data":"Burning Pact","floor":15,"key":"SMITH"}],"neow_cost":"NONE","seed_source_timestamp":358041826597278,"circlet_count":0,"master_deck":["Strike_R","Strike_R","Strike_R","Defend_R","Defend_R","Defend_R","Bash+1","Dropkick","Madness","Burning Pact+1"],"relics":["Burning Blood","Smiling Mask","Dream Catcher"],"potions_floor_usage":[10],"damage_taken":[{"damage":8,"enemies":"Jaw Worm","floor":1,"turns":3},{"damage":1,"enemies":"Cultist","floor":2,"turns":3},{"damage":2,"enemies":"Small Slimes","floor":3,"turns":3},{"damage":13,"enemies":"Blue Slaver","floor":5,"turns":5},{"damage":5,"enemies":"Looter","floor":7,"turns":3},{"damage":36,"enemies":"Lagavulin","floor":10,"turns":6},{"damage":17,"enemies":"Exordium Thugs","floor":12,"turns":5},{"damage":15,"enemies":"Large Slime","floor":14,"turns":9},{"damage":13,"enemies":"The Guardian","floor":16,"turns":7}],"seed_played":"-186839676301781817","potions_obtained":[{"floor":1,"key":"Ancient Potion"},{"floor":2,"key":"Poison Potion"},{"floor":7,"key":"GamblersBrew"},{"floor":10,"key":"Weak Potion"}],"is_trial":false,"path_per_floor":["M","M","M","$","M","R","M","$","T","E","?","M","$","M","R","B"],"character_chosen":"IRONCLAD","items_purchased":["Madness","Burning Pact"],"campfire_rested":0,"item_purchase_floors":[13,13],"current_hp_per_floor":[78,80,80,80,73,73,74,74,74,44,33,22,22,13,13,0],"gold":33,"neow_bonus":"HUNDRED_GOLD","is_prod":false,"is_daily":false,"chose_seed":false,"campfire_upgraded":2,"win_rate":0,"timestamp":1549518626,"path_taken":["M","M","M","$","M","R","M","$","T","E","?","M","$","M","R","BOSS"],"build_version":"2019-01-23","purchased_purges":3,"victory":false,"max_hp_per_floor":[80,80,80,80,80,80,80,80,80,80,80,80,80,80,80,80],"card_choices":[{"not_picked":["Flame Barrier","Flex","Clash"],"picked":"SKIP","floor":1},{"not_picked":["Carnage","Iron Wave","Headbutt"],"picked":"SKIP","floor":2},{"not_picked":["Seeing Red","Thunderclap","Clothesline"],"picked":"SKIP","floor":3},{"not_picked":["Rupture","Twin Strike","Bloodletting"],"picked":"SKIP","floor":5},{"not_picked":["Heavy Blade","Infernal Blade","Metallicize"],"picked":"SKIP","floor":7},{"not_picked":["Sword Boomerang","Infernal Blade"],"picked":"Dropkick","floor":10},{"not_picked":["Spot Weakness","Twin Strike","Anger"],"picked":"SKIP","floor":12},{"not_picked":["Intimidate","Perfected Strike","Wild Strike"],"picked":"SKIP","floor":14}],"player_experience":363597,"relics_obtained":[{"floor":9,"key":"Smiling Mask"},{"floor":10,"key":"Dream Catcher"}],"event_choices":[{"damage_healed":0,"gold_gain":75,"player_choice":"Gather Gold","damage_taken":11,"max_hp_gain":0,"max_hp_loss":0,"event_name":"World of Goop","floor":11,"gold_loss":0}],"is_beta":false,"boss_relics":[],"items_purged_floors":[4,8,13],"is_endless":false,"potions_floor_spawned":[1,2,7,10],"killed_by":"The Guardian","ascension_level":0}