{"gold_per_floor":[114,114,129,76,76,91,121,121,121,296,326,341,371,386,386,486,486,501,216,216,231,231,231],"floor_reached":23,"playtime":996,"items_purged":[],"score":284,"play_id":"60caf7f3-f724-454d-aa6d-54f56d01f864","local_time":"20180827203229","daily_mods":["Diverse","Time Dilation","Terminal"],"is_ascension_mode":false,"campfire_choices":[{"floor":8,"key":"REST"},{"data":"Storm","floor":15,"key":"SMITH"}],"neow_cost":"","seed_source_timestamp":920262054737266,"circlet_count":0,"master_deck":["Strike_B","Strike_B","Strike_B","Strike_B","Defend_B","Defend_B","Defend_B","Defend_B","Zap","Dualcast","Sword Boomerang","Armaments+1","Footwork","Metallicize","Loop","Infernal Blade","Coolheaded","Sword Boomerang","Noxious Fumes","Steam","Ball Lightning","Sword Boomerang","Juggernaut+1","Demon Form+1","Shame"],"special_seed":17771,"relics":["Cracked Core","Question Card","Bag of Preparation","Blood Vial","Peace Pipe","Boot","Pen Nib","White Beast Statue","Strawberry"],"potions_floor_usage":[12,16,16,18,23,23],"damage_taken":[{"damage":0,"enemies":"Jaw Worm","floor":1,"turns":3},{"damage":0,"enemies":"Small Slimes","floor":3,"turns":3},{"damage":0,"enemies":"Cultist","floor":6,"turns":2},{"damage":17,"enemies":"Lagavulin","floor":7,"turns":7},{"damage":13,"enemies":"Gremlin Nob","floor":11,"turns":4},{"damage":0,"enemies":"3 Louse","floor":12,"turns":2},{"damage":0,"enemies":"Lagavulin","floor":13,"turns":6},{"damage":2,"enemies":"2 Fungi Beasts","floor":14,"turns":3},{"damage":0,"enemies":"The Guardian","floor":16,"turns":10},{"damage":5,"enemies":"3 Byrds","floor":18,"turns":5},{"damage":4,"enemies":"Shell Parasite","floor":21,"turns":5},{"damage":76,"enemies":"Slavers","floor":23,"turns":4}],"seed_played":"-1305355615776414321","potions_obtained":[{"floor":6,"key":"Fire Potion"},{"floor":11,"key":"Explosive Potion"},{"floor":12,"key":"Strength Potion"},{"floor":14,"key":"Poison Potion"},{"floor":18,"key":"Regen Potion"},{"floor":21,"key":"FocusPotion"}],"is_trial":false,"path_per_floor":["M","?","M","?","?","M","E","R","T","?","E","M","E","M","R","B",null,"M","$","?","M","?"],"character_chosen":"DEFECT","items_purchased":["Strawberry","Noxious Fumes","Armaments","Steam"],"campfire_rested":1,"item_purchase_floors":[19,19,19,19],"current_hp_per_floor":[73,61,61,61,61,61,44,64,64,64,51,53,55,55,55,57,57,52,59,59,57,57,0],"gold":231,"neow_bonus":"","is_prod":false,"is_daily":true,"chose_seed":false,"campfire_upgraded":1,"win_rate":0,"timestamp":1535423549,"path_taken":["M","?","M","?","?","M","E","R","T","?","E","?","E","M","R","BOSS","M","$","?","M","?","E"],"build_version":"2018-08-23v2","purchased_purges":0,"victory":false,"max_hp_per_floor":[73,72,71,70,69,68,67,66,65,64,63,62,61,60,59,58,57,56,62,61,60,59,59],"card_choices":[{"not_picked":["Anger","Sunder"],"picked":"Sword Boomerang","floor":1},{"not_picked":["Darkness","Rampage","Acrobatics"],"picked":"Armaments","floor":3},{"not_picked":["Chaos","Outmaneuver","Dagger Throw"],"picked":"Footwork","floor":6},{"not_picked":["Capacitor","Metallicize","Infinite Blades"],"picked":"Storm","floor":7},{"not_picked":["Sentinel","Escape Plan","Headbutt"],"picked":"Metallicize","floor":11},{"not_picked":["Clash","Beam Cell","Sword Boomerang"],"picked":"Loop","floor":12},{"not_picked":["Prepared","Dropkick","Glass Knife"],"picked":"Infernal Blade","floor":13},{"not_picked":["Backstab","Thunderclap","Calculated Gamble"],"picked":"Coolheaded","floor":14},{"not_picked":["Anger","True Grit","Blade Dance"],"picked":"Sword Boomerang","floor":18},{"not_picked":["Combust","Cloak And Dagger","Turbo"],"picked":"Sword Boomerang","floor":21}],"player_experience":356943,"relics_obtained":[{"floor":7,"key":"Blood Vial"},{"floor":9,"key":"Peace Pipe"},{"floor":11,"key":"Boot"},{"floor":13,"key":"Pen Nib"}],"event_choices":[{"event_name":"Scrap Ooze","player_choice":"success","floor":2,"damage_taken":12},{"event_name":"WeMeetAgain","player_choice":"Gold","floor":4,"damage_taken":0},{"event_name":"Living Wall","player_choice":"Grow","floor":5,"damage_taken":0},{"event_name":"Liars Game","player_choice":"agreed","floor":10,"damage_taken":0},{"event_name":"The Library","player_choice":"Read","floor":20,"damage_taken":0},{"event_name":"Drug Dealer","player_choice":"Became Test Subject","floor":22,"damage_taken":0}],"is_beta":false,"boss_relics":[{"not_picked":["Velvet Choker","Sozu"],"picked":"White Beast Statue"}],"items_purged_floors":[],"is_endless":false,"potions_floor_spawned":[6,11,12,14,18,21],"killed_by":"Slavers","ascension_level":0}