{"gold_per_floor":[210,385,385,405,185,185,217,232,232,89,122,135,161,193,193,291,291,308,326,326,344,395,413,445,456,504,518,532,566,64,97,97,194,194,210,228,240,240,240,240,265,279,306,306,321,339,373,388,388,388],"floor_reached":50,"playtime":2135,"items_purged":["Doubt","Strike_G"],"score":845,"play_id":"1cefd9b0-151d-44dd-897d-136192915234","local_time":"20180925011753","is_ascension_mode":true,"campfire_choices":[{"data":"Glass Knife","floor":6,"key":"SMITH"},{"floor":15,"key":"REST"},{"floor":32,"key":"DIG"},{"floor":40,"key":"DIG"},{"floor":44,"key":"DIG"},{"floor":49,"key":"REST"}],"neow_cost":"NONE","seed_source_timestamp":43834104487792,"circlet_count":0,"master_deck":["Defend_G","Defend_G","Defend_G","Defend_G","Defend_G","Strike_G","Strike_G","Strike_G","Strike_G","Survivor","Neutralize","Choke","Dagger Spray","Accuracy","Glass Knife+1","Blade Dance","Blade Dance","Cloak And Dagger","Backflip","Malaise","Blur","Envenom","Well Laid Plans","Acrobatics+1","Heel Hook+1","Backflip","Burst","Terror","Accuracy","Escape Plan","Die Die Die+1","Accuracy","All Out Attack+1","Caltrops","Adrenaline","Blade Dance","Well Laid Plans","Reflex","Dagger Spray+1","Deflect+1","Blade Dance+1","Dagger Throw+1","Choke+1","Noxious Fumes+1","Adrenaline","Bane+1","PiercingWail+1","Heel Hook+1","Caltrops"],"relics":["Ring of the Snake","Ninja Scroll","Tough Bandages","Mummified Hand","Tiny Chest","Torii","Bag of Marbles","Anchor","Runic Dome","Molten Egg 2","Ancient Tea Set","Smiling Mask","Bronze Scales","Centennial Puzzle","Shovel","Strawberry","Ginger","Orrery","Nunchaku","PreservedInsect","Matryoshka","Bottled Lightning","Potion Belt","Boot","Question Card","Blood Vial"],"potions_floor_usage":[7,16,16,18,24,33,37,46,46,50,50],"damage_taken":[{"damage":3,"enemies":"Jaw Worm","floor":1,"turns":4},{"damage":0,"enemies":"Small Slimes","floor":4,"turns":2},{"damage":26,"enemies":"Gremlin Nob","floor":7,"turns":4},{"damage":0,"enemies":"Cultist","floor":8,"turns":2},{"damage":15,"enemies":"Lagavulin","floor":11,"turns":4},{"damage":0,"enemies":"Blue Slaver","floor":12,"turns":1},{"damage":0,"enemies":"Gremlin Nob","floor":14,"turns":2},{"damage":2,"enemies":"Hexaghost","floor":16,"turns":11},{"damage":1,"enemies":"Spheric Guardian","floor":18,"turns":4},{"damage":0,"enemies":"3 Byrds","floor":19,"turns":5},{"damage":0,"enemies":"3 Cultists","floor":21,"turns":4},{"damage":1,"enemies":"Cultist and Chosen","floor":23,"turns":5},{"damage":0,"enemies":"Gremlin Leader","floor":24,"turns":3},{"damage":0,"enemies":"Snecko","floor":25,"turns":2},{"damage":9,"enemies":"Snake Plant","floor":27,"turns":3},{"damage":4,"enemies":"Centurion and Healer","floor":28,"turns":3},{"damage":2,"enemies":"Slavers","floor":29,"turns":5},{"damage":0,"enemies":"Gremlin Leader","floor":31,"turns":4},{"damage":32,"enemies":"Collector","floor":33,"turns":7},{"damage":1,"enemies":"3 Darklings","floor":35,"turns":3},{"damage":0,"enemies":"Orb Walker","floor":36,"turns":1},{"damage":0,"enemies":"Sphere and 2 Shapes","floor":37,"turns":2},{"damage":29,"enemies":"Mind Bloom Boss Battle","floor":38,"turns":4},{"damage":1,"enemies":"Nemesis","floor":41,"turns":3},{"damage":1,"enemies":"Transient","floor":42,"turns":5},{"damage":0,"enemies":"Jaw Worm Horde","floor":45,"turns":1},{"damage":15,"enemies":"Maw","floor":46,"turns":3},{"damage":7,"enemies":"Giant Head","floor":47,"turns":5},{"damage":7,"enemies":"4 Shapes","floor":48,"turns":6},{"damage":68,"enemies":"Time Eater","floor":50,"turns":7}],"seed_played":"2832266051688629450","potions_obtained":[{"floor":1,"key":"SkillPotion"},{"floor":11,"key":"FearPotion"},{"floor":12,"key":"FearPotion"},{"floor":16,"key":"GamblersBrew"},{"floor":21,"key":"SteroidPotion"},{"floor":24,"key":"Energy Potion"},{"floor":25,"key":"Poison Potion"},{"floor":28,"key":"Swift Potion"},{"floor":37,"key":"Poison Potion"},{"floor":42,"key":"Weak Potion"},{"floor":45,"key":"AttackPotion"},{"floor":47,"key":"Regen Potion"}],"is_trial":false,"path_per_floor":["M","?","?","M","$","R","E","M","T","$","E","M","T","E","R","B",null,"M","M","T","M","T","M","E","M","T","M","M","E","$","E","R","B",null,"M","M","M","?","?","R","E","M","T","R","M","M","E","M","R"],"character_chosen":"THE_SILENT","items_purchased":["Accuracy","Glass Knife","Tiny Chest","Cloak And Dagger","Shovel","Accuracy","All Out Attack+1","FearPotion"],"campfire_rested":2,"item_purchase_floors":[5,5,10,10,30,30,30,30],"current_hp_per_floor":[67,67,64,64,64,64,38,38,38,38,23,23,23,23,44,42,70,69,69,69,69,69,68,68,68,68,59,55,53,53,60,60,28,77,76,76,76,47,47,47,46,45,45,45,45,30,23,18,41,0],"gold":388,"neow_bonus":"HUNDRED_GOLD","is_prod":false,"is_daily":false,"chose_seed":false,"campfire_upgraded":1,"win_rate":0,"timestamp":1537852673,"path_taken":["M","?","?","M","$","R","E","M","T","$","E","?","?","E","R","BOSS","M","M","?","M","?","M","E","M","T","M","M","E","$","E","R","BOSS","M","M","M","?","?","R","E","M","T","R","?","?","E","M","R","BOSS"],"build_version":"2018-09-20","purchased_purges":2,"victory":false,"max_hp_per_floor":[70,70,70,70,70,70,70,70,70,70,70,70,70,70,70,70,70,70,70,70,70,70,70,70,70,70,70,70,70,70,77,77,77,77,77,77,77,77,77,77,77,77,77,77,77,77,77,77,77,77],"card_choices":[{"not_picked":["Predator","Underhanded Strike"],"picked":"Choke","floor":1},{"not_picked":["Endless Agony","Blur"],"picked":"Dagger Spray","floor":4},{"not_picked":["Acrobatics","Deadly Poison"],"picked":"Blade Dance","floor":7},{"not_picked":["Reflex","Dagger Throw"],"picked":"Blade Dance","floor":8},{"not_picked":["Infinite Blades","Acrobatics"],"picked":"Backflip","floor":11},{"not_picked":["Bane","Underhanded Strike"],"picked":"Malaise","floor":12},{"not_picked":["Bouncing Flask","Deadly Poison"],"picked":"Blur","floor":14},{"not_picked":["Wraith Form v2","Venomology"],"picked":"Envenom","floor":16},{"not_picked":["Eviscerate+1","Dodge and Roll"],"picked":"Well Laid Plans","floor":18},{"not_picked":["Outmaneuver","Flying Knee"],"picked":"Acrobatics+1","floor":19},{"not_picked":["Dodge and Roll","Quick Slash+1"],"picked":"Heel Hook+1","floor":21},{"not_picked":["Sucker Punch+1","Slice+1"],"picked":"Backflip","floor":23},{"not_picked":["Poisoned Stab+1","Dagger Throw+1"],"picked":"Burst","floor":24},{"not_picked":["Dagger Spray+1","Dagger Throw+1"],"picked":"Terror","floor":25},{"not_picked":["Dagger Throw+1","Setup"],"picked":"Accuracy","floor":27},{"not_picked":["Slice+1","Bane+1"],"picked":"Escape Plan","floor":28},{"not_picked":["Concentrate","Underhanded Strike+1"],"picked":"Die Die Die+1","floor":29},{"not_picked":["Riddle With Holes+1","Bane+1"],"picked":"Caltrops","floor":31},{"not_picked":["Bullet Time","Unload+1"],"picked":"Adrenaline","floor":33},{"not_picked":["Poisoned Stab+1","Finisher+1"],"picked":"Blade Dance","floor":34},{"not_picked":["Underhanded Strike+1","Backstab+1"],"picked":"Well Laid Plans","floor":34},{"not_picked":["Deadly Poison","Dagger Spray+1"],"picked":"Reflex","floor":34},{"not_picked":["Underhanded Strike+1","Bouncing Flask+1"],"picked":"Dagger Spray+1","floor":34},{"not_picked":["Bouncing Flask","All Out Attack+1"],"picked":"Deflect+1","floor":34},{"not_picked":["Dagger Spray+1","Bane+1"],"picked":"Blade Dance+1","floor":35},{"not_picked":["Infinite Blades+1","Distraction"],"picked":"Dagger Throw+1","floor":36},{"not_picked":["Prepared+1","Masterful Stab+1"],"picked":"Choke+1","floor":37},{"not_picked":["Bullet Time","Underhanded Strike+1"],"picked":"Noxious Fumes+1","floor":38},{"not_picked":["Poisoned Stab+1","Sucker Punch+1"],"picked":"Adrenaline","floor":41},{"not_picked":["Cloak And Dagger","Prepared"],"picked":"Bane+1","floor":42},{"not_picked":["Flying Knee+1","Deadly Poison","Flechettes+1"],"picked":"PiercingWail+1","floor":45},{"not_picked":["Quick Slash+1","PiercingWail+1","Masterful Stab+1","Deflect"],"picked":"SKIP","floor":46},{"not_picked":["Infinite Blades+1","Setup+1","Wraith Form v2"],"picked":"Heel Hook+1","floor":47},{"not_picked":["Prepared","Flechettes+1","Backflip+1"],"picked":"Caltrops","floor":48}],"player_experience":282057,"relics_obtained":[{"floor":7,"key":"Tough Bandages"},{"floor":9,"key":"Mummified Hand"},{"floor":11,"key":"Torii"},{"floor":13,"key":"Bag of Marbles"},{"floor":14,"key":"Anchor"},{"floor":20,"key":"Molten Egg 2"},{"floor":22,"key":"Ancient Tea Set"},{"floor":24,"key":"Smiling Mask"},{"floor":26,"key":"Bronze Scales"},{"floor":29,"key":"Centennial Puzzle"},{"floor":31,"key":"Strawberry"},{"floor":32,"key":"Ginger"},{"floor":38,"key":"Nunchaku"},{"floor":40,"key":"Matryoshka"},{"floor":41,"key":"Bottled Lightning"},{"floor":43,"key":"Potion Belt"},{"floor":43,"key":"Boot"},{"floor":44,"key":"Question Card"},{"floor":47,"key":"Blood Vial"}],"event_choices":[{"event_name":"Liars Game","player_choice":"agreed","floor":2,"damage_taken":0},{"event_name":"Scrap Ooze","player_choice":"success","floor":3,"damage_taken":3},{"event_name":"MindBloom","player_choice":"Fight","floor":38,"damage_taken":0},{"event_name":"WeMeetAgain","player_choice":"Potion","floor":39,"damage_taken":0}],"is_beta":true,"boss_relics":[{"not_picked":["Runic Pyramid","Pandora\u0027s Box"],"picked":"Runic Dome"},{"not_picked":["White Beast Statue","Philosopher\u0027s Stone"],"picked":"Orrery"}],"items_purged_floors":[5,30],"is_endless":false,"potions_floor_spawned":[1,11,12,16,21,24,25,28,31,37,42,45,47],"killed_by":"Time Eater","ascension_level":1}