{"gold_per_floor":[146,203,229,229,33,60,72,84,96,128,140,168,193,215,227,343,355,354,366,204,218,133,133,153,153,178,251,264,213,238,253,253,356,356,367,421,32,51,26,26,26],"floor_reached":41,"playtime":1399,"items_purged":[],"score":491,"play_id":"542ed433-2623-49e5-938b-66fcbb34a88e","local_time":"20181015163351","is_ascension_mode":true,"campfire_choices":[{"data":"Power Through","floor":7,"key":"SMITH"},{"data":"Armaments","floor":11,"key":"SMITH"},{"data":"Pummel","floor":15,"key":"SMITH"},{"data":"Heavy Blade","floor":23,"key":"SMITH"},{"data":"Metallicize","floor":25,"key":"SMITH"},{"floor":32,"key":"REST"},{"floor":40,"key":"REST"}],"neow_cost":"NONE","seed_source_timestamp":427101832857015,"circlet_count":0,"master_deck":["Strike_R","Strike_R","Strike_R","Strike_R","Strike_R","Defend_R","Defend_R+1","Defend_R","Defend_R+1","Bash","Wild Strike+1","Spot Weakness+1","Power Through+1","Armaments+1","Pummel+1","Flex","Twin Strike","Demon Form","Shrug It Off+1","Heavy Blade+1","Metallicize+1","Shrug It Off","Entrench","Sword Boomerang+1","Exhume","Evolve+1","Iron Wave+1","Clash+1","Twin Strike+1","Armaments","Wild Strike+1","Twin Strike+1"],"relics":["Black Blood","Tiny Chest","Centennial Puzzle","Oddly Smooth Stone","MawBank","War Paint","Busted Crown","Vajra","Molten Egg 2","Bronze Scales","Matryoshka","Bottled Flame","Ginger","Ornamental Fan"],"potions_floor_usage":[28,31,31,33,35],"damage_taken":[{"damage":3,"enemies":"Jaw Worm","floor":1,"turns":4},{"damage":8,"enemies":"Gremlin Nob","floor":6,"turns":3},{"damage":0,"enemies":"Cultist","floor":10,"turns":3},{"damage":1,"enemies":"2 Louse","floor":12,"turns":2},{"damage":0,"enemies":"Exordium Thugs","floor":13,"turns":5},{"damage":7,"enemies":"3 Louse","floor":14,"turns":4},{"damage":32,"enemies":"Slime Boss","floor":16,"turns":8},{"damage":9,"enemies":"2 Thieves","floor":18,"turns":4},{"damage":8,"enemies":"Shell Parasite","floor":21,"turns":3},{"damage":4,"enemies":"Snecko","floor":24,"turns":4},{"damage":18,"enemies":"Snake Plant","floor":28,"turns":3},{"damage":29,"enemies":"Slavers","floor":30,"turns":7},{"damage":0,"enemies":"Centurion and Healer","floor":31,"turns":4},{"damage":48,"enemies":"Automaton","floor":33,"turns":8},{"damage":17,"enemies":"Orb Walker","floor":35,"turns":4},{"damage":29,"enemies":"Mysterious Sphere","floor":36,"turns":5},{"damage":46,"enemies":"3 Darklings","floor":38,"turns":5},{"damage":75,"enemies":"Transient","floor":41,"turns":5}],"seed_played":"1295119789539351355","potions_obtained":[{"floor":13,"key":"Block Potion"},{"floor":14,"key":"Strength Potion"},{"floor":18,"key":"SneckoOil"},{"floor":21,"key":"Dexterity Potion"},{"floor":28,"key":"SkillPotion"},{"floor":31,"key":"Weak Potion"}],"is_trial":false,"path_per_floor":["M","?","T","?","$","E","R","?","T","M","R","M","M","M","R","B",null,"M","?","$","M","?","R","M","R","T","T","M","$","E","M","R","B",null,"M","?","$","M","$","R"],"character_chosen":"IRONCLAD","items_purchased":["Oddly Smooth Stone","Spot Weakness","Vajra","Heavy Blade","Shrug It Off","Ornamental Fan","Clash+1","Twin Strike+1","Armaments","Twin Strike+1"],"campfire_rested":2,"item_purchase_floors":[5,5,20,20,29,37,37,37,37,39],"current_hp_per_floor":[80,80,80,80,80,78,78,78,78,80,80,80,80,79,79,53,80,77,77,77,75,75,75,77,77,77,77,65,65,42,48,72,30,80,73,54,54,18,18,42,0],"gold":26,"neow_bonus":"RANDOM_COMMON_RELIC","is_prod":false,"is_daily":false,"chose_seed":false,"campfire_upgraded":5,"win_rate":0,"timestamp":1539642831,"path_taken":["M","?","?","?","$","E","R","?","T","M","R","?","M","M","R","BOSS","M","?","$","M","?","R","M","R","T","?","?","?","E","M","R","BOSS","M","?","$","M","?","R","M"],"build_version":"2018-10-11","purchased_purges":0,"victory":false,"max_hp_per_floor":[80,80,80,80,80,80,80,80,80,80,80,80,80,80,80,80,80,80,80,80,80,80,80,80,80,80,80,80,80,80,80,80,80,80,80,80,80,80,80,80,80],"card_choices":[{"not_picked":["Body Slam","Anger"],"picked":"Wild Strike","floor":1},{"not_picked":["Whirlwind","Ghostly Armor"],"picked":"Power Through","floor":6},{"not_picked":["Rupture","Heavy Blade"],"picked":"Armaments","floor":10},{"not_picked":["Clash","Warcry"],"picked":"Pummel","floor":12},{"not_picked":["Armaments","True Grit"],"picked":"Flex","floor":13},{"not_picked":["True Grit","Clothesline"],"picked":"Twin Strike","floor":14},{"not_picked":["Double Tap","Immolate"],"picked":"Demon Form","floor":16},{"not_picked":[],"picked":"Shrug It Off+1","floor":18},{"not_picked":["Dropkick"],"picked":"SKIP","floor":21},{"not_picked":[],"picked":"Metallicize","floor":24},{"not_picked":["Hemokinesis+1"],"picked":"SKIP","floor":28},{"not_picked":[],"picked":"Entrench","floor":30},{"not_picked":[],"picked":"Sword Boomerang+1","floor":31},{"not_picked":[],"picked":"Exhume","floor":33},{"not_picked":[],"picked":"Evolve+1","floor":35},{"not_picked":[],"picked":"Iron Wave+1","floor":36},{"not_picked":[],"picked":"Wild Strike+1","floor":38}],"player_experience":691425,"relics_obtained":[{"floor":3,"key":"Centennial Puzzle"},{"floor":6,"key":"MawBank"},{"floor":9,"key":"War Paint"},{"floor":26,"key":"Bronze Scales"},{"floor":27,"key":"Matryoshka"},{"floor":30,"key":"Bottled Flame"},{"floor":36,"key":"Ginger"}],"event_choices":[{"event_name":"Golden Wing","player_choice":"Gained Gold","floor":2,"damage_taken":0},{"event_name":"Living Wall","player_choice":"Grow","floor":4,"damage_taken":0},{"event_name":"Upgrade Shrine","player_choice":"Upgraded","floor":8,"damage_taken":0},{"event_name":"Beggar","player_choice":"Ignored","floor":19,"damage_taken":0},{"event_name":"Addict","player_choice":"Obtained Relic","floor":22,"damage_taken":0},{"event_name":"Mysterious Sphere","player_choice":"Fight","floor":36,"damage_taken":0}],"is_beta":false,"boss_relics":[{"not_picked":["Lizard Tail","Runic Dome"],"picked":"Busted Crown"},{"not_picked":["Orrery","Velvet Choker"],"picked":"Black Blood"}],"items_purged_floors":[],"is_endless":false,"potions_floor_spawned":[13,14,18,21,28,31],"killed_by":"Transient","ascension_level":4}