{"gold_per_floor":[10,10,10,21,36,61,61,91,91,91],"floor_reached":10,"playtime":284,"items_purged":[],"score":84,"play_id":"0fbef004-7319-4636-bfe9-aaf2ca666f64","local_time":"20181005045703","is_ascension_mode":true,"campfire_choices":[{"floor":7,"key":"REST"}],"neow_cost":"NO_GOLD","seed_source_timestamp":43033027241236,"circlet_count":0,"master_deck":["Defend_G","Defend_G","Defend_G","Defend_G","Defend_G","Strike_G","Strike_G","Strike_G","Strike_G","Strike_G","Survivor","Neutralize","Cloak And Dagger","Blade Dance","Blade Dance","Blade Dance","Dagger Throw"],"relics":["Ring of the Snake","Du-Vu Doll","Pantograph","Singing Bowl"],"potions_floor_usage":[6,10],"damage_taken":[{"damage":1,"enemies":"Jaw Worm","floor":1,"turns":3},{"damage":0,"enemies":"Cultist","floor":4,"turns":4},{"damage":0,"enemies":"2 Louse","floor":5,"turns":3},{"damage":40,"enemies":"Gremlin Nob","floor":6,"turns":5},{"damage":39,"enemies":"Lagavulin","floor":8,"turns":9},{"damage":23,"enemies":"Gremlin Nob","floor":10,"turns":4}],"seed_played":"-6661140605787489453","potions_obtained":[{"floor":4,"key":"Swift Potion"},{"floor":8,"key":"SkillPotion"}],"is_trial":false,"path_per_floor":["M","?","?","M","M","E","R","E","T"],"character_chosen":"THE_SILENT","items_purchased":[],"campfire_rested":1,"item_purchase_floors":[],"current_hp_per_floor":[83,83,76,76,76,36,61,22,22,0],"gold":91,"neow_bonus":"TWENTY_PERCENT_HP_BONUS","is_prod":false,"is_daily":false,"chose_seed":false,"campfire_upgraded":0,"win_rate":0,"timestamp":1538729823,"path_taken":["M","?","?","?","M","E","R","E","T","E"],"build_version":"2018-10-04","purchased_purges":0,"victory":false,"max_hp_per_floor":[84,84,84,84,84,84,84,84,84,84],"card_choices":[{"not_picked":["Dagger Throw","Blade Dance"],"picked":"Cloak And Dagger","floor":1},{"not_picked":["Slice","Well Laid Plans"],"picked":"Blade Dance","floor":4},{"not_picked":["Catalyst","Finisher"],"picked":"Blade Dance","floor":5},{"not_picked":["Dodge and Roll","Deflect"],"picked":"Blade Dance","floor":6},{"not_picked":["Predator","Endless Agony"],"picked":"Dagger Throw","floor":8}],"player_experience":295894,"relics_obtained":[{"floor":6,"key":"Du-Vu Doll"},{"floor":8,"key":"Pantograph"},{"floor":9,"key":"Singing Bowl"}],"event_choices":[{"event_name":"Wheel of Change","player_choice":"Curse","floor":2,"damage_taken":0},{"event_name":"Golden Wing","player_choice":"Card Removal","floor":3,"damage_taken":0}],"is_beta":true,"boss_relics":[],"items_purged_floors":[],"is_endless":false,"potions_floor_spawned":[4,8],"killed_by":"Gremlin Nob","ascension_level":2}