{"gold_per_floor":[215,165,178,197,197,223,223,258,258,258,258,94,105,5,5,105,105,45,45,45,45,0,0,0,0,0,0,0,0,0,0,0,0],"floor_reached":33,"playtime":4939,"items_purged":["Strike_R","Strike_R"],"score":298,"play_id":"a4baadb6-7ed2-4c33-9d5d-53d321e585fb","local_time":"20190105012514","is_ascension_mode":false,"campfire_choices":[{"floor":7.0,"key":"REST"},{"floor":10.0,"key":"REST"},{"data":"Whirlwind","floor":15.0,"key":"SMITH"},{"floor":23.0,"key":"REST"},{"floor":27.0,"key":"REST"},{"floor":32,"key":"REST"}],"neow_cost":"NONE","seed_source_timestamp":651442191813422,"circlet_count":0,"master_deck":["Defend_R","Defend_R","Defend_R","Defend_R","Bash","Cleave","Clothesline","Ghostly Armor","Heavy Blade","Whirlwind+1","True Grit","Feel No Pain","Demon Form","Shockwave+1","Bite","Bite","Bite","Bite","Bite"],"special_seed":0,"relics":["Burning Blood","Potion Belt","Mummified Hand","Bag of Marbles","Ectoplasm","Centennial Puzzle","Red Skull"],"potions_floor_usage":[33,33,33],"damage_taken":[{"damage":3.0,"enemies":"Small Slimes","floor":1.0,"turns":3.0},{"damage":0.0,"enemies":"2 Louse","floor":3.0,"turns":2.0},{"damage":10.0,"enemies":"Jaw Worm","floor":4.0,"turns":4.0},{"damage":42.0,"enemies":"3 Sentries","floor":6.0,"turns":9.0},{"damage":24.0,"enemies":"Gremlin Nob","floor":8.0,"turns":4.0},{"damage":4.0,"enemies":"Blue Slaver","floor":13.0,"turns":5.0},{"damage":79.0,"enemies":"Hexaghost","floor":16.0,"turns":12.0},{"damage":25.0,"enemies":"2 Thieves","floor":18.0,"turns":3.0},{"damage":50.0,"enemies":"Colosseum Slavers","floor":19.0,"turns":4.0},{"damage":10.0,"enemies":"Spheric Guardian","floor":20.0,"turns":4.0},{"damage":18.0,"enemies":"Cultist and Chosen","floor":25.0,"turns":5.0},{"damage":18,"enemies":"3 Cultists","floor":28,"turns":3},{"damage":21,"enemies":"Book of Stabbing","floor":29,"turns":6},{"damage":12,"enemies":"Shelled Parasite and Fungi","floor":30,"turns":5},{"damage":73,"enemies":"Automaton","floor":33,"turns":6}],"seed_played":"1491949994580697112","potions_obtained":[{"floor":4.0,"key":"Regen Potion"},{"floor":8.0,"key":"EntropicBrew"},{"floor":20.0,"key":"SpeedPotion"},{"floor":28,"key":"AttackPotion"}],"is_trial":false,"path_per_floor":["M","?","M","M","?","E","R","E","T","R","?","$","M","$","R","B",null,"M","?","M","$","?","R","?","M","T","R","M","E","M","?","R","B"],"character_chosen":"IRONCLAD","items_purchased":["Whirlwind","True Grit"],"campfire_rested":5,"item_purchase_floors":[12,12],"current_hp_per_floor":[80,80,80,76,76,40,64,46,46,70,75,75,77,77,77,18,85,66,22,18,18,18,43,43,31,31,56,44,29,23,23,40,0],"gold":0,"neow_bonus":"HUNDRED_GOLD","is_prod":false,"is_daily":false,"chose_seed":false,"campfire_upgraded":1,"win_rate":0.0,"timestamp":1546673114,"path_taken":["M","?","M","M","?","E","R","E","T","R","?","$","M","$","R","BOSS","M","?","M","$","?","R","?","?","T","R","M","E","M","?","R","BOSS"],"build_version":"2019-01-03v4","purchased_purges":2,"victory":false,"max_hp_per_floor":[80,80,80,80,80,80,80,80,80,80,85,85,85,85,85,85,85,85,85,85,85,85,85,85,85,85,85,85,85,85,59,59,59],"card_choices":[{"not_picked":["Twin Strike","Anger"],"picked":"Cleave","floor":1.0},{"not_picked":["Cleave","Power Through","Anger"],"picked":"SKIP","floor":3.0},{"not_picked":["Burning Pact","Intimidate"],"picked":"Clothesline","floor":4.0},{"not_picked":["Flex","Thunderclap"],"picked":"Ghostly Armor","floor":6.0},{"not_picked":["Immolate","Armaments"],"picked":"Heavy Blade","floor":8.0},{"not_picked":["Wild Strike","Whirlwind"],"picked":"Feel No Pain","floor":13.0},{"not_picked":["Fiend Fire","Offering"],"picked":"Demon Form","floor":16.0},{"not_picked":["Headbutt","Pommel Strike+1","Twin Strike"],"picked":"SKIP","floor":18.0},{"not_picked":["Combust","Dual Wield","Armaments"],"picked":"SKIP","floor":20.0},{"not_picked":["Wild Strike","True Grit","Shrug It Off"],"picked":"SKIP","floor":25.0},{"not_picked":["Iron Wave","True Grit","Pummel"],"picked":"SKIP","floor":28},{"not_picked":["Rage","Brutality"],"picked":"Shockwave+1","floor":29},{"not_picked":["Whirlwind","Headbutt+1","Power Through"],"picked":"SKIP","floor":30}],"player_experience":51385,"relics_obtained":[{"floor":6.0,"key":"Potion Belt"},{"floor":8.0,"key":"Mummified Hand"},{"floor":9.0,"key":"Bag of Marbles"},{"floor":26.0,"key":"Centennial Puzzle"},{"floor":29,"key":"Red Skull"}],"event_choices":[{"cards_removed":["Strike_R"],"damage_healed":0.0,"max_hp_gain":0.0,"max_hp_loss":0.0,"gold_gain":0.0,"event_name":"The Cleric","player_choice":"Card Removal","floor":2.0,"gold_loss":50.0,"damage_taken":0.0},{"damage_healed":0.0,"max_hp_gain":0.0,"max_hp_loss":0.0,"gold_gain":0.0,"event_name":"Liars Game","player_choice":"Ignored","floor":5.0,"gold_loss":0.0,"damage_taken":0.0},{"damage_healed":0.0,"max_hp_gain":5.0,"max_hp_loss":0.0,"gold_gain":0.0,"event_name":"Big Fish","player_choice":"Donut","floor":11.0,"gold_loss":0.0,"damage_taken":0.0},{"damage_healed":0.0,"max_hp_gain":0.0,"max_hp_loss":0.0,"gold_gain":0.0,"event_name":"Colosseum","player_choice":"Fight","floor":19.0,"gold_loss":0.0,"damage_taken":0.0},{"damage_healed":0.0,"max_hp_gain":0.0,"max_hp_loss":0.0,"gold_gain":0.0,"event_name":"Colosseum","player_choice":"Fled From Nobs","floor":19.0,"gold_loss":0.0,"damage_taken":0.0},{"damage_healed":0.0,"max_hp_gain":0.0,"max_hp_loss":0.0,"gold_gain":0.0,"event_name":"Masked Bandits","player_choice":"Paid Fearfully","floor":22.0,"gold_loss":45.0,"damage_taken":0.0},{"cards_removed":["Strike_R"],"damage_healed":0.0,"max_hp_gain":0.0,"max_hp_loss":0.0,"gold_gain":0.0,"event_name":"Back to Basics","player_choice":"Elegance","floor":24.0,"gold_loss":0.0,"damage_taken":0.0},{"damage_healed":0,"gold_gain":0,"player_choice":"Became a vampire","damage_taken":0,"max_hp_gain":0,"max_hp_loss":26,"event_name":"Vampires","floor":31,"gold_loss":0,"cards_obtained":["Bite","Bite","Bite","Bite","Bite"]}],"is_beta":false,"boss_relics":[{"not_picked":["Eternal Feather","Coffee Dripper"],"picked":"Ectoplasm"}],"items_purged_floors":[12,14],"is_endless":false,"potions_floor_spawned":[4,8,20,28],"killed_by":"Automaton","ascension_level":0}