{"gold_per_floor":[10,20,20,20,35,69,69,69,148,148,176,191,208,208],"floor_reached":14,"playtime":734,"items_purged":[],"score":100,"play_id":"de5d9a76-f620-4c83-bc5e-b7ded1302a91","local_time":"20190317212957","is_ascension_mode":false,"campfire_choices":[{"data":"Flame Barrier","floor":8,"key":"SMITH"},{"data":"Bash","floor":10,"key":"SMITH"}],"neow_cost":"NO_GOLD","seed_source_timestamp":165601988224333,"circlet_count":0,"master_deck":["Strike_R","Strike_R","Strike_R","Strike_R","Defend_R","Defend_R+1","Defend_R","Defend_R","Bash+1","True Grit+1","Armaments","Flame Barrier+1","Spot Weakness","Sword Boomerang","Shrug It Off"],"special_seed":0,"relics":["Burning Blood","Turnip","War Paint","Blue Candle","Smiling Mask"],"potions_floor_usage":[14],"damage_taken":[{"damage":6,"enemies":"Cultist","floor":1,"turns":3},{"damage":0,"enemies":"2 Louse","floor":2,"turns":3},{"damage":2,"enemies":"Small Slimes","floor":5,"turns":5},{"damage":25,"enemies":"Gremlin Nob","floor":6,"turns":5},{"damage":21,"enemies":"3 Sentries","floor":11,"turns":13},{"damage":0,"enemies":"Red Slaver","floor":12,"turns":4},{"damage":12,"enemies":"3 Louse","floor":13,"turns":3},{"damage":43,"enemies":"Gremlin Nob","floor":14,"turns":6}],"seed_played":"434155026310199918","potions_obtained":[{"floor":6,"key":"EssenceOfSteel"},{"floor":11,"key":"Weak Potion"},{"floor":12,"key":"Ancient Potion"}],"is_trial":false,"path_per_floor":["?","?"],"character_chosen":"IRONCLAD","items_purchased":[],"campfire_rested":0,"item_purchase_floors":[],"current_hp_per_floor":[80,80,73,73,77,58,50,50,50,50,35,41,35,0],"gold":208,"neow_bonus":"ONE_RARE_RELIC","is_prod":false,"is_daily":false,"chose_seed":false,"campfire_upgraded":2,"win_rate":0,"timestamp":1552872597,"path_taken":["M","M","?","$","M","E","?","R","T","R","E","M","M","E"],"build_version":"2019-01-23","purchased_purges":0,"victory":false,"max_hp_per_floor":[80,80,80,80,80,80,80,80,80,80,80,80,80,80],"card_choices":[{"not_picked":["Thunderclap","Wild Strike"],"picked":"True Grit","floor":1},{"not_picked":["Heavy Blade","Cleave"],"picked":"Armaments","floor":2},{"not_picked":["Thunderclap","Wild Strike","Ghostly Armor"],"picked":"SKIP","floor":5},{"not_picked":["Pommel Strike","Body Slam"],"picked":"Flame Barrier","floor":6},{"not_picked":["Double Tap","Warcry"],"picked":"Spot Weakness","floor":11},{"not_picked":["Clash","Burning Pact"],"picked":"Sword Boomerang","floor":12},{"not_picked":["Wild Strike","Thunderclap"],"picked":"Shrug It Off","floor":13}],"player_experience":723434,"relics_obtained":[{"floor":6,"key":"War Paint"},{"floor":9,"key":"Blue Candle"},{"floor":11,"key":"Smiling Mask"}],"event_choices":[{"cards_removed":["Strike_R"],"damage_healed":0,"gold_gain":0,"player_choice":"Card Removal","damage_taken":7,"max_hp_gain":0,"max_hp_loss":0,"event_name":"Golden Wing","floor":3,"gold_loss":0},{"damage_healed":0,"gold_gain":0,"player_choice":"Damaged","damage_taken":8,"max_hp_gain":0,"max_hp_loss":0,"event_name":"Wheel of Change","floor":7,"gold_loss":0}],"is_beta":false,"boss_relics":[],"items_purged_floors":[],"is_endless":false,"potions_floor_spawned":[6,11,12],"killed_by":"Gremlin Nob","ascension_level":0}