{"gold_per_floor":[17,37,37,37,37,37,70,70,118,118,137,35,35,66,66,187,187,210,185,185,208,208,239,252,286,286,286,286,300,300,341,341,461,461,475,500,516,121,121,121,135,260,260,279,501,539,122,157,157,157],"floor_reached":51,"playtime":2985,"items_purged":["Injury"],"score":1272,"play_id":"6aa6977a-b1f1-42f2-b248-858643ae39f0","local_time":"20190323103136","is_ascension_mode":true,"campfire_choices":[{"data":"Zap","floor":6.0,"key":"SMITH"},{"data":"Coolheaded","floor":8.0,"key":"SMITH"},{"floor":15.0,"key":"REST"},{"data":"White Noise","floor":30.0,"key":"SMITH"},{"data":"Blizzard","floor":32.0,"key":"SMITH"},{"floor":49,"key":"RECALL"}],"neow_cost":"NO_GOLD","seed_source_timestamp":265445126337134,"circlet_count":0,"master_deck":["Strike_B","Strike_B","Strike_B","Strike_B","Defend_B","Defend_B","Defend_B+1","Defend_B+1","Zap+1","Dualcast","Chill","Defragment+1","Coolheaded+1","Consume","Conserve Battery","Glacier","Defragment","Conserve Battery","Core Surge","Core Surge","Hologram","Blizzard","White Noise+1","Beam Cell+1","Self Repair","Self Repair+1","Coolheaded+1","Hologram","Cold Snap+1","Cold Snap","RitualDagger","Go for the Eyes","Blizzard+1","Machine Learning","Coolheaded","Hologram+1","Ball Lightning+1","Storm+1","Chaos+1","Defragment","Cold Snap","Loop","Go for the Eyes","Pain","Coolheaded","Fission","Loop","Coolheaded+1"],"special_seed":0,"relics":["Cracked Core","Prayer Wheel","Thread and Needle","Oddly Smooth Stone","Golden Idol","Juzu Bracelet","Coffee Dripper","Torii","Singing Bowl","Mercury Hourglass","Red Mask","Fusion Hammer","Mummified Hand","WarpedTongs","Calipers","Molten Egg 2","Mango","Runic Capacitor","Vajra","Shuriken"],"potions_floor_usage":[40,44,50,50,50],"damage_taken":[{"damage":0.0,"enemies":"Small Slimes","floor":1.0,"turns":3.0},{"damage":3.0,"enemies":"2 Louse","floor":2.0,"turns":2.0},{"damage":8.0,"enemies":"Lagavulin","floor":7.0,"turns":5.0},{"damage":6.0,"enemies":"Jaw Worm","floor":11.0,"turns":3.0},{"damage":0.0,"enemies":"3 Sentries","floor":14.0,"turns":13.0},{"damage":24.0,"enemies":"Slime Boss","floor":16.0,"turns":25.0},{"damage":0.0,"enemies":"Shell Parasite","floor":18.0,"turns":7.0},{"damage":4.0,"enemies":"2 Thieves","floor":19.0,"turns":5.0},{"damage":0.0,"enemies":"Cultist and Chosen","floor":21.0,"turns":8.0},{"damage":14.0,"enemies":"Slavers","floor":23.0,"turns":8.0},{"damage":0.0,"enemies":"Centurion and Healer","floor":24.0,"turns":10.0},{"damage":0.0,"enemies":"Book of Stabbing","floor":25.0,"turns":8.0},{"damage":9.0,"enemies":"Snake Plant","floor":29.0,"turns":4.0},{"damage":0.0,"enemies":"Masked Bandits","floor":31.0,"turns":4.0},{"damage":21.0,"enemies":"Collector","floor":33.0,"turns":10.0},{"damage":0.0,"enemies":"Orb Walker","floor":35.0,"turns":4.0},{"damage":13.0,"enemies":"3 Darklings","floor":36.0,"turns":6.0},{"damage":0.0,"enemies":"Spire Growth","floor":37.0,"turns":4.0},{"damage":0,"enemies":"Giant Head","floor":40,"turns":1},{"damage":10,"enemies":"Jaw Worm Horde","floor":41,"turns":5},{"damage":24,"enemies":"Mind Bloom Boss Battle","floor":42,"turns":5},{"damage":12,"enemies":"Maw","floor":44,"turns":6},{"damage":3,"enemies":"Reptomancer","floor":46,"turns":6},{"damage":4,"enemies":"Giant Head","floor":48,"turns":6},{"damage":17,"enemies":"Awakened One","floor":50,"turns":10}],"seed_played":"102158721051013304","potions_obtained":[{"floor":2.0,"key":"PowerPotion"},{"floor":7.0,"key":"EssenceOfSteel"},{"floor":14.0,"key":"Poison Potion"},{"floor":19.0,"key":"Explosive Potion"},{"floor":22.0,"key":"Ancient Potion"},{"floor":22.0,"key":"Poison Potion"},{"floor":23.0,"key":"Block Potion"},{"floor":24.0,"key":"Energy Potion"},{"floor":29.0,"key":"SmokeBomb"},{"floor":35.0,"key":"GamblersBrew"},{"floor":41,"key":"FearPotion"},{"floor":42,"key":"LiquidBronze"},{"floor":44,"key":"Block Potion"}],"is_trial":false,"path_per_floor":["M","M","?","?","?","R","E","R","T","?","M","$","?","E","R","B",null,"M","M","?","M","?","E","M","E","T","?","?","M","R","?","R","B",null,"M","M","M","$","?","E","M","?","T","M","?","E","$","E","R","B",null],"character_chosen":"DEFECT","items_purchased":["Conserve Battery","Cold Snap","Loop","Mummified Hand","Go for the Eyes","Runic Capacitor","Vajra","Loop"],"campfire_rested":1,"item_purchase_floors":[12,38,38,38,38,47,47,47],"current_hp_per_floor":[68,65,65,65,50,50,42,42,42,42,36,36,41,41,65,41,70,70,66,66,66,66,69,80,82,82,82,76,76,76,83,83,72,81,84,84,84,84,84,84,88,71,71,80,80,106,106,106,106,106],"gold":157,"neow_bonus":"ONE_RARE_RELIC","is_prod":false,"is_daily":false,"chose_seed":false,"campfire_upgraded":4,"win_rate":0,"timestamp":1553358696,"path_taken":["M","M","?","?","?","R","E","R","T","?","M","$","?","E","R","BOSS","M","M","?","M","?","E","M","E","T","?","?","M","R","?","R","BOSS","M","M","M","$","?","E","M","?","T","M","?","E","?","E","R","BOSS"],"build_version":"2019-01-23","purchased_purges":1,"victory":true,"max_hp_per_floor":[75,75,75,75,75,75,75,75,75,75,75,75,80,80,80,80,80,80,80,80,80,80,80,80,82,82,82,82,84,84,84,84,84,84,84,84,84,84,84,84,88,88,88,92,92,106,106,106,106,106],"card_choices":[{"not_picked":["Barrage","Hologram"],"picked":"Chill","floor":1.0},{"not_picked":["Tempest","Stack"],"picked":"Defragment","floor":1.0},{"not_picked":["Hologram","Auto Shields"],"picked":"Coolheaded","floor":2.0},{"not_picked":["Streamline","Heatsinks"],"picked":"Consume","floor":2.0},{"not_picked":["Redo","Hologram"],"picked":"Conserve Battery","floor":7.0},{"not_picked":["Rebound","Barrage"],"picked":"Glacier","floor":11.0},{"not_picked":["Reinforced Body","Self Repair"],"picked":"Defragment","floor":11.0},{"not_picked":["Go for the Eyes","Stack"],"picked":"Core Surge","floor":14.0},{"not_picked":["Buffer","All For One"],"picked":"Core Surge","floor":16.0},{"not_picked":["Reinforced Body","Streamline+1"],"picked":"Hologram","floor":18.0},{"not_picked":["Leap+1","Sweeping Beam+1"],"picked":"Blizzard","floor":18.0},{"not_picked":["Cold Snap","Loop+1"],"picked":"White Noise","floor":19.0},{"not_picked":["Leap","Reinforced Body","Beam Cell+1"],"picked":"SKIP","floor":19.0},{"not_picked":["Leap","Reinforced Body"],"picked":"Beam Cell+1","floor":19.0},{"not_picked":["Gash","Sweeping Beam+1"],"picked":"Self Repair","floor":21.0},{"not_picked":["Recycle","Melter+1"],"picked":"Self Repair+1","floor":21.0},{"not_picked":["Streamline","Barrage"],"picked":"Coolheaded+1","floor":23.0},{"not_picked":["FTL","Turbo"],"picked":"Hologram","floor":24.0},{"not_picked":["Go for the Eyes","Redo+1"],"picked":"Cold Snap+1","floor":24.0},{"not_picked":["Genetic Algorithm+1","Compile Driver","Steam"],"picked":"Singing Bowl","floor":25.0},{"not_picked":["Barrage","Leap","Reinforced Body"],"picked":"Singing Bowl","floor":29.0},{"not_picked":["Gash","Turbo+1"],"picked":"Go for the Eyes","floor":29.0},{"not_picked":["Chaos+1","Streamline"],"picked":"Blizzard","floor":31.0},{"not_picked":["Fission","Hyperbeam"],"picked":"Machine Learning","floor":33.0},{"not_picked":["Rip and Tear+1","Lockon+1"],"picked":"Coolheaded","floor":35.0},{"not_picked":["Heatsinks+1","Compile Driver"],"picked":"Hologram+1","floor":35.0},{"not_picked":["Barrage","Self Repair+1"],"picked":"Ball Lightning+1","floor":36.0},{"not_picked":["Sweeping Beam+1","Stack"],"picked":"Storm+1","floor":36.0},{"not_picked":["Lockon+1","Turbo+1"],"picked":"Chaos+1","floor":37.0},{"not_picked":["Go for the Eyes","Cold Snap"],"picked":"Defragment","floor":37.0},{"not_picked":["Consume+1","Steam+1","Beam Cell+1"],"picked":"Singing Bowl","floor":41},{"not_picked":["Stack+1","Leap+1","Redo"],"picked":"Singing Bowl","floor":41},{"not_picked":["Recycle","Loop+1"],"picked":"Coolheaded","floor":42},{"not_picked":["Reinforced Body","Compile Driver+1","Redo"],"picked":"Singing Bowl","floor":44},{"not_picked":["Redo","Barrage+1","Fusion+1"],"picked":"Singing Bowl","floor":44},{"not_picked":["Rebound+1","Genetic Algorithm+1"],"picked":"Fission","floor":46},{"not_picked":["Hello World+1","Static Discharge"],"picked":"Coolheaded+1","floor":48}],"player_experience":1668569,"relics_obtained":[{"floor":7.0,"key":"Thread and Needle"},{"floor":9.0,"key":"Oddly Smooth Stone"},{"floor":14.0,"key":"Juzu Bracelet"},{"floor":23.0,"key":"Torii"},{"floor":25.0,"key":"Singing Bowl"},{"floor":26.0,"key":"Mercury Hourglass"},{"floor":31.0,"key":"Red Mask"},{"floor":42,"key":"Calipers"},{"floor":43,"key":"Molten Egg 2"},{"floor":46,"key":"Mango"},{"floor":48,"key":"Shuriken"}],"event_choices":[{"damage_healed":0.0,"max_hp_gain":0.0,"max_hp_loss":0.0,"gold_gain":0.0,"event_name":"Living Wall","player_choice":"Grow","floor":3.0,"gold_loss":0.0,"damage_taken":0.0,"cards_upgraded":["Defragment"]},{"damage_healed":0.0,"max_hp_gain":0.0,"max_hp_loss":0.0,"gold_gain":0.0,"event_name":"The Cleric","player_choice":"Leave","floor":4.0,"gold_loss":0.0,"damage_taken":0.0},{"damage_healed":0.0,"max_hp_gain":0.0,"max_hp_loss":0.0,"gold_gain":0.0,"event_name":"Shining Light","player_choice":"Entered Light","floor":5.0,"gold_loss":0.0,"damage_taken":15.0,"cards_upgraded":["Defend_B","Defend_B"]},{"damage_healed":0.0,"max_hp_gain":0.0,"max_hp_loss":0.0,"gold_gain":0.0,"event_name":"Golden Idol","player_choice":"Take Wound","floor":10.0,"gold_loss":0.0,"damage_taken":0.0,"relics_obtained":["Golden Idol"],"cards_obtained":["Injury"]},{"damage_healed":0.0,"max_hp_gain":5.0,"max_hp_loss":0.0,"gold_gain":0.0,"event_name":"Big Fish","player_choice":"Donut","floor":13.0,"gold_loss":0.0,"damage_taken":0.0},{"damage_healed":0.0,"max_hp_gain":0.0,"max_hp_loss":0.0,"gold_gain":0.0,"event_name":"Ghosts","player_choice":"Ignored","floor":20.0,"gold_loss":0.0,"damage_taken":0.0},{"damage_healed":0.0,"max_hp_gain":0.0,"max_hp_loss":0.0,"gold_gain":0.0,"event_name":"Lab","player_choice":"Got Potions","floor":22.0,"gold_loss":0.0,"damage_taken":0.0},{"damage_healed":0.0,"max_hp_gain":0.0,"max_hp_loss":0.0,"gold_gain":0.0,"event_name":"The Library","player_choice":"Read","floor":27.0,"gold_loss":0.0,"damage_taken":0.0,"cards_obtained":["Cold Snap"]},{"damage_healed":0.0,"max_hp_gain":0.0,"max_hp_loss":0.0,"gold_gain":0.0,"event_name":"Nest","player_choice":"Joined the Cult","floor":28.0,"gold_loss":0.0,"damage_taken":6.0,"cards_obtained":["RitualDagger"]},{"damage_healed":0.0,"max_hp_gain":0.0,"max_hp_loss":0.0,"gold_gain":0.0,"event_name":"Masked Bandits","player_choice":"Fought Bandits","floor":31.0,"gold_loss":0.0,"damage_taken":0.0},{"damage_healed":0.0,"max_hp_gain":0.0,"max_hp_loss":0.0,"gold_gain":0.0,"event_name":"Accursed Blacksmith","player_choice":"Rummage","floor":39.0,"gold_loss":0.0,"damage_taken":0.0,"relics_obtained":["WarpedTongs"],"cards_obtained":["Pain"]},{"damage_healed":0,"gold_gain":0,"player_choice":"Fight","damage_taken":0,"max_hp_gain":0,"max_hp_loss":0,"event_name":"MindBloom","floor":42,"gold_loss":0},{"damage_healed":0,"gold_gain":222,"player_choice":"Wore Mask","damage_taken":0,"max_hp_gain":0,"max_hp_loss":0,"event_name":"Tomb of Lord Red Mask","floor":45,"gold_loss":0}],"is_beta":false,"boss_relics":[{"not_picked":["Black Star","Velvet Choker"],"picked":"Coffee Dripper"},{"not_picked":["Philosopher\u0027s Stone","Runic Pyramid"],"picked":"Fusion Hammer"}],"items_purged_floors":[12],"is_endless":false,"potions_floor_spawned":[2,7,14,19,23,24,29,35,41,42,44],"ascension_level":7}