{"gold_per_floor":[116,135,154,13,13,25,41,71,71,89,115,141,141,160,160,256,256,272,272,283,283,298,325,73,73,73,73,106,125,141,161,161,256,256,274,325,337,10,22,55,73,88,88,88,113,113,144,160,160,160,160,160,7,36,36],"floor_reached":56,"playtime":11228,"items_purged":["Defend_G+1"],"score":1343,"play_id":"7aa3dd0d-afb6-48f9-b9cd-f1984c40717e","local_time":"20190212142647","is_ascension_mode":false,"campfire_choices":[{"floor":13,"key":"REST"},{"data":"Finesse","floor":15,"key":"SMITH"},{"data":"After Image","floor":25,"key":"SMITH"},{"floor":32,"key":"REST"},{"floor":49,"key":"RECALL"},{"data":"Bullet Time","floor":52,"key":"SMITH"}],"neow_cost":"NONE","seed_source_timestamp":428312390564581,"circlet_count":0,"master_deck":["Strike_G+1","Strike_G+1","Strike_G+1","Strike_G+1","Strike_G+1","Survivor+1","Neutralize+1","Dagger Throw+1","Blade Dance+1","Dagger Throw+1","Finesse+1","Cloak And Dagger+1","Cloak And Dagger+1","Blur+1","Dash+1","Endless Agony+1","Backflip+1","Underhanded Strike+1","After Image+1","Flying Knee+1","Envenom+1","Flash of Steel+1","Sadistic Nature+1","Outmaneuver+1","Underhanded Strike+1","Unload+1","After Image+1","Bouncing Flask+1","Doppelganger+1","Glass Knife+1","Deflect+1","After Image+1","Footwork+1","Cloak And Dagger+1","Bullet Time+1","Infinite Blades+1","Dodge and Roll+1"],"relics":["Ring of the Snake","NeowsBlessing","Paper Crane","Regal Pillow","Meat on the Bone","Potion Belt","Letter Opener","Runic Pyramid","Ornamental Fan","MutagenicStrength","Ninja Scroll","Incense Burner","Omamori","Astrolabe","Gambling Chip","War Paint","Frozen Egg 2","Happy Flower","Mark of the Bloom","Darkstone Periapt","The Specimen"],"potions_floor_usage":[8,12,18,31,45,54,55,55,55],"damage_taken":[{"damage":0,"enemies":"Cultist","floor":1,"turns":1},{"damage":0,"enemies":"Jaw Worm","floor":2,"turns":1},{"damage":0,"enemies":"2 Louse","floor":3,"turns":1},{"damage":0,"enemies":"Exordium Wildlife","floor":6,"turns":5},{"damage":4,"enemies":"Exordium Thugs","floor":7,"turns":5},{"damage":24,"enemies":"Gremlin Nob","floor":8,"turns":6},{"damage":0,"enemies":"Red Slaver","floor":10,"turns":4},{"damage":30,"enemies":"Lagavulin","floor":12,"turns":8},{"damage":0,"enemies":"Large Slime","floor":14,"turns":5},{"damage":28,"enemies":"The Guardian","floor":16,"turns":16},{"damage":1,"enemies":"Shell Parasite","floor":18,"turns":6},{"damage":0,"enemies":"Chosen","floor":20,"turns":5},{"damage":4,"enemies":"Snake Plant","floor":22,"turns":7},{"damage":14,"enemies":"Book of Stabbing","floor":23,"turns":7},{"damage":34,"enemies":"Slavers","floor":28,"turns":5},{"damage":0,"enemies":"Centurion and Healer","floor":29,"turns":6},{"damage":0,"enemies":"Snecko","floor":30,"turns":3},{"damage":9,"enemies":"Snake Plant","floor":31,"turns":5},{"damage":56,"enemies":"Automaton","floor":33,"turns":12},{"damage":3,"enemies":"Orb Walker","floor":35,"turns":3},{"damage":0,"enemies":"3 Darklings","floor":37,"turns":4},{"damage":0,"enemies":"Jaw Worm Horde","floor":39,"turns":3},{"damage":0,"enemies":"Reptomancer","floor":40,"turns":6},{"damage":0,"enemies":"Sphere and 2 Shapes","floor":41,"turns":6},{"damage":0,"enemies":"Transient","floor":42,"turns":5},{"damage":0,"enemies":"Nemesis","floor":45,"turns":7},{"damage":0,"enemies":"Reptomancer","floor":47,"turns":6},{"damage":0,"enemies":"Maw","floor":48,"turns":6},{"damage":6,"enemies":"Time Eater","floor":50,"turns":14},{"damage":0,"enemies":"Shield and Spear","floor":54,"turns":7},{"damage":23,"enemies":"The Heart","floor":55,"turns":11}],"seed_played":"356031118737259402","potions_obtained":[{"floor":2,"key":"Fire Potion"},{"floor":7,"key":"Fruit Juice"},{"floor":12,"key":"Block Potion"},{"floor":16,"key":"FearPotion"},{"floor":20,"key":"Ancient Potion"},{"floor":22,"key":"Poison Potion"},{"floor":28,"key":"Weak Potion"},{"floor":31,"key":"Block Potion"},{"floor":41,"key":"Ancient Potion"},{"floor":42,"key":"AttackPotion"},{"floor":45,"key":"Block Potion"},{"floor":47,"key":"SpeedPotion"}],"is_trial":false,"path_per_floor":["M","$","?","T","T","?","$","M","T","?","?"],"character_chosen":"THE_SILENT","items_purchased":["Finesse","Cloak And Dagger","Flash of Steel","Sadistic Nature","Gambling Chip","Deflect","Infinite Blades+1"],"campfire_rested":2,"item_purchase_floors":[4,4,24,24,38,38,53],"current_hp_per_floor":[70,70,70,70,52,52,48,29,29,41,41,23,60,60,60,44,75,74,74,74,74,70,56,56,56,56,56,34,46,46,49,75,31,75,72,72,72,72,72,72,72,72,72,72,72,72,72,72,72,66,66,66,66,66,43],"gold":36,"neow_bonus":"THREE_ENEMY_KILL","is_prod":false,"is_daily":false,"chose_seed":false,"campfire_upgraded":3,"win_rate":0,"timestamp":1549999607,"path_taken":["M","M","?","?","?","M","M","E","T","M","?","E","R","M","R","BOSS","M","?","M","?","M","E","$","R","T","?","E","?","M","M","R","BOSS","M","?","M","$","M","E","M","M","T","?","E","?","E","M","R","BOSS","R","$","E","BOSS"],"build_version":"2019-01-23","purchased_purges":1,"victory":true,"max_hp_per_floor":[70,70,70,70,70,70,70,75,75,75,75,75,75,75,75,75,75,75,75,75,75,75,75,75,75,75,75,75,75,75,75,75,75,75,75,75,75,75,75,75,75,75,75,75,75,75,75,75,75,75,75,75,75,75,75],"card_choices":[{"not_picked":["Poisoned Stab","Dodge and Roll"],"picked":"Dagger Throw","floor":1},{"not_picked":["Masterful Stab","Deadly Poison"],"picked":"Blade Dance","floor":2},{"not_picked":["Bane","Slice"],"picked":"Dagger Throw","floor":3},{"not_picked":["Acrobatics","PiercingWail"],"picked":"Cloak And Dagger","floor":6},{"not_picked":["Dagger Spray","Dagger Throw"],"picked":"Blur","floor":7},{"not_picked":["Bouncing Flask","Expertise"],"picked":"Dash","floor":8},{"not_picked":["Dodge and Roll","Expertise"],"picked":"Endless Agony","floor":10},{"not_picked":["Wraith Form v2","Dodge and Roll"],"picked":"Backflip","floor":12},{"not_picked":["Terror","Noxious Fumes"],"picked":"Underhanded Strike","floor":14},{"not_picked":["Night Terror","Unload"],"picked":"After Image","floor":16},{"not_picked":["Crippling Poison","PiercingWail","Heel Hook"],"picked":"SKIP","floor":18},{"not_picked":["Poisoned Stab","Prepared","All Out Attack+1"],"picked":"SKIP","floor":20},{"not_picked":["Well Laid Plans","Prepared"],"picked":"Flying Knee+1","floor":22},{"not_picked":["Underhanded Strike+1","PiercingWail"],"picked":"Envenom","floor":23},{"not_picked":["Quick Slash","Distraction","Finisher+1"],"picked":"SKIP","floor":28},{"not_picked":["Backflip","Dagger Throw"],"picked":"Outmaneuver+1","floor":29},{"not_picked":["Prepared","Dash"],"picked":"Underhanded Strike+1","floor":30},{"not_picked":["Dash","Dagger Throw"],"picked":"Unload","floor":31},{"not_picked":["Tools of the Trade","Corpse Explosion"],"picked":"After Image","floor":33},{"not_picked":["Dagger Throw+1","Quick Slash","Blur"],"picked":"SKIP","floor":35},{"not_picked":["Dodge and Roll","Predator+1","Prepared+1"],"picked":"SKIP","floor":37},{"not_picked":["Catalyst","Deadly Poison+1","Heel Hook+1"],"picked":"SKIP","floor":39},{"not_picked":["Grand Finale","Concentrate"],"picked":"After Image","floor":40},{"not_picked":["Blur+1","Backflip+1","Setup+1"],"picked":"SKIP","floor":41},{"not_picked":["Bane+1","Dodge and Roll"],"picked":"Footwork+1","floor":42},{"not_picked":["Quick Slash","Outmaneuver+1"],"picked":"Cloak And Dagger+1","floor":45},{"not_picked":["Catalyst+1","Flying Knee+1"],"picked":"Bullet Time","floor":47},{"not_picked":["Underhanded Strike+1","Tactician","Bouncing Flask+1"],"picked":"SKIP","floor":48},{"not_picked":["Deflect+1","Underhanded Strike+1"],"picked":"Dodge and Roll+1","floor":54}],"player_experience":433521,"relics_obtained":[{"floor":8,"key":"Regal Pillow"},{"floor":9,"key":"Meat on the Bone"},{"floor":11,"key":"Potion Belt"},{"floor":12,"key":"Letter Opener"},{"floor":19,"key":"Ornamental Fan"},{"floor":23,"key":"Ninja Scroll"},{"floor":26,"key":"Incense Burner"},{"floor":28,"key":"Omamori"},{"floor":40,"key":"War Paint"},{"floor":43,"key":"Frozen Egg 2"},{"floor":45,"key":"Happy Flower"},{"floor":47,"key":"Darkstone Periapt"},{"floor":54,"key":"The Specimen"}],"event_choices":[{"damage_healed":0,"gold_gain":0,"player_choice":"Success","damage_taken":18,"relics_obtained":["Paper Crane"],"max_hp_gain":0,"max_hp_loss":0,"event_name":"Scrap Ooze","floor":5,"gold_loss":0},{"damage_healed":0,"gold_gain":0,"player_choice":"Inject Mutagens","damage_taken":0,"relics_obtained":["MutagenicStrength"],"max_hp_gain":0,"max_hp_loss":0,"event_name":"Drug Dealer","floor":21,"gold_loss":0},{"cards_removed":["Defend_G"],"damage_healed":0,"gold_gain":0,"player_choice":"Removed Skill","damage_taken":0,"max_hp_gain":0,"max_hp_loss":0,"event_name":"Falling","floor":44,"gold_loss":0},{"damage_healed":0,"gold_gain":0,"player_choice":"Upgrade","damage_taken":0,"relics_obtained":["Mark of the Bloom"],"max_hp_gain":0,"max_hp_loss":0,"event_name":"MindBloom","floor":46,"gold_loss":0,"cards_upgraded":["Defend_G","Strike_G","Strike_G","Strike_G","Strike_G","Strike_G","Neutralize","Dagger Throw","Blade Dance","Dagger Throw","Cloak And Dagger","Cloak And Dagger","Dash","Endless Agony","Backflip","Underhanded Strike","Envenom","Flash of Steel","Sadistic Nature","Unload","After Image","Deflect","After Image"]}],"is_beta":false,"boss_relics":[{"not_picked":["Orrery","Calling Bell"],"picked":"Runic Pyramid"},{"not_picked":["Velvet Choker","Busted Crown"],"picked":"Astrolabe"}],"items_purged_floors":[53],"is_endless":false,"potions_floor_spawned":[2,7,12,16,20,22,28,31,41,42,45,47,48],"ascension_level":0}