{"gold_per_floor":[112,112,130,130,150,180,190,224,524,535,545,574,601,149,149,248,248,268,278,278,278,296,323,323],"floor_reached":24,"playtime":2581,"items_purged":[],"score":313,"play_id":"34ef1611-ddf0-46da-a836-0743eed0bb3b","local_time":"20190406154939","is_ascension_mode":false,"campfire_choices":[{"floor":15.0,"key":"REST"}],"neow_cost":"TEN_PERCENT_HP_LOSS","seed_source_timestamp":0,"circlet_count":0,"master_deck":["Strike_B","Strike_B","Defend_B","Defend_B","Defend_B","Zap","Dualcast","Chill","Rebound","Auto Shields","Electrodynamics","Static Discharge","White Noise","Cold Snap","Hologram","Turbo","Turbo","Reprogram","Electrodynamics","White Noise","Static Discharge","Seek","Coolheaded","Echo Form","Doom and Gloom+1","Defragment","RitualDagger+1","Consume","Echo Form","Go for the Eyes+1","Genetic Algorithm"],"special_seed":0,"relics":["Cracked Core","Mercury Hourglass","Molten Egg 2","Old Coin","Mango","Odd Mushroom","Toy Ornithopter","Snecko Eye","Bottled Lightning"],"potions_floor_usage":[],"damage_taken":[{"damage":7.0,"enemies":"2 Louse","floor":1.0,"turns":3.0},{"damage":0.0,"enemies":"Small Slimes","floor":3.0,"turns":2.0},{"damage":1.0,"enemies":"Jaw Worm","floor":5.0,"turns":2.0},{"damage":0.0,"enemies":"3 Sentries","floor":6.0,"turns":2.0},{"damage":3.0,"enemies":"Exordium Thugs","floor":7.0,"turns":4.0},{"damage":20.0,"enemies":"Lagavulin","floor":8.0,"turns":5.0},{"damage":9.0,"enemies":"Gremlin Gang","floor":10.0,"turns":3.0},{"damage":0.0,"enemies":"3 Louse","floor":11.0,"turns":2.0},{"damage":21.0,"enemies":"Gremlin Nob","floor":12.0,"turns":4.0},{"damage":19.0,"enemies":"The Mushroom Lair","floor":13.0,"turns":3.0},{"damage":0.0,"enemies":"Slime Boss","floor":16.0,"turns":5.0},{"damage":0.0,"enemies":"3 Byrds","floor":18.0,"turns":1.0},{"damage":3.0,"enemies":"Chosen","floor":19.0,"turns":3.0},{"damage":18.0,"enemies":"Snake Plant","floor":22.0,"turns":4.0},{"damage":46.0,"enemies":"Gremlin Leader","floor":23.0,"turns":4.0},{"damage":10,"enemies":"Snecko","floor":24,"turns":4}],"seed_played":"5700820946461493164","potions_obtained":[{"floor":1.0,"key":"Energy Potion"},{"floor":3.0,"key":"LiquidBronze"},{"floor":6.0,"key":"Strength Potion"},{"floor":8.0,"key":"Poison Potion"},{"floor":16.0,"key":"Swift Potion"},{"floor":23,"key":"Ancient Potion"}],"is_trial":false,"path_per_floor":["M","?","M","?","M","E","M","E","T","M","M","E","?","$","R","B",null,"M","M","?","?","M","E","M"],"character_chosen":"DEFECT","items_purchased":["Toy Ornithopter","Static Discharge","Seek","Coolheaded"],"campfire_rested":1,"item_purchase_floors":[14,14,14,14],"current_hp_per_floor":[61,61,61,61,60,60,57,37,37,28,28,21,2,2,26,36,82,82,79,73,73,55,9,0],"gold":323,"neow_bonus":"TRANSFORM_TWO_CARDS","is_prod":false,"is_daily":false,"chose_seed":false,"campfire_upgraded":0,"win_rate":0,"timestamp":1554562179,"path_taken":["M","?","M","?","M","E","M","E","T","M","M","E","?","$","R","BOSS","M","M","?","?","M","E","M"],"build_version":"2019-01-23","purchased_purges":0,"victory":false,"max_hp_per_floor":[68,68,68,68,68,68,68,68,68,68,68,82,82,82,82,82,82,82,82,82,82,82,82,82],"card_choices":[{"not_picked":["Scrape","Sweeping Beam"],"picked":"Auto Shields","floor":1.0},{"not_picked":["Heatsinks","Reinforced Body"],"picked":"Static Discharge","floor":3.0},{"not_picked":["Compile Driver","Sunder"],"picked":"White Noise","floor":5.0},{"not_picked":["Gash","Compile Driver"],"picked":"Cold Snap","floor":6.0},{"not_picked":["Beam Cell","Fusion"],"picked":"Hologram","floor":7.0},{"not_picked":["Sweeping Beam","Reboot"],"picked":"Turbo","floor":8.0},{"not_picked":["Darkness","Genetic Algorithm"],"picked":"Turbo","floor":10.0},{"not_picked":["Redo","Sweeping Beam+1"],"picked":"Reprogram","floor":11.0},{"not_picked":["Streamline+1","Coolheaded"],"picked":"Electrodynamics","floor":12.0},{"not_picked":["Leap","Sunder+1"],"picked":"White Noise","floor":13.0},{"not_picked":["Electrodynamics","Amplify"],"picked":"Echo Form","floor":16.0},{"not_picked":["Beam Cell+1","Leap+1"],"picked":"Doom and Gloom+1","floor":18.0},{"not_picked":["Leap","Gash+1"],"picked":"Defragment","floor":19.0},{"not_picked":["Sweeping Beam+1","Streamline+1"],"picked":"Go for the Eyes+1","floor":22.0},{"not_picked":["Steam","Tempest"],"picked":"Genetic Algorithm","floor":23}],"player_experience":324397,"relics_obtained":[{"floor":6.0,"key":"Mercury Hourglass"},{"floor":8.0,"key":"Molten Egg 2"},{"floor":9.0,"key":"Old Coin"},{"floor":12.0,"key":"Mango"},{"floor":13.0,"key":"Odd Mushroom"},{"floor":23,"key":"Bottled Lightning"}],"event_choices":[{"damage_healed":0.0,"max_hp_gain":0.0,"max_hp_loss":0.0,"gold_gain":0.0,"cards_transformed":["Defend_B"],"event_name":"Living Wall","player_choice":"Change","floor":2.0,"gold_loss":0.0,"damage_taken":0.0,"cards_obtained":["Electrodynamics"]},{"damage_healed":0.0,"max_hp_gain":0.0,"max_hp_loss":0.0,"gold_gain":0.0,"event_name":"The Cleric","player_choice":"Leave","floor":4.0,"gold_loss":0.0,"damage_taken":0.0},{"damage_healed":0.0,"max_hp_gain":0.0,"max_hp_loss":0.0,"gold_gain":0.0,"event_name":"Mushrooms","player_choice":"Fought Mushrooms","floor":13.0,"gold_loss":0.0,"damage_taken":0.0},{"damage_healed":0.0,"max_hp_gain":0.0,"max_hp_loss":0.0,"gold_gain":0.0,"event_name":"Nest","player_choice":"Joined the Cult","floor":20.0,"gold_loss":0.0,"damage_taken":6.0,"cards_obtained":["RitualDagger"]},{"damage_healed":0.0,"max_hp_gain":0.0,"max_hp_loss":0.0,"gold_gain":0.0,"event_name":"Match and Keep!","player_choice":"2 cards matched","floor":21.0,"gold_loss":0.0,"damage_taken":0.0,"cards_obtained":["Consume","Echo Form"]}],"is_beta":false,"boss_relics":[{"not_picked":["White Beast Statue","Ectoplasm"],"picked":"Snecko Eye"}],"items_purged_floors":[],"is_endless":false,"potions_floor_spawned":[1,3,6,8,16,23],"killed_by":"Snecko","ascension_level":0}