{"gold_per_floor":[114,114,127,127,138,163,338,338,338,31,50,26,26,36,36,36],"floor_reached":16,"playtime":2655,"items_purged":[],"score":100,"play_id":"20f84960-6ef4-4cb8-8594-2bb65ac59843","local_time":"20190131093411","is_ascension_mode":false,"campfire_choices":[{"floor":8,"key":"DIG"},{"floor":15,"key":"REST"}],"neow_cost":"NONE","seed_source_timestamp":49229493312000,"circlet_count":0,"master_deck":["Strike_B","Strike_B","Strike_B","Strike_B","Defend_B","Defend_B","Defend_B","Defend_B","Zap","Dualcast","Force Field","Coolheaded","Stack","Skim","Doubt","Meteor Strike","Barrage","Steam+1","Conserve Battery+1"],"relics":["Cracked Core","Shovel","Shuriken","Toxic Egg 2","Anchor","Pantograph"],"potions_floor_usage":[6,6],"damage_taken":[{"damage":1,"enemies":"Cultist","floor":1,"turns":4},{"damage":0,"enemies":"2 Louse","floor":3,"turns":2},{"damage":4,"enemies":"Jaw Worm","floor":5,"turns":5},{"damage":30,"enemies":"Gremlin Nob","floor":6,"turns":5},{"damage":5,"enemies":"Looter","floor":11,"turns":5},{"damage":5,"enemies":"Exordium Thugs","floor":14,"turns":7},{"damage":85,"enemies":"Hexaghost","floor":16,"turns":16}],"seed_played":"8667369312667809221","potions_obtained":[{"floor":1,"key":"LiquidBronze"},{"floor":3,"key":"SteroidPotion"}],"is_trial":false,"path_per_floor":["M","?","M","?","M","E","?","R","T","$","M","$","T","M","R","B"],"character_chosen":"DEFECT","items_purchased":["Meteor Strike","Anchor","Steam+1"],"campfire_rested":1,"item_purchase_floors":[10,10,12],"current_hp_per_floor":[81,81,81,81,77,47,47,47,47,47,42,42,42,37,61,0],"gold":36,"neow_bonus":"TEN_PERCENT_HP_BONUS","is_prod":false,"is_daily":false,"chose_seed":false,"campfire_upgraded":0,"win_rate":0.0,"timestamp":1548927251,"path_taken":["M","?","M","?","M","E","?","R","T","$","M","?","?","?","R","BOSS"],"build_version":"2019-01-23","purchased_purges":0,"victory":false,"max_hp_per_floor":[82,82,82,82,82,82,82,82,82,82,82,82,82,82,82,82],"card_choices":[{"not_picked":["Steam Power","Blizzard"],"picked":"Force Field","floor":1},{"not_picked":["Heatsinks","Lockon"],"picked":"Coolheaded","floor":3},{"not_picked":["Consume","Turbo"],"picked":"Stack","floor":5},{"not_picked":["Reinforced Body","Turbo"],"picked":"Skim","floor":6},{"not_picked":["Beam Cell","Leap+1"],"picked":"Barrage","floor":11},{"not_picked":["Cold Snap","Aggregate+1"],"picked":"Conserve Battery+1","floor":14}],"player_experience":95986,"relics_obtained":[{"floor":6,"key":"Shovel"},{"floor":8,"key":"Shuriken"},{"floor":9,"key":"Toxic Egg 2"},{"floor":13,"key":"Pantograph"}],"event_choices":[{"damage_healed":0,"gold_gain":0,"player_choice":"Leave","damage_taken":0,"max_hp_gain":0,"max_hp_loss":0,"event_name":"The Cleric","floor":2,"gold_loss":0},{"damage_healed":0,"gold_gain":0,"player_choice":"Ignored","damage_taken":0,"max_hp_gain":0,"max_hp_loss":0,"event_name":"Golden Wing","floor":4,"gold_loss":0},{"damage_healed":0,"gold_gain":175,"player_choice":"AGREE","damage_taken":0,"max_hp_gain":0,"max_hp_loss":0,"event_name":"Liars Game","floor":7,"gold_loss":0,"cards_obtained":["Doubt"]}],"is_beta":false,"boss_relics":[],"items_purged_floors":[],"is_endless":false,"potions_floor_spawned":[1,3],"killed_by":"Hexaghost","ascension_level":0}