{"gold_per_floor":[113,128,128,128,147,176,6,6,6,21,21,21,21,39,39,138,138,148,161,88,98,108,108,143,143,166,176,23,36,56,66,66,162,162,182,182,199,53,64,64,0,0,0,0,0,31,94,244,244,244],"floor_reached":51,"playtime":2494,"items_purged":["Force Field"],"score":1016,"play_id":"cdee8d24-c842-4015-80b9-fa13dbdc50d0","local_time":"20190202141511","is_ascension_mode":true,"campfire_choices":[{"data":"Coolheaded","floor":8.0,"key":"SMITH"},{"data":"Rip and Tear","floor":11.0,"key":"SMITH"},{"data":"Capacitor","floor":13.0,"key":"SMITH"},{"data":"Sweeping Beam","floor":15.0,"key":"SMITH"},{"floor":23.0,"key":"REST"},{"data":"Self Repair","floor":25.0,"key":"SMITH"},{"data":"Defragment","floor":32.0,"key":"SMITH"},{"data":"Blizzard","floor":40.0,"key":"SMITH"},{"data":"Electrodynamics","floor":42.0,"key":"SMITH"},{"data":"All For One","floor":44.0,"key":"SMITH"},{"data":"Echo Form","floor":49,"key":"SMITH"}],"neow_cost":"NONE","seed_source_timestamp":524853034917729,"circlet_count":0,"master_deck":["Dualcast","Ball Lightning+1","Capacitor+1","Rip and Tear+1","FTL","Beam Cell","Coolheaded+1","Gash+1","Steam+1","Conserve Battery+1","Madness+1","Sweeping Beam+1","Genetic Algorithm+1","All For One+1","White Noise+1","Gash+1","Chill+1","Compile Driver","Consume+1","Self Repair+1","White Noise+1","Go for the Eyes","Conserve Battery+1","Defragment+1","Fission+1","Electrodynamics+1","Blizzard+1","Echo Form+1","Compile Driver+1"],"special_seed":0,"relics":["Pandora\u0027s Box","Toxic Egg 2","Whetstone","Mango","Empty Cage","PreservedInsect","Anchor","Bag of Marbles","Inserter","Red Mask","Bird Faced Urn","SsserpentHead","Bottled Flame","Du-Vu Doll"],"potions_floor_usage":[50],"damage_taken":[{"damage":0.0,"enemies":"Cultist","floor":1.0,"turns":1.0},{"damage":0.0,"enemies":"Small Slimes","floor":2.0,"turns":2.0},{"damage":10.0,"enemies":"Jaw Worm","floor":5.0,"turns":2.0},{"damage":19.0,"enemies":"Gremlin Nob","floor":6.0,"turns":5.0},{"damage":9.0,"enemies":"Exordium Thugs","floor":10.0,"turns":3.0},{"damage":9.0,"enemies":"3 Louse","floor":14.0,"turns":2.0},{"damage":17.0,"enemies":"The Guardian","floor":16.0,"turns":9.0},{"damage":13.0,"enemies":"3 Byrds","floor":18.0,"turns":4.0},{"damage":4.0,"enemies":"Chosen","floor":19.0,"turns":3.0},{"damage":20.0,"enemies":"Snake Plant","floor":21.0,"turns":4.0},{"damage":6.0,"enemies":"Chosen and Byrds","floor":22.0,"turns":4.0},{"damage":22.0,"enemies":"Book of Stabbing","floor":24.0,"turns":5.0},{"damage":0.0,"enemies":"3 Cultists","floor":27.0,"turns":5.0},{"damage":12.0,"enemies":"Snake Plant","floor":29.0,"turns":5.0},{"damage":0.0,"enemies":"Chosen and Byrds","floor":30.0,"turns":6.0},{"damage":0.0,"enemies":"Cultist and Chosen","floor":31.0,"turns":7.0},{"damage":52.0,"enemies":"Collector","floor":33.0,"turns":8.0},{"damage":16.0,"enemies":"3 Shapes","floor":35.0,"turns":8.0},{"damage":0.0,"enemies":"3 Darklings","floor":37.0,"turns":4.0},{"damage":7.0,"enemies":"Sphere and 2 Shapes","floor":39.0,"turns":7.0},{"damage":31,"enemies":"Nemesis","floor":46,"turns":7},{"damage":15,"enemies":"Spire Growth","floor":47,"turns":5},{"damage":6,"enemies":"Mind Bloom Boss Battle","floor":48,"turns":7},{"damage":69,"enemies":"Time Eater","floor":50,"turns":12}],"seed_played":"-2540975293813506594","potions_obtained":[{"floor":2.0,"key":"FocusPotion"},{"floor":6.0,"key":"Block Potion"},{"floor":16.0,"key":"Explosive Potion"},{"floor":18.0,"key":"Regen Potion"},{"floor":22.0,"key":"SteroidPotion"},{"floor":24.0,"key":"Swift Potion"},{"floor":27.0,"key":"Weak Potion"},{"floor":33.0,"key":"LiquidBronze"},{"floor":35.0,"key":"Fire Potion"}],"is_trial":false,"path_per_floor":["M","M","?","?","M","E","$","R","T","M","R","$","R","M","R","B",null,"M","M","$","M","M","R","E","R","T","M","$","M","M","M","R","B",null,"M","?","M","$","M","R","?","R","T","R","?","E","M","?","R","B",null],"character_chosen":"DEFECT","items_purchased":["Madness+1","Chill+1","Bag of Marbles","Electrodynamics"],"campfire_rested":1,"item_purchase_floors":[7,20,28,38],"current_hp_per_floor":[68,68,73,73,63,44,44,44,58,49,49,49,49,40,40,23,76,63,59,59,39,33,61,39,39,39,39,39,46,56,66,66,24,77,71,62,62,62,65,65,65,65,65,65,65,56,63,94,94,55],"gold":244,"neow_bonus":"BOSS_RELIC","is_prod":false,"is_daily":false,"chose_seed":false,"campfire_upgraded":10,"win_rate":0,"timestamp":1549145711,"path_taken":["M","M","?","?","M","E","$","R","T","M","R","$","R","M","R","BOSS","M","M","$","M","M","R","E","R","T","M","$","M","?","M","R","BOSS","M","?","M","?","M","R","?","R","T","R","?","E","?","?","R","BOSS"],"build_version":"2019-01-23","purchased_purges":1,"victory":true,"max_hp_per_floor":[75,75,80,80,80,80,80,80,94,94,94,94,94,94,94,94,94,94,94,94,94,94,94,94,94,94,94,94,94,94,94,94,94,94,94,94,94,94,94,94,94,94,94,94,94,94,94,94,94,94],"card_choices":[{"not_picked":["Cold Snap","Ball Lightning"],"picked":"Coolheaded","floor":1.0},{"not_picked":["Rebound","Amplify"],"picked":"Gash","floor":2.0},{"not_picked":["Gash","FTL"],"picked":"Steam+1","floor":5.0},{"not_picked":["Beam Cell","Self Repair"],"picked":"Conserve Battery+1","floor":6.0},{"not_picked":["Rebound","Go for the Eyes"],"picked":"Sweeping Beam","floor":10.0},{"not_picked":["Barrage","Compile Driver"],"picked":"Genetic Algorithm+1","floor":14.0},{"not_picked":["Amplify+1","Hyperbeam"],"picked":"All For One","floor":16.0},{"not_picked":["Conserve Battery+1","Barrage"],"picked":"White Noise+1","floor":18.0},{"not_picked":["Loop","Turbo+1"],"picked":"Gash+1","floor":19.0},{"not_picked":["Chill+1","Reboot+1"],"picked":"Compile Driver","floor":21.0},{"not_picked":["Gash","Coolheaded+1"],"picked":"Consume+1","floor":22.0},{"not_picked":["Compile Driver+1","Double Energy+1"],"picked":"Self Repair","floor":24.0},{"not_picked":["Go for the Eyes","Stack+1"],"picked":"White Noise+1","floor":27.0},{"not_picked":["Steam+1","Compile Driver"],"picked":"Go for the Eyes","floor":29.0},{"not_picked":["Beam Cell+1","Aggregate+1"],"picked":"Conserve Battery+1","floor":30.0},{"not_picked":["Ball Lightning","Beam Cell"],"picked":"Defragment","floor":31.0},{"not_picked":["Meteor Strike","Buffer"],"picked":"Fission+1","floor":33.0},{"not_picked":["Turbo+1","Stack+1","Chill+1"],"picked":"SKIP","floor":35.0},{"not_picked":["Streamline","Sweeping Beam+1","Lockon"],"picked":"SKIP","floor":37.0},{"not_picked":["Conserve Battery+1","Go for the Eyes+1"],"picked":"Blizzard","floor":39.0},{"not_picked":["Beam Cell+1","Turbo+1"],"picked":"Echo Form","floor":46},{"not_picked":["Steam+1","Skim+1","Stack+1"],"picked":"SKIP","floor":47},{"not_picked":["Double Energy+1","Barrage"],"picked":"Compile Driver+1","floor":48}],"player_experience":346540,"relics_obtained":[{"floor":6.0,"key":"Whetstone"},{"floor":9.0,"key":"Mango"},{"floor":24.0,"key":"PreservedInsect"},{"floor":26.0,"key":"Anchor"},{"floor":43.0,"key":"Bird Faced Urn"},{"floor":46,"key":"Bottled Flame"},{"floor":48,"key":"Du-Vu Doll"}],"event_choices":[{"damage_healed":0.0,"max_hp_gain":5.0,"max_hp_loss":0.0,"gold_gain":0.0,"event_name":"Big Fish","player_choice":"Donut","floor":3.0,"gold_loss":0.0,"damage_taken":0.0},{"cards_removed":["FTL"],"damage_healed":0.0,"max_hp_gain":0.0,"max_hp_loss":0.0,"gold_gain":0.0,"event_name":"WeMeetAgain","player_choice":"Gave Card","floor":4.0,"gold_loss":0.0,"damage_taken":0.0,"relics_obtained":["Toxic Egg 2"]},{"damage_healed":0.0,"max_hp_gain":0.0,"max_hp_loss":0.0,"gold_gain":0.0,"event_name":"Wheel of Change","player_choice":"Damaged","floor":36.0,"gold_loss":0.0,"damage_taken":9.0},{"damage_healed":0.0,"max_hp_gain":0.0,"max_hp_loss":0.0,"gold_gain":0.0,"event_name":"Tomb of Lord Red Mask","player_choice":"Paid","floor":41.0,"gold_loss":64.0,"damage_taken":0.0,"relics_obtained":["Red Mask"]},{"damage_healed":0,"gold_gain":0,"player_choice":"Trade","damage_taken":0,"relics_obtained":["SsserpentHead"],"max_hp_gain":0,"max_hp_loss":0,"event_name":"FaceTrader","floor":45,"gold_loss":0},{"damage_healed":0,"gold_gain":0,"player_choice":"Fight","damage_taken":0,"max_hp_gain":0,"max_hp_loss":0,"event_name":"MindBloom","floor":48,"gold_loss":0}],"is_beta":false,"boss_relics":[{"not_picked":["Lizard Tail","Busted Crown"],"picked":"Empty Cage"},{"not_picked":["Sozu","Cursed Key"],"picked":"Inserter"}],"items_purged_floors":[7],"is_endless":false,"potions_floor_spawned":[2,6,16,18,22,24,27,33,35,37,48],"ascension_level":9}