{"gold_per_floor":[115,21,38,38,59,59,102,102,102,121,121,152,176,220,220,349,349,368,389,181,196,105,105,140,140,166,191,215,255,269,288,288,412,412,435,454,477,31,364,398,398,432,432,458,470,483,513,533,533,533,533,533,91,122,122],"floor_reached":56,"playtime":6147,"items_purged":["Defend_B","Strike_B"],"score":1665,"play_id":"fb70ac81-2f1a-4806-afca-541daa91b130","local_time":"20190322153402","is_ascension_mode":true,"campfire_choices":[{"data":"Zap","floor":6,"key":"SMITH"},{"floor":11,"key":"REST"},{"data":"Coolheaded","floor":15,"key":"SMITH"},{"floor":23,"key":"REST"},{"floor":25,"key":"REST"},{"floor":32,"key":"REST"},{"floor":49,"key":"RECALL"},{"floor":52,"key":"REST"}],"neow_cost":"NONE","seed_source_timestamp":571000569697647,"circlet_count":0,"master_deck":["Strike_B","Strike_B","Strike_B+1","Defend_B+1","Defend_B","Defend_B","Zap+1","Dualcast","Go for the Eyes+1","Conserve Battery+1","Cold Snap","Rebound+1","Coolheaded+1","Self Repair+1","Conserve Battery","Cold Snap","Glacier","Glacier","Reboot","Go for the Eyes","Darkness","Creative AI+1","Flash of Steel","Hologram+1","Hologram+1","Stack","Go for the Eyes","White Noise","Go for the Eyes","Conserve Battery","Creative AI+1","White Noise+1","Defragment+1","Stack","Genetic Algorithm+1","Loop+1"],"relics":["FrozenCore","Boot","Frozen Egg 2","War Paint","Whetstone","Smiling Mask","Fusion Hammer","Bronze Scales","Nunchaku","Dream Catcher","Pen Nib","DataDisk","Runic Capacitor","Ornamental Fan","Toxic Egg 2","Calipers","PreservedInsect","Emotion Chip","Happy Flower"],"potions_floor_usage":[12,24,28,37,55,55,55],"damage_taken":[{"damage":4,"enemies":"Jaw Worm","floor":1,"turns":4},{"damage":0,"enemies":"2 Louse","floor":3,"turns":2},{"damage":0,"enemies":"Cultist","floor":5,"turns":3},{"damage":19,"enemies":"3 Sentries","floor":7,"turns":8},{"damage":6,"enemies":"Blue Slaver","floor":10,"turns":4},{"damage":24,"enemies":"Gremlin Nob","floor":12,"turns":6},{"damage":9,"enemies":"Lots of Slimes","floor":13,"turns":4},{"damage":15,"enemies":"3 Sentries","floor":14,"turns":9},{"damage":16,"enemies":"Slime Boss","floor":16,"turns":18},{"damage":19,"enemies":"2 Thieves","floor":18,"turns":5},{"damage":0,"enemies":"Chosen","floor":19,"turns":6},{"damage":30,"enemies":"Snecko","floor":21,"turns":6},{"damage":16,"enemies":"Book of Stabbing","floor":24,"turns":5},{"damage":9,"enemies":"Snake Plant","floor":27,"turns":4},{"damage":0,"enemies":"Cultist and Chosen","floor":28,"turns":6},{"damage":22,"enemies":"Slavers","floor":29,"turns":8},{"damage":1,"enemies":"Shelled Parasite and Fungi","floor":30,"turns":6},{"damage":19,"enemies":"Snake Plant","floor":31,"turns":4},{"damage":10,"enemies":"Automaton","floor":33,"turns":9},{"damage":9,"enemies":"3 Darklings","floor":35,"turns":9},{"damage":0,"enemies":"3 Shapes","floor":36,"turns":10},{"damage":39,"enemies":"Transient","floor":37,"turns":5},{"damage":4,"enemies":"Reptomancer","floor":40,"turns":11},{"damage":8,"enemies":"Nemesis","floor":42,"turns":11},{"damage":5,"enemies":"Giant Head","floor":44,"turns":13},{"damage":0,"enemies":"3 Darklings","floor":45,"turns":13},{"damage":1,"enemies":"Writhing Mass","floor":46,"turns":12},{"damage":17,"enemies":"Nemesis","floor":47,"turns":13},{"damage":0,"enemies":"Maw","floor":48,"turns":14},{"damage":7,"enemies":"Donu and Deca","floor":50,"turns":14},{"damage":24,"enemies":"Shield and Spear","floor":54,"turns":18},{"damage":34,"enemies":"The Heart","floor":55,"turns":15}],"seed_played":"5212322523631810641","potions_obtained":[{"floor":3,"key":"Weak Potion"},{"floor":12,"key":"FearPotion"},{"floor":13,"key":"Dexterity Potion"},{"floor":16,"key":"Fire Potion"},{"floor":18,"key":"SmokeBomb"},{"floor":24,"key":"SkillPotion"},{"floor":30,"key":"LiquidBronze"},{"floor":36,"key":"Block Potion"},{"floor":44,"key":"Weak Potion"},{"floor":46,"key":"Energy Potion"},{"floor":47,"key":"PowerPotion"}],"is_trial":false,"path_per_floor":["?","?","M","?","M","M","?","?","M"],"character_chosen":"DEFECT","items_purchased":["Conserve Battery","Cold Snap","Creative AI+1","Flash of Steel","DataDisk","Runic Capacitor","Defragment+1","Stack","FocusPotion","Emotion Chip"],"campfire_rested":5,"item_purchase_floors":[2,2,20,20,38,38,38,38,53,53],"current_hp_per_floor":[64,64,64,46,46,46,27,27,27,31,53,39,40,35,35,29,64,55,65,65,45,45,67,61,75,75,75,75,63,72,63,75,75,75,75,75,46,46,46,52,52,54,54,59,69,75,68,75,75,75,75,75,75,71,47],"gold":122,"neow_bonus":"RANDOM_COMMON_RELIC","is_prod":false,"is_daily":false,"chose_seed":false,"campfire_upgraded":2,"win_rate":0,"timestamp":1553283242,"path_taken":["M","$","M","?","M","R","E","?","T","M","R","E","M","E","R","BOSS","M","M","$","?","?","R","E","R","T","M","?","E","M","M","R","BOSS","M","?","M","$","?","E","?","E","T","E","?","M","E","M","R","BOSS","R","$","E","BOSS"],"build_version":"2019-01-23","purchased_purges":2,"victory":true,"max_hp_per_floor":[75,75,75,75,75,75,75,75,75,75,75,75,75,75,75,75,75,75,75,75,75,75,75,75,75,75,75,75,75,75,75,75,75,75,75,75,75,75,75,75,75,75,75,75,75,75,75,75,75,75,75,75,75,75,75],"card_choices":[{"not_picked":["Compile Driver","Fusion"],"picked":"Go for the Eyes","floor":1},{"not_picked":["Steam","Static Discharge"],"picked":"Rebound","floor":3},{"not_picked":["Compile Driver","Go for the Eyes"],"picked":"Coolheaded","floor":5},{"not_picked":["Chaos","Hyperbeam"],"picked":"Self Repair","floor":7},{"not_picked":["Cold Snap","Sweeping Beam"],"picked":"Conserve Battery","floor":10},{"not_picked":["Beam Cell","Meteor Strike"],"picked":"Cold Snap","floor":12},{"not_picked":["Streamline","Compile Driver"],"picked":"Glacier","floor":13},{"not_picked":["Ball Lightning","Hologram"],"picked":"Glacier","floor":14},{"not_picked":["All For One","Machine Learning+1"],"picked":"Reboot","floor":16},{"not_picked":["Turbo","Chaos+1"],"picked":"Go for the Eyes","floor":18},{"not_picked":["Leap","Scrape"],"picked":"Darkness","floor":19},{"not_picked":["Glacier+1","Darkness"],"picked":"Hologram+1","floor":21},{"not_picked":["Redo","Biased Cognition+1"],"picked":"Hologram+1","floor":24},{"not_picked":["Coolheaded","Rebound"],"picked":"Stack","floor":27},{"not_picked":["Barrage","Coolheaded"],"picked":"Go for the Eyes","floor":28},{"not_picked":["Sweeping Beam","Chaos"],"picked":"White Noise","floor":29},{"not_picked":["Rainbow","Gash"],"picked":"Go for the Eyes","floor":30},{"not_picked":["Sweeping Beam","Gash+1","Go for the Eyes"],"picked":"SKIP","floor":31},{"not_picked":["Ball Lightning","Hologram"],"picked":"Conserve Battery","floor":32},{"not_picked":["Multi-Cast","Rainbow"],"picked":"Creative AI+1","floor":33},{"not_picked":["Chaos","Cold Snap","Sweeping Beam"],"picked":"SKIP","floor":35},{"not_picked":["Chill+1","Turbo+1","Glacier"],"picked":"SKIP","floor":36},{"not_picked":["Gash","Darkness+1"],"picked":"White Noise+1","floor":37},{"not_picked":["Streamline","Sweeping Beam","Coolheaded"],"picked":"SKIP","floor":40},{"not_picked":["Compile Driver","Barrage"],"picked":"Genetic Algorithm+1","floor":42},{"not_picked":["Reinforced Body+1","Sweeping Beam","Ball Lightning"],"picked":"SKIP","floor":44},{"not_picked":["Rebound+1","Recycle+1"],"picked":"Loop+1","floor":45},{"not_picked":["Hologram+1","Stack+1","Steam+1"],"picked":"SKIP","floor":46},{"not_picked":["Reboot+1","Sweeping Beam+1","Turbo+1"],"picked":"SKIP","floor":47},{"not_picked":["Cold Snap+1","Hologram+1","Redo+1"],"picked":"SKIP","floor":48},{"not_picked":["Streamline+1","Redo+1","Heatsinks+1"],"picked":"SKIP","floor":54}],"player_experience":879463,"relics_obtained":[{"floor":7,"key":"Frozen Egg 2"},{"floor":9,"key":"War Paint"},{"floor":12,"key":"Whetstone"},{"floor":14,"key":"Smiling Mask"},{"floor":24,"key":"Nunchaku"},{"floor":26,"key":"Dream Catcher"},{"floor":29,"key":"Pen Nib"},{"floor":40,"key":"Ornamental Fan"},{"floor":42,"key":"Toxic Egg 2"},{"floor":44,"key":"Calipers"},{"floor":47,"key":"PreservedInsect"},{"floor":54,"key":"Happy Flower"}],"event_choices":[{"damage_healed":0,"gold_gain":0,"player_choice":"Take Damage","damage_taken":18,"relics_obtained":["Golden Idol"],"max_hp_gain":0,"max_hp_loss":0,"event_name":"Golden Idol","floor":4,"gold_loss":0},{"damage_healed":0,"gold_gain":0,"player_choice":"Upgraded","damage_taken":0,"max_hp_gain":0,"max_hp_loss":0,"event_name":"Upgrade Shrine","floor":8,"gold_loss":0,"cards_upgraded":["Go for the Eyes"]},{"damage_healed":0,"gold_gain":0,"player_choice":"Paid Gold","damage_taken":0,"relics_obtained":["Bronze Scales"],"max_hp_gain":0,"max_hp_loss":0,"event_name":"WeMeetAgain","floor":22,"gold_loss":91},{"damage_healed":0,"gold_gain":333,"player_choice":"Gave Idol","damage_taken":0,"max_hp_gain":0,"max_hp_loss":0,"event_name":"The Moai Head","floor":39,"relics_lost":["Golden Idol"],"gold_loss":0},{"damage_healed":0,"gold_gain":0,"player_choice":"Ignored","damage_taken":0,"max_hp_gain":0,"max_hp_loss":0,"event_name":"SecretPortal","floor":41,"gold_loss":0}],"is_beta":false,"boss_relics":[{"not_picked":["Velvet Choker","Astrolabe"],"picked":"Fusion Hammer"},{"not_picked":["Runic Pyramid","Orrery"],"picked":"FrozenCore"}],"items_purged_floors":[20,53],"is_endless":false,"potions_floor_spawned":[3,12,13,16,18,24,27,30,33,36,44,46,47,54],"ascension_level":6}