{"gold_per_floor":[110,125,95,110,124,124,140,315,315,43,59,59,72,22,22,119,119,106,106,116,129,129,129,129,129,199,211,224,4,4,15,15,15],"floor_reached":33,"playtime":1452,"items_purged":[],"score":291,"play_id":"071227c9-5726-4903-8fbd-089cd79b437b","local_time":"20190215103004","is_ascension_mode":false,"campfire_choices":[{"data":"Neutralize","floor":6,"key":"SMITH"},{"floor":12,"key":"REST"},{"floor":15,"key":"REST"},{"floor":23,"key":"REST"},{"floor":25,"key":"REST"},{"floor":30,"key":"REST"},{"floor":32,"key":"REST"}],"neow_cost":"NONE","seed_source_timestamp":226455341590735,"circlet_count":0,"master_deck":["Defend_G","Defend_G","Defend_G","Defend_G","Defend_G","Strike_G","Strike_G","Strike_G","Strike_G","Strike_G","Survivor","Neutralize+1","Deflect","Escape Plan","Outmaneuver","Deflect","Slice","Apotheosis","Noxious Fumes","Caltrops","Deadly Poison","Dodge and Roll","Venomology","Prepared","Slice","Catalyst","Ghostly","Ghostly","Ghostly","Ghostly","Ghostly","Terror","Well Laid Plans","After Image","Deflect","Jack Of All Trades","Deadly Poison+1"],"relics":["Ring of the Snake"],"potions_floor_usage":[5,13,16,18,18,20,21,21,28,28,31,33,33],"damage_taken":[{"damage":0,"enemies":"Jaw Worm","floor":1,"turns":4},{"damage":0,"enemies":"Cultist","floor":2,"turns":3},{"damage":0,"enemies":"Small Slimes","floor":4,"turns":4},{"damage":10,"enemies":"Exordium Thugs","floor":5,"turns":7},{"damage":39,"enemies":"Large Slime","floor":7,"turns":14},{"damage":13,"enemies":"2 Fungi Beasts","floor":11,"turns":4},{"damage":3,"enemies":"Red Slaver","floor":13,"turns":4},{"damage":16,"enemies":"Slime Boss","floor":16,"turns":11},{"damage":28,"enemies":"2 Thieves","floor":18,"turns":4},{"damage":17,"enemies":"Shell Parasite","floor":20,"turns":7},{"damage":28,"enemies":"Snecko","floor":21,"turns":7},{"damage":3,"enemies":"Snake Plant","floor":27,"turns":7},{"damage":20,"enemies":"Shelled Parasite and Fungi","floor":28,"turns":7},{"damage":1,"enemies":"Centurion and Healer","floor":31,"turns":10},{"damage":39,"enemies":"Collector","floor":33,"turns":13}],"seed_played":"-6686254292858461969","potions_obtained":[{"floor":2,"key":"Block Potion"},{"floor":3,"key":"FairyPotion"},{"floor":3,"key":"FairyPotion"},{"floor":5,"key":"Dexterity Potion"},{"floor":7,"key":"Block Potion"},{"floor":13,"key":"Fire Potion"},{"floor":18,"key":"PowerPotion"},{"floor":21,"key":"GhostInAJar"},{"floor":27,"key":"Ancient Potion"}],"is_trial":false,"path_per_floor":["M","M","?","M","M","R","M","?","T","$","M","R","M","$","R","B",null,"M","?","M","M","?","R","?","R","T","M","M","$","R","M","R","B"],"character_chosen":"THE_SILENT","items_purchased":["Apotheosis","Noxious Fumes","Dodge and Roll","After Image","Deflect","Jack Of All Trades"],"campfire_rested":6,"item_purchase_floors":[10,10,14,29,29,29],"current_hp_per_floor":[77,77,77,77,67,67,28,28,28,28,15,38,35,35,58,42,77,49,35,18,8,8,20,20,32,32,29,9,9,21,20,32,0],"gold":15,"neow_bonus":"TEN_PERCENT_HP_BONUS","is_prod":false,"is_daily":false,"chose_seed":false,"campfire_upgraded":1,"win_rate":0,"timestamp":1550251804,"path_taken":["M","M","?","?","M","R","M","?","T","$","M","R","M","?","R","BOSS","M","?","M","M","?","R","?","R","T","M","M","$","R","M","R","BOSS"],"build_version":"2019-01-23","purchased_purges":0,"victory":false,"max_hp_per_floor":[77,77,77,77,77,77,77,77,77,77,77,77,77,77,77,77,77,77,82,82,82,41,41,41,41,41,41,41,41,41,41,41,41],"card_choices":[{"not_picked":["Flechettes","Dagger Throw"],"picked":"Deflect","floor":1},{"not_picked":["Skewer","Bane"],"picked":"Escape Plan","floor":2},{"not_picked":["Acrobatics","Bane"],"picked":"Outmaneuver","floor":4},{"not_picked":["Bullet Time","Masterful Stab"],"picked":"Deflect","floor":5},{"not_picked":["Dagger Spray","Acrobatics"],"picked":"Slice","floor":7},{"not_picked":["PiercingWail","Quick Slash"],"picked":"Caltrops","floor":11},{"not_picked":["Crippling Poison","Prepared"],"picked":"Deadly Poison","floor":13},{"not_picked":["Night Terror","Glass Knife"],"picked":"Venomology","floor":16},{"not_picked":["Flying Knee","Acrobatics"],"picked":"Prepared","floor":18},{"not_picked":["PiercingWail","Cloak And Dagger"],"picked":"Slice","floor":20},{"not_picked":["Backstab+1","Expertise"],"picked":"Catalyst","floor":21},{"not_picked":["Finisher","Cloak And Dagger"],"picked":"Terror","floor":27},{"not_picked":["Dagger Spray+1","Cloak And Dagger"],"picked":"Well Laid Plans","floor":28},{"not_picked":["Masterful Stab","Distraction"],"picked":"Deadly Poison+1","floor":31}],"player_experience":1486685,"relics_obtained":[],"event_choices":[{"damage_healed":0,"gold_gain":0,"player_choice":"Bought 2 Potions","damage_taken":0,"max_hp_gain":0,"max_hp_loss":0,"event_name":"The Woman in Blue","floor":3,"gold_loss":0},{"damage_healed":0,"gold_gain":175,"player_choice":"AGREE","damage_taken":0,"max_hp_gain":0,"max_hp_loss":0,"event_name":"Liars Game","floor":8,"gold_loss":0,"cards_obtained":["Doubt"]},{"damage_healed":0,"gold_gain":0,"player_choice":"Shed Blood","damage_taken":19,"max_hp_gain":5,"max_hp_loss":0,"event_name":"Forgotten Altar","floor":19,"gold_loss":0},{"damage_healed":0,"gold_gain":0,"player_choice":"Became a Ghost","damage_taken":0,"max_hp_gain":0,"max_hp_loss":41,"event_name":"Ghosts","floor":22,"gold_loss":0,"cards_obtained":["Ghostly","Ghostly","Ghostly","Ghostly","Ghostly"]},{"cards_removed":["Doubt"],"damage_healed":0,"gold_gain":0,"player_choice":"Purged","damage_taken":0,"max_hp_gain":0,"max_hp_loss":0,"event_name":"Purifier","floor":24,"gold_loss":0}],"is_beta":false,"boss_relics":[{"not_picked":["Snecko Eye","Empty Cage","WristBlade"]}],"items_purged_floors":[],"is_endless":false,"potions_floor_spawned":[2,5,7,13,18,21,27],"killed_by":"Collector","ascension_level":0}