{"gold_per_floor":[118,118,137,149,160,186,186,205,232,232,94,114,124,142,142,243,243,229,229,239,259,60,85,285,299,323,333,347,347,347,360,360,462,462,475,488,537,537,552,567,567,142,142,176,208,219,219,230,230,230],"floor_reached":51,"playtime":3077,"items_purged":[],"score":862,"play_id":"e99182ed-ad52-4c36-bf9d-840933f9bfca","local_time":"20181018153400","daily_mods":["Shiny","Uncertain Future","DeadlyEvents"],"is_ascension_mode":false,"campfire_choices":[{"data":"Seeing Red","floor":7,"key":"SMITH"},{"floor":15,"key":"REST"},{"data":"Limit Break","floor":30,"key":"SMITH"},{"data":"Body Slam","floor":32,"key":"SMITH"},{"data":"Barricade","floor":41,"key":"SMITH"},{"data":"Reaper","floor":47,"key":"SMITH"},{"floor":49,"key":"REST"}],"neow_cost":"","seed_source_timestamp":679179386741783,"circlet_count":0,"master_deck":["Double Tap","Demon Form","Bludgeon","Feed","Limit Break+1","Barricade+1","Fiend Fire","Dark Embrace","Berserk","Impervious","Juggernaut","Brutality","Reaper","Exhume","Offering","Immolate","Strike_R","Strike_R","Strike_R","Strike_R","Strike_R","Defend_R","Defend_R","Defend_R","Defend_R","Bash","Havoc","Wild Strike","Reckless Charge","True Grit","Seeing Red+1","Evolve","Reaper+1","Immolate","Armaments","Battle Trance","Reaper","Shrug It Off","Ghostly","Ghostly","Ghostly","Ghostly","Ghostly","Feel No Pain","Cleave+1","Limit Break","Metallicize","Flex","Warcry","Armaments+1","Havoc","Battle Trance","Body Slam+1","Exhume","Body Slam+1","Entrench","Headbutt+1","Perfected Strike+1","Exhume","Limit Break","Entrench+1","Pommel Strike+1","Clash+1","Flex+1"],"relics":["Burning Blood","Unceasing Top","Vajra","Anchor","Sozu","Bag of Preparation","Oddly Smooth Stone","Bronze Scales","Lizard Tail","Ice Cream","Strawberry","Art of War","Pocketwatch","Smiling Mask"],"potions_floor_usage":[16,16,20,27],"damage_taken":[{"damage":13,"enemies":"Small Slimes","floor":1,"turns":2},{"damage":6,"enemies":"Cultist","floor":3,"turns":3},{"damage":6,"enemies":"2 Louse","floor":4,"turns":2},{"damage":20,"enemies":"Blue Slaver","floor":5,"turns":4},{"damage":46,"enemies":"3 Sentries","floor":6,"turns":6},{"damage":11,"enemies":"2 Fungi Beasts","floor":8,"turns":3},{"damage":5,"enemies":"Looter","floor":12,"turns":3},{"damage":0,"enemies":"3 Louse","floor":13,"turns":3},{"damage":0,"enemies":"Lots of Slimes","floor":14,"turns":1},{"damage":55,"enemies":"The Guardian","floor":16,"turns":10},{"damage":16,"enemies":"2 Thieves","floor":18,"turns":4},{"damage":9,"enemies":"Spheric Guardian","floor":20,"turns":4},{"damage":6,"enemies":"Snake Plant","floor":21,"turns":6},{"damage":8,"enemies":"Slavers","floor":23,"turns":5},{"damage":0,"enemies":"3 Cultists","floor":25,"turns":5},{"damage":22,"enemies":"Centurion and Healer","floor":27,"turns":7},{"damage":10,"enemies":"Chosen and Byrds","floor":28,"turns":5},{"damage":3,"enemies":"Snake Plant","floor":31,"turns":4},{"damage":3,"enemies":"Automaton","floor":33,"turns":9},{"damage":1,"enemies":"3 Darklings","floor":35,"turns":9},{"damage":0,"enemies":"3 Shapes","floor":36,"turns":4},{"damage":6,"enemies":"Mysterious Sphere","floor":37,"turns":7},{"damage":1,"enemies":"Maw","floor":39,"turns":7},{"damage":0,"enemies":"4 Shapes","floor":40,"turns":5},{"damage":1,"enemies":"Giant Head","floor":44,"turns":6},{"damage":68,"enemies":"2 Orb Walkers","floor":45,"turns":6},{"damage":10,"enemies":"Spire Growth","floor":46,"turns":4},{"damage":27,"enemies":"3 Darklings","floor":48,"turns":4},{"damage":20,"enemies":"Time Eater","floor":50,"turns":12}],"seed_played":"-9099401356489269106","potions_obtained":[{"floor":4,"key":"SkillPotion"},{"floor":6,"key":"Strength Potion"},{"floor":12,"key":"Block Potion"},{"floor":16,"key":"SkillPotion"}],"is_trial":true,"path_per_floor":["M","?","M","M","M","E","R","M","T","?","$","M","M","M","R","B",null,"M","?","M","M","$","E","?","M","T","M","M","?","R","M","R","B",null,"M","M","?","?","M","M","R","$","T","E","E","M","R","M","R","B"],"character_chosen":"IRONCLAD","items_purchased":["Reaper","Limit Break","Metallicize","Flex","Strawberry","Exhume","Limit Break"],"campfire_rested":2,"item_purchase_floors":[11,22,22,22,42,42,42],"current_hp_per_floor":[76,68,68,77,63,42,42,43,43,1,1,13,29,35,64,53,98,88,49,49,52,52,50,50,55,55,47,53,53,53,56,56,58,58,58,58,58,58,58,58,58,65,65,65,35,31,31,25,44,65],"gold":230,"neow_bonus":"","is_prod":false,"is_daily":false,"chose_seed":false,"campfire_upgraded":5,"win_rate":0,"timestamp":1539898440,"path_taken":["M","?","M","M","M","E","R","M","T","?","$","M","?","M","R","BOSS","M","?","M","M","$","E","?","M","T","M","M","?","R","M","R","BOSS","M","M","?","?","M","M","R","$","T","?","E","M","R","M","R","BOSS"],"build_version":"2018-10-11","purchased_purges":0,"victory":true,"max_hp_per_floor":[83,83,83,86,86,89,89,95,95,95,95,95,98,98,98,98,98,98,49,52,52,52,52,52,55,55,55,58,58,58,58,58,58,58,58,58,58,58,58,58,58,65,65,65,65,65,65,65,65,65],"card_choices":[{"not_picked":["Twin Strike","Headbutt"],"picked":"Havoc","floor":1},{"not_picked":["Warcry","Evolve"],"picked":"Wild Strike","floor":3},{"not_picked":["Pommel Strike","Flame Barrier"],"picked":"Reckless Charge","floor":4},{"not_picked":["Flex","Ghostly Armor"],"picked":"True Grit","floor":5},{"not_picked":["Wild Strike","Body Slam"],"picked":"Seeing Red","floor":6},{"not_picked":["Clothesline","Clash"],"picked":"Evolve","floor":8},{"not_picked":["Havoc","Fire Breathing"],"picked":"Immolate","floor":12},{"not_picked":["Heavy Blade","Twin Strike"],"picked":"Armaments","floor":13},{"not_picked":["Heavy Blade","Sword Boomerang"],"picked":"Battle Trance","floor":14},{"not_picked":["Offering","Brutality"],"picked":"Reaper","floor":16},{"not_picked":["Fire Breathing","Ghostly Armor"],"picked":"Shrug It Off","floor":18},{"not_picked":["Infernal Blade","Flex"],"picked":"Feel No Pain","floor":20},{"not_picked":["Clothesline","Entrench"],"picked":"Cleave+1","floor":21},{"not_picked":["Intimidate","Wild Strike"],"picked":"Warcry","floor":23},{"not_picked":["Sword Boomerang","Demon Form"],"picked":"Armaments+1","floor":25},{"not_picked":["Flex","Warcry"],"picked":"Havoc","floor":27},{"not_picked":["Havoc","Carnage+1"],"picked":"Battle Trance","floor":28},{"not_picked":["Second Wind","Shrug It Off"],"picked":"Body Slam","floor":31},{"not_picked":["Fiend Fire","Demon Form"],"picked":"Exhume","floor":33},{"not_picked":["Cleave","True Grit+1"],"picked":"Body Slam+1","floor":35},{"not_picked":["Bloodletting","Burning Pact+1"],"picked":"Reckless Charge+1","floor":36},{"not_picked":["Body Slam","Dual Wield+1"],"picked":"Entrench","floor":37},{"not_picked":["Flex","Anger"],"picked":"Headbutt+1","floor":39},{"not_picked":["Body Slam+1","Havoc"],"picked":"Perfected Strike+1","floor":40},{"not_picked":["Iron Wave+1","Berserk"],"picked":"Entrench+1","floor":44},{"not_picked":["Dark Embrace","Iron Wave"],"picked":"Pommel Strike+1","floor":45},{"not_picked":["Thunderclap+1","Cleave+1"],"picked":"Clash+1","floor":46},{"not_picked":["Reckless Charge","Shockwave+1"],"picked":"Flex+1","floor":48}],"player_experience":696588,"relics_obtained":[{"floor":6,"key":"Unceasing Top"},{"floor":9,"key":"Vajra"},{"floor":23,"key":"Bag of Preparation"},{"floor":26,"key":"Oddly Smooth Stone"},{"floor":37,"key":"Ice Cream"},{"floor":43,"key":"Art of War"},{"floor":44,"key":"Pocketwatch"},{"floor":45,"key":"Smiling Mask"}],"event_choices":[{"event_name":"Wheel of Change","player_choice":"Damage","floor":2,"damage_taken":0},{"event_name":"Scrap Ooze","player_choice":"success","floor":10,"damage_taken":42},{"event_name":"Ghosts","player_choice":"Became a Ghost","floor":19,"damage_taken":0},{"event_name":"The Joust","player_choice":"Bet on Owner","floor":24,"damage_taken":0},{"event_name":"The Mausoleum","player_choice":"Yes","floor":29,"damage_taken":0},{"event_name":"Mysterious Sphere","player_choice":"Fight","floor":37,"damage_taken":0},{"event_name":"Falling","player_choice":"Removed Attack","floor":38,"damage_taken":0}],"is_beta":false,"boss_relics":[{"not_picked":["Pandora\u0027s Box","Philosopher\u0027s Stone"],"picked":"Sozu"},{"not_picked":["Orrery","Tiny House"],"picked":"Lizard Tail"}],"items_purged_floors":[],"is_endless":false,"potions_floor_spawned":[4,6,12,16,21,23,27,28,31,33,36,39,48],"ascension_level":0}