{"gold_per_floor":[113,130,148,199,210,236,236,236,236,236,270,67,67,87,87,185,185,196,196,106,106,125,125,135,135,184,216,231,231,162,180,180,276,276,291,1290,1290,1300,458,484,484,504,504,504,521,162,176,190,190,190,190,190,39,39],"floor_reached":54,"playtime":13440,"items_purged":["Normality"],"score":807,"play_id":"d8e3675d-3b9f-44b0-9855-4dd71b270261","local_time":"20190410101421","is_ascension_mode":true,"campfire_choices":[{"floor":8.0,"key":"REST"},{"floor":10.0,"key":"REST"},{"floor":15.0,"key":"REST"},{"floor":23.0,"key":"REST"},{"floor":29.0,"key":"RECALL"},{"floor":32.0,"key":"REST"},{"floor":41,"key":"REST"},{"floor":49,"key":"REST"},{"data":"Rainbow","floor":52,"key":"SMITH"}],"neow_cost":"TEN_PERCENT_HP_LOSS","seed_source_timestamp":0,"circlet_count":0,"master_deck":["Strike_B","Strike_B","Strike_B","Defend_B","Defend_B","Defend_B","Defend_B","Zap","Dualcast","Machine Learning","Go for the Eyes","Defragment","Cold Snap","Conserve Battery","Reinforced Body","BootSequence","Rainbow+1","Cold Snap","Loop","Core Surge","Auto Shields","Buffer","Seek","Hologram","Double Energy","Glacier+1","Chill","Chill","White Noise","Ghostly","Ghostly","Ghostly","Ghostly","Ghostly+1","Meteor Strike","Doom and Gloom","Sweeping Beam+1","Creative AI","Normality","Madness","Madness","Panache","Hello World","Loop","Multi-Cast","Amplify"],"special_seed":0,"relics":["Cracked Core","Strawberry","Dream Catcher","Art of War","Bottled Tornado","Singing Bowl","Orrery","Anchor","Symbiotic Virus","Sozu","Kunai","Runic Capacitor","Tiny Chest","War Paint","Darkstone Periapt","Lee\u0027s Waffle","DataDisk"],"potions_floor_usage":[35],"damage_taken":[{"damage":0.0,"enemies":"Cultist","floor":1.0,"turns":3.0},{"damage":2.0,"enemies":"Small Slimes","floor":2.0,"turns":3.0},{"damage":4.0,"enemies":"2 Louse","floor":3.0,"turns":3.0},{"damage":0.0,"enemies":"Exordium Wildlife","floor":5.0,"turns":4.0},{"damage":26.0,"enemies":"3 Sentries","floor":6.0,"turns":12.0},{"damage":48.0,"enemies":"Gremlin Nob","floor":11.0,"turns":7.0},{"damage":0.0,"enemies":"Red Slaver","floor":14.0,"turns":3.0},{"damage":21.0,"enemies":"Hexaghost","floor":16.0,"turns":12.0},{"damage":0.0,"enemies":"Shell Parasite","floor":18.0,"turns":11.0},{"damage":2.0,"enemies":"2 Thieves","floor":20.0,"turns":5.0},{"damage":21.0,"enemies":"3 Cultists","floor":22.0,"turns":9.0},{"damage":0.0,"enemies":"Snecko","floor":24.0,"turns":8.0},{"damage":0.0,"enemies":"Book of Stabbing","floor":27.0,"turns":8.0},{"damage":0.0,"enemies":"Cultist and Chosen","floor":28.0,"turns":14.0},{"damage":0.0,"enemies":"Snake Plant","floor":31.0,"turns":7.0},{"damage":37.0,"enemies":"Champ","floor":33.0,"turns":15.0},{"damage":3,"enemies":"3 Darklings","floor":35,"turns":7},{"damage":8,"enemies":"Orb Walker","floor":38,"turns":4},{"damage":23,"enemies":"Giant Head","floor":40,"turns":11},{"damage":0,"enemies":"4 Shapes","floor":42,"turns":8},{"damage":0,"enemies":"Maw","floor":45,"turns":9},{"damage":19,"enemies":"Sphere and 2 Shapes","floor":47,"turns":10},{"damage":13,"enemies":"4 Shapes","floor":48,"turns":8},{"damage":17,"enemies":"Time Eater","floor":50,"turns":16},{"damage":73,"enemies":"Shield and Spear","floor":54,"turns":3}],"seed_played":"-5421172997612285870","potions_obtained":[{"floor":2.0,"key":"Swift Potion"},{"floor":11.0,"key":"PowerPotion"},{"floor":14.0,"key":"SpeedPotion"},{"floor":22.0,"key":"FearPotion"},{"floor":24.0,"key":"Swift Potion"},{"floor":33.0,"key":"Fire Potion"}],"is_trial":false,"path_per_floor":["M","M","M","T","M","E","?","R","T","R","E","$","?","M","R","B",null,"M","?","M","?","M","R","M","$","T","E","M","R","$","M","R","B",null,"M","?","?","M","$","E","R","M","T","T","M","$","M","M","R","B",null,"R","$","E"],"character_chosen":"DEFECT","items_purchased":["Loop","Core Surge","Doom and Gloom","Kunai","Runic Capacitor","Panache","Tiny Chest","Hello World","Lee\u0027s Waffle","Multi-Cast","DataDisk"],"campfire_rested":7,"item_purchase_floors":[12,12,30,39,39,39,39,39,46,46,53],"current_hp_per_floor":[68,66,62,69,69,43,31,53,53,75,27,27,27,27,49,28,77,77,77,75,38,17,30,32,32,32,34,36,36,36,38,48,11,48,47,47,41,35,35,14,32,32,32,32,34,65,46,35,57,40,69,69,69,0],"gold":39,"neow_bonus":"THREE_RARE_CARDS","is_prod":false,"is_daily":false,"chose_seed":false,"campfire_upgraded":1,"win_rate":0,"timestamp":1554887661,"path_taken":["M","?","M","?","M","E","?","R","T","R","E","$","?","?","R","BOSS","M","?","M","?","M","R","M","?","T","E","M","R","$","?","R","BOSS","M","?","?","M","$","E","R","M","T","?","M","?","?","M","R","BOSS","R","$","E"],"build_version":"2019-01-23","purchased_purges":1,"victory":false,"max_hp_per_floor":[68,68,68,75,75,75,75,75,75,75,75,75,75,75,75,75,77,77,77,77,38,38,40,42,42,42,44,46,46,46,48,48,48,48,50,50,50,52,52,54,56,56,56,56,58,65,65,67,69,69,69,69,69,69],"card_choices":[{"not_picked":["Hyperbeam","Multi-Cast"],"picked":"Machine Learning","floor":0.0},{"not_picked":["Force Field","Fusion"],"picked":"Go for the Eyes","floor":1.0},{"not_picked":["Rebound","Cold Snap"],"picked":"Defragment","floor":2.0},{"not_picked":["Compile Driver","Static Discharge"],"picked":"Cold Snap","floor":3.0},{"not_picked":["Melter","Lockon"],"picked":"Conserve Battery","floor":5.0},{"not_picked":["Force Field","Rebound"],"picked":"Reinforced Body","floor":6.0},{"not_picked":["Beam Cell","Sweeping Beam"],"picked":"BootSequence","floor":8.0},{"not_picked":["Beam Cell","Steam"],"picked":"Rainbow","floor":10.0},{"not_picked":["Redo","Recycle"],"picked":"Cold Snap","floor":11.0},{"not_picked":["Go for the Eyes","Gash"],"picked":"Auto Shields","floor":14.0},{"not_picked":["Stack","Beam Cell"],"picked":"Buffer","floor":15.0},{"not_picked":["Reboot","Hyperbeam"],"picked":"Seek","floor":16.0},{"not_picked":["Scrape","Gash"],"picked":"Hologram","floor":17.0},{"not_picked":["BootSequence","Rip and Tear"],"picked":"Double Energy","floor":17.0},{"not_picked":["Streamline","Gash","Beam Cell"],"picked":"Singing Bowl","floor":17.0},{"not_picked":["Ball Lightning","Fusion"],"picked":"Glacier","floor":17.0},{"not_picked":["Melter","Genetic Algorithm"],"picked":"Chill","floor":17.0},{"not_picked":["Coolheaded","Go for the Eyes"],"picked":"Chill","floor":18.0},{"not_picked":["Double Energy","Beam Cell"],"picked":"White Noise","floor":20.0},{"not_picked":["Streamline+1","Redo"],"picked":"Meteor Strike","floor":22.0},{"not_picked":["Darkness","Stack","Hello World"],"picked":"Singing Bowl","floor":23.0},{"not_picked":["Coolheaded","Compile Driver","Force Field"],"picked":"Singing Bowl","floor":24.0},{"not_picked":["Beam Cell+1","Streamline+1","Leap"],"picked":"Singing Bowl","floor":27.0},{"not_picked":["Heatsinks","Reinforced Body","Gash"],"picked":"Singing Bowl","floor":28.0},{"not_picked":["Melter","Leap","Stack"],"picked":"Singing Bowl","floor":31.0},{"not_picked":["Core Surge","Hologram"],"picked":"Sweeping Beam+1","floor":32.0},{"not_picked":["Amplify","Rainbow"],"picked":"Creative AI","floor":33.0},{"not_picked":["Gash+1","Redo","Cold Snap+1"],"picked":"Singing Bowl","floor":35},{"not_picked":["Rebound","Conserve Battery+1","Sweeping Beam+1"],"picked":"Singing Bowl","floor":38},{"not_picked":["Leap+1","Recycle+1","Lockon+1"],"picked":"Singing Bowl","floor":40},{"not_picked":["Beam Cell+1","Steam","Ball Lightning"],"picked":"Singing Bowl","floor":41},{"not_picked":["Gash","Cold Snap"],"picked":"Loop","floor":42},{"not_picked":["Coolheaded+1","Chill","Streamline"],"picked":"Singing Bowl","floor":45},{"not_picked":["Blizzard","Compile Driver+1"],"picked":"Amplify","floor":47},{"not_picked":["Steam","Conserve Battery","Fusion"],"picked":"Singing Bowl","floor":48},{"not_picked":["Redo+1","Coolheaded+1","Rebound"],"picked":"Singing Bowl","floor":49}],"player_experience":385926,"relics_obtained":[{"floor":4.0,"key":"Strawberry"},{"floor":6.0,"key":"Dream Catcher"},{"floor":9.0,"key":"Bottled Tornado"},{"floor":11.0,"key":"Singing Bowl"},{"floor":26.0,"key":"Anchor"},{"floor":27.0,"key":"Symbiotic Virus"},{"floor":40,"key":"War Paint"},{"floor":44,"key":"Darkstone Periapt"}],"event_choices":[{"damage_healed":0.0,"max_hp_gain":0.0,"max_hp_loss":0.0,"gold_gain":0.0,"event_name":"Scrap Ooze","player_choice":"Success","floor":7.0,"gold_loss":0.0,"damage_taken":12.0,"relics_obtained":["Art of War"]},{"cards_removed":["Strike_B"],"damage_healed":0.0,"max_hp_gain":0.0,"max_hp_loss":0.0,"gold_gain":0.0,"event_name":"Bonfire Elementals","player_choice":"Offered Basic","floor":13.0,"gold_loss":0.0,"damage_taken":0.0},{"damage_healed":0.0,"max_hp_gain":0.0,"max_hp_loss":0.0,"gold_gain":0.0,"event_name":"Beggar","player_choice":"Ignored","floor":19.0,"gold_loss":0.0,"damage_taken":0.0},{"damage_healed":0.0,"max_hp_gain":0.0,"max_hp_loss":39.0,"gold_gain":0.0,"event_name":"Ghosts","player_choice":"Became a Ghost","floor":21.0,"gold_loss":0.0,"damage_taken":0.0,"cards_obtained":["Ghostly","Ghostly","Ghostly","Ghostly","Ghostly"]},{"damage_healed":0,"gold_gain":999,"player_choice":"Gold","damage_taken":0,"max_hp_gain":0,"max_hp_loss":0,"event_name":"MindBloom","floor":36,"gold_loss":0,"cards_obtained":["Normality","Normality"]},{"damage_healed":0,"gold_gain":0,"player_choice":"Embrace Madness","damage_taken":6,"max_hp_gain":0,"max_hp_loss":0,"event_name":"Winding Halls","floor":37,"gold_loss":0,"cards_obtained":["Madness","Madness"]}],"is_beta":false,"boss_relics":[{"not_picked":["Eternal Feather","Velvet Choker"],"picked":"Orrery"},{"not_picked":["Cursed Key","Empty Cage"],"picked":"Sozu"}],"items_purged_floors":[39],"is_endless":false,"potions_floor_spawned":[2,11,14,22,24,33,38,40,45],"killed_by":"Shield and Spear","ascension_level":1}