{"gold_per_floor":[367,367,385,405,421,421,450,450,450,450,450,400,432,452,452,548,548,560,575,675,675,687,687,717,731,731,731,731],"floor_reached":28,"playtime":1968,"items_purged":[],"score":248,"play_id":"c496ba71-cea0-487d-9b85-4af5c4fcde79","local_time":"20190207004020","is_ascension_mode":false,"campfire_choices":[{"floor":10,"key":"REST"},{"data":"True Grit","floor":15,"key":"SMITH"},{"data":"Shrug It Off","floor":23,"key":"SMITH"}],"neow_cost":"PERCENT_DAMAGE","seed_source_timestamp":783149297990853,"circlet_count":0,"master_deck":["Strike_R","Strike_R","Strike_R","Strike_R","Defend_R","Defend_R","Clash","True Grit+1","Twin Strike","Shrug It Off","Cleave","Shrug It Off+1","Clash","Barricade","True Grit+1","Armaments+1","Bludgeon+1","Twin Strike+1","Anger","Rampage+1","Shrug It Off+1","Decay"],"relics":["Burning Blood","Juzu Bracelet","Dream Catcher","Kunai","Astrolabe","Ginger","Matryoshka","Lantern","Blood Vial","Smiling Mask"],"potions_floor_usage":[20,20,24,25,28],"damage_taken":[{"damage":5,"enemies":"Jaw Worm","floor":1,"turns":4},{"damage":6,"enemies":"Cultist","floor":3,"turns":3},{"damage":2,"enemies":"2 Louse","floor":4,"turns":2},{"damage":11,"enemies":"Exordium Wildlife","floor":5,"turns":4},{"damage":46,"enemies":"Lagavulin","floor":7,"turns":9},{"damage":25,"enemies":"3 Sentries","floor":13,"turns":8},{"damage":1,"enemies":"3 Louse","floor":14,"turns":4},{"damage":32,"enemies":"The Guardian","floor":16,"turns":12},{"damage":25,"enemies":"Spheric Guardian","floor":18,"turns":6},{"damage":25,"enemies":"Shell Parasite","floor":19,"turns":5},{"damage":11,"enemies":"Colosseum Slavers","floor":20,"turns":4},{"damage":4,"enemies":"Colosseum Nobs","floor":20,"turns":5},{"damage":12,"enemies":"Centurion and Healer","floor":22,"turns":6},{"damage":63,"enemies":"Slavers","floor":24,"turns":6},{"damage":10,"enemies":"Snecko","floor":25,"turns":5},{"damage":22,"enemies":"Shelled Parasite and Fungi","floor":28,"turns":3}],"seed_played":"-8373118619785376739","potions_obtained":[{"floor":1,"key":"PowerPotion"},{"floor":5,"key":"Energy Potion"},{"floor":6,"key":"AttackPotion"},{"floor":20,"key":"FearPotion"},{"floor":22,"key":"EssenceOfSteel"}],"is_trial":false,"path_per_floor":["?","M","?","?","?","?","?","?","?"],"character_chosen":"IRONCLAD","items_purchased":[],"campfire_rested":1,"item_purchase_floors":[],"current_hp_per_floor":[57,57,57,61,56,56,16,16,16,40,66,66,47,52,52,26,80,61,42,39,80,74,74,17,13,13,13,0],"gold":731,"neow_bonus":"TWO_FIFTY_GOLD","is_prod":false,"is_daily":false,"chose_seed":false,"campfire_upgraded":2,"win_rate":0,"timestamp":1549518020,"path_taken":["M","?","?","M","M","?","E","?","T","R","?","?","E","M","R","BOSS","M","M","?","?","M","R","E","M","T","?","M"],"build_version":"2019-01-23","purchased_purges":0,"victory":false,"max_hp_per_floor":[80,80,80,80,80,80,80,80,80,80,80,80,80,80,80,80,80,80,80,80,80,80,80,80,80,80,80,80],"card_choices":[{"not_picked":["Blood for Blood","Twin Strike"],"picked":"Clash","floor":1},{"not_picked":["Flex","Rage"],"picked":"Twin Strike","floor":3},{"not_picked":["Sword Boomerang","Metallicize"],"picked":"Shrug It Off","floor":4},{"not_picked":["Body Slam","Thunderclap","Entrench"],"picked":"SKIP","floor":5},{"not_picked":["Wild Strike","Perfected Strike","Sword Boomerang"],"picked":"SKIP","floor":7},{"not_picked":["Uppercut","Fiend Fire"],"picked":"Cleave","floor":10},{"not_picked":["Heavy Blade","Sword Boomerang"],"picked":"Shrug It Off","floor":13},{"not_picked":["Iron Wave","Rage"],"picked":"Clash","floor":14},{"not_picked":["Limit Break","Offering"],"picked":"Barricade","floor":16},{"not_picked":["Body Slam","Flex","Heavy Blade"],"picked":"SKIP","floor":18},{"not_picked":["Body Slam","Second Wind"],"picked":"Twin Strike+1","floor":19},{"not_picked":["True Grit","Disarm"],"picked":"Anger","floor":20},{"not_picked":["Havoc","Clash"],"picked":"Rampage+1","floor":22},{"not_picked":["Infernal Blade+1","Second Wind"],"picked":"Shrug It Off+1","floor":24},{"not_picked":["Second Wind","Pommel Strike+1","Double Tap"],"picked":"SKIP","floor":25}],"player_experience":336996,"relics_obtained":[{"floor":7,"key":"Juzu Bracelet"},{"floor":9,"key":"Dream Catcher"},{"floor":13,"key":"Kunai"},{"floor":20,"key":"Ginger"},{"floor":20,"key":"Matryoshka"},{"floor":24,"key":"Lantern"},{"floor":26,"key":"Blood Vial"},{"floor":26,"key":"Smiling Mask"}],"event_choices":[{"damage_healed":0,"gold_gain":0,"player_choice":"1 cards matched","damage_taken":0,"max_hp_gain":0,"max_hp_loss":0,"event_name":"Match and Keep!","floor":2,"gold_loss":0,"cards_obtained":["True Grit"]},{"damage_healed":0,"gold_gain":0,"player_choice":"Got Potions","damage_taken":0,"max_hp_gain":0,"max_hp_loss":0,"event_name":"Lab","floor":6,"gold_loss":0},{"damage_healed":0,"gold_gain":0,"player_choice":"Ignored","damage_taken":0,"max_hp_gain":0,"max_hp_loss":0,"event_name":"Shining Light","floor":8,"gold_loss":0},{"damage_healed":26,"gold_gain":0,"player_choice":"Banana","damage_taken":0,"max_hp_gain":0,"max_hp_loss":0,"event_name":"Big Fish","floor":11,"gold_loss":0},{"cards_removed":["Defend_R"],"damage_healed":0,"gold_gain":0,"player_choice":"Card Removal","damage_taken":0,"max_hp_gain":0,"max_hp_loss":0,"event_name":"The Cleric","floor":12,"gold_loss":50},{"damage_healed":0,"gold_gain":0,"player_choice":"Fight","damage_taken":0,"max_hp_gain":0,"max_hp_loss":0,"event_name":"Colosseum","floor":20,"gold_loss":0},{"damage_healed":0,"gold_gain":0,"player_choice":"Fought Nobs","damage_taken":0,"max_hp_gain":0,"max_hp_loss":0,"event_name":"Colosseum","floor":20,"gold_loss":0},{"damage_healed":41,"gold_gain":0,"player_choice":"Full Heal","damage_taken":0,"max_hp_gain":0,"max_hp_loss":0,"event_name":"Wheel of Change","floor":21,"gold_loss":0},{"damage_healed":0,"gold_gain":0,"player_choice":"Smashed Altar","damage_taken":0,"max_hp_gain":0,"max_hp_loss":0,"event_name":"Forgotten Altar","floor":27,"gold_loss":0,"cards_obtained":["Decay"]}],"is_beta":false,"boss_relics":[{"not_picked":["Tiny House","Coffee Dripper"],"picked":"Astrolabe"}],"items_purged_floors":[],"is_endless":false,"potions_floor_spawned":[1,5,7,20,20,22],"killed_by":"Shelled Parasite and Fungi","ascension_level":0}