{"gold_per_floor":[115,126,139,139,214,214,257,257,257,280,304,325,290,315,315,443,443,436,307,330,354,372,372,372],"floor_reached":24,"playtime":2267,"items_purged":["Injury"],"score":212,"play_id":"8192fefc-261c-46da-b50c-0a319c2d9c21","local_time":"20190101130327","is_ascension_mode":true,"campfire_choices":[{"data":"Neutralize","floor":6,"key":"SMITH"},{"data":"Backflip","floor":8,"key":"SMITH"},{"data":"Finisher","floor":15,"key":"SMITH"},{"data":"Blade Dance","floor":23,"key":"SMITH"}],"neow_cost":"TEN_PERCENT_HP_LOSS","seed_source_timestamp":165767251741125,"circlet_count":0,"master_deck":["Defend_G","Defend_G","Defend_G","Defend_G","Defend_G","Strike_G","Strike_G","Strike_G","Strike_G","Strike_G","Survivor","Neutralize+1","Finisher+1","Blade Dance","Blade Dance+1","Backflip+1","Caltrops","Endless Agony","Crippling Poison","After Image","Leg Sweep+1","Acrobatics","Backflip","Dodge and Roll+1","Endless Agony"],"relics":["Ring of the Snake","Ginger","Golden Idol","Paper Crane","Regal Pillow","Cursed Key"],"potions_floor_usage":[7,16,24],"damage_taken":[{"damage":3,"enemies":"Jaw Worm","floor":1,"turns":6},{"damage":1,"enemies":"2 Louse","floor":2,"turns":3},{"damage":0,"enemies":"Small Slimes","floor":3,"turns":3},{"damage":9,"enemies":"Lagavulin","floor":7,"turns":7},{"damage":0,"enemies":"2 Fungi Beasts","floor":10,"turns":4},{"damage":0,"enemies":"3 Louse","floor":11,"turns":5},{"damage":15,"enemies":"Lots of Slimes","floor":12,"turns":4},{"damage":0,"enemies":"Looter","floor":14,"turns":3},{"damage":35,"enemies":"Slime Boss","floor":16,"turns":10},{"damage":3,"enemies":"2 Thieves","floor":18,"turns":4},{"damage":4,"enemies":"Spheric Guardian","floor":20,"turns":4},{"damage":8,"enemies":"Centurion and Healer","floor":21,"turns":12},{"damage":16,"enemies":"Cultist and Chosen","floor":22,"turns":10},{"damage":33,"enemies":"Slavers","floor":24,"turns":7}],"seed_played":"-7671053892520741272","potions_obtained":[{"floor":3,"key":"Block Potion"},{"floor":10,"key":"Swift Potion"},{"floor":11,"key":"Strength Potion"},{"floor":18,"key":"Strength Potion"}],"is_trial":false,"path_per_floor":["M","M","M","?","?","R","E","R","T","M","M","M","?","M","R","B",null,"M","$","M","M","M","R","E"],"character_chosen":"THE_SILENT","items_purchased":["Acrobatics"],"campfire_rested":0,"item_purchase_floors":[19],"current_hp_per_floor":[60,59,59,59,48,48,39,39,39,39,39,24,39,39,39,4,63,60,60,56,48,32,32,0],"gold":372,"neow_bonus":"ONE_RARE_RELIC","is_prod":false,"is_daily":false,"chose_seed":false,"campfire_upgraded":4,"win_rate":0,"timestamp":1546376607,"path_taken":["M","M","M","?","?","R","E","R","T","M","M","M","?","M","R","BOSS","M","$","M","M","M","R","E"],"build_version":"2018-12-20","purchased_purges":1,"victory":false,"max_hp_per_floor":[63,63,63,63,63,63,63,63,63,63,63,63,63,63,63,63,63,63,63,63,63,63,63,63],"card_choices":[{"not_picked":["Underhanded Strike","Dodge and Roll"],"picked":"Finisher","floor":1},{"not_picked":["Escape Plan","Outmaneuver"],"picked":"Blade Dance","floor":2},{"not_picked":["Quick Slash","Finisher"],"picked":"Blade Dance","floor":3},{"not_picked":["Choke","Flechettes"],"picked":"Backflip","floor":7},{"not_picked":["Malaise","Escape Plan"],"picked":"Caltrops","floor":10},{"not_picked":["Tactician","Bane","Quick Slash"],"picked":"SKIP","floor":11},{"not_picked":["Deflect","All Out Attack"],"picked":"Endless Agony","floor":12},{"not_picked":["Catalyst","Bouncing Flask"],"picked":"Crippling Poison","floor":14},{"not_picked":["Night Terror","Doppelganger"],"picked":"After Image","floor":16},{"not_picked":["Underhanded Strike","Crippling Poison"],"picked":"Leg Sweep+1","floor":18},{"not_picked":["Acrobatics","Poisoned Stab"],"picked":"Backflip","floor":20},{"not_picked":["PiercingWail","Poisoned Stab+1"],"picked":"Dodge and Roll+1","floor":21},{"not_picked":["Acrobatics","Quick Slash"],"picked":"Endless Agony","floor":22}],"player_experience":31761,"relics_obtained":[{"floor":7,"key":"Paper Crane"},{"floor":9,"key":"Regal Pillow"}],"event_choices":[{"damage_healed":0,"gold_gain":0,"player_choice":"Take Wound","damage_taken":0,"relics_obtained":["Golden Idol"],"max_hp_gain":0,"max_hp_loss":0,"event_name":"Golden Idol","floor":4,"gold_loss":0,"cards_obtained":["Injury"]},{"damage_healed":0,"gold_gain":75,"player_choice":"Gather Gold","damage_taken":11,"max_hp_gain":0,"max_hp_loss":0,"event_name":"World of Goop","floor":5,"gold_loss":0},{"damage_healed":15,"gold_gain":0,"player_choice":"Healed","damage_taken":0,"max_hp_gain":0,"max_hp_loss":0,"event_name":"The Cleric","floor":13,"gold_loss":35}],"is_beta":false,"boss_relics":[{"not_picked":["White Beast Statue","Tiny House"],"picked":"Cursed Key"}],"items_purged_floors":[19],"is_endless":false,"potions_floor_spawned":[3,10,11,18],"killed_by":"Slavers","ascension_level":1}