{"gold_per_floor":[117,135,385,401,412,412,430,460,460,460,460,480,35,35,35,35],"floor_reached":16,"playtime":701,"items_purged":[],"score":102,"play_id":"10f13017-0cde-4dab-8494-27aa524024b3","local_time":"20180721203255","is_ascension_mode":false,"campfire_choices":[{"floor":6,"key":"REST"},{"floor":11,"key":"REST"},{"data":"Offering","floor":15,"key":"SMITH"}],"neow_cost":"FIFTY_PERCENT_DAMAGE","seed_source_timestamp":116096772851018,"circlet_count":0,"master_deck":["Strike_R","Strike_R","Strike_R","Strike_R","Strike_R","Defend_R","Defend_R","Defend_R","Defend_R","Bash","Offering+1","Thunderclap","Inflame","Regret","Reaper","Pommel Strike","Seeing Red+1","Warcry+1","Jack Of All Trades+1"],"relics":["Burning Blood","Bag of Marbles","Toxic Egg 2","Dead Branch"],"potions_floor_usage":[4,5,12,16],"damage_taken":[{"damage":5,"enemies":"2 Louse","floor":1,"turns":2},{"damage":1,"enemies":"Cultist","floor":2,"turns":3},{"damage":14,"enemies":"Jaw Worm","floor":4,"turns":2},{"damage":22,"enemies":"Exordium Thugs","floor":5,"turns":4},{"damage":25,"enemies":"2 Fungi Beasts","floor":7,"turns":3},{"damage":35,"enemies":"Gremlin Nob","floor":8,"turns":5},{"damage":7,"enemies":"Blue Slaver","floor":12,"turns":2},{"damage":91,"enemies":"The Guardian","floor":16,"turns":9}],"seed_played":"1065578931216060222","potions_obtained":[{"floor":2,"key":"Fruit Juice"},{"floor":4,"key":"Fire Potion"},{"floor":8,"key":"AttackPotion"},{"floor":10,"key":"Energy Potion"},{"floor":10,"key":"FairyPotion"}],"is_trial":false,"path_per_floor":["M","M","?","M","M","R","M","E","T","?","R","M","$","?","R"],"character_chosen":"IRONCLAD","items_purchased":["Dead Branch","Warcry+1","Jack Of All Trades+1"],"campfire_rested":2,"item_purchase_floors":[13,13,13],"current_hp_per_floor":[41,46,46,43,27,52,45,22,22,22,47,52,52,80,80,0],"gold":35,"neow_bonus":"THREE_RARE_CARDS","is_prod":false,"is_daily":false,"chose_seed":false,"campfire_upgraded":1,"win_rate":0,"timestamp":1532219575,"path_taken":["M","M","?","M","M","R","M","E","T","?","R","?","$","?","R","BOSS"],"build_version":"2018-07-19","purchased_purges":0,"victory":false,"max_hp_per_floor":[80,80,80,85,85,85,85,85,85,85,85,85,85,85,85,85],"card_choices":[{"not_picked":["Limit Break","Berserk"],"picked":"Offering","floor":0},{"not_picked":["Warcry","Armaments"],"picked":"Thunderclap","floor":1},{"not_picked":["Reckless Charge","Sword Boomerang"],"picked":"Inflame","floor":2},{"not_picked":["Bloodletting","Anger","Cleave"],"picked":"SKIP","floor":4},{"not_picked":["Headbutt","Twin Strike"],"picked":"Reaper","floor":5},{"not_picked":["Sentinel","Heavy Blade","Havoc"],"picked":"SKIP","floor":7},{"not_picked":["Sentinel","Cleave"],"picked":"Pommel Strike","floor":8},{"not_picked":["Pommel Strike","Bloodletting+1"],"picked":"Seeing Red+1","floor":12}],"player_experience":116670,"relics_obtained":[{"floor":8,"key":"Bag of Marbles"},{"floor":9,"key":"Toxic Egg 2"}],"event_choices":[{"event_name":"Golden Shrine","player_choice":"Desecrate","floor":3,"damage_taken":0},{"event_name":"The Lab","player_choice":"Got Potions","floor":10,"damage_taken":0},{"event_name":"Big Fish","player_choice":"Banana","floor":14,"damage_taken":0}],"is_beta":true,"boss_relics":[],"items_purged_floors":[],"is_endless":false,"potions_floor_spawned":[2,4,8],"killed_by":"The Guardian","ascension_level":0}