{"gold_per_floor":[118,118,128,128,128,153,153,172,199,199,226,238,268,65,65,164,164,179,179,179,227,98,98,118,118],"floor_reached":25,"playtime":944,"items_purged":["Strike_B"],"score":238,"play_id":"cc1f78c5-06f0-4e9a-b5db-fce36dd68f37","local_time":"20190117095702","is_ascension_mode":true,"campfire_choices":[{"floor":7,"key":"REST"},{"data":"Zap","floor":10,"key":"SMITH"},{"data":"Dualcast","floor":15,"key":"SMITH"},{"data":"Enlightenment","floor":23,"key":"SMITH"}],"neow_cost":"NONE","seed_source_timestamp":389867159817173,"circlet_count":0,"master_deck":["Zap+1","Dualcast+1","Cold Snap","Conserve Battery","Compile Driver","Coolheaded","Steam","All For One","Enlightenment+1","Buffer","Genetic Algorithm","Darkness","Electrodynamics","Seek","FTL","Sweeping Beam","Reprogram","Rebound","Gash","Scrape","Gash+1"],"relics":["Cracked Core","Strawberry","Gremlin Horn","Whetstone","Smiling Mask","Centennial Puzzle","Pandora\u0027s Box","Enchiridion","DataDisk"],"potions_floor_usage":[16,25,25],"damage_taken":[{"damage":0,"enemies":"Cultist","floor":1,"turns":3},{"damage":5,"enemies":"2 Louse","floor":3,"turns":2},{"damage":43,"enemies":"3 Sentries","floor":6,"turns":15},{"damage":0,"enemies":"Small Slimes","floor":8,"turns":2},{"damage":5,"enemies":"Looter","floor":12,"turns":3},{"damage":27,"enemies":"Gremlin Nob","floor":13,"turns":5},{"damage":18,"enemies":"Hexaghost","floor":16,"turns":11},{"damage":9,"enemies":"3 Byrds","floor":18,"turns":3},{"damage":9,"enemies":"Chosen","floor":24,"turns":3},{"damage":58,"enemies":"Slavers","floor":25,"turns":3}],"seed_played":"4443988954061834985","potions_obtained":[{"floor":1,"key":"SpeedPotion"},{"floor":2,"key":"GamblersBrew"},{"floor":2,"key":"SpeedPotion"},{"floor":2,"key":"EssenceOfSteel"},{"floor":16,"key":"Energy Potion"}],"is_trial":false,"path_per_floor":["M","?","M","?","?","E","R","M","T","R","T","M","E","$","R","B",null,"M","?","?","T","$","R","M","E"],"character_chosen":"DEFECT","items_purchased":["All For One","Enlightenment","Gash","Scrape"],"campfire_rested":1,"item_purchase_floors":[14,14,22,22],"current_hp_per_floor":[75,75,70,74,79,36,62,62,62,62,62,57,30,30,30,12,87,78,78,62,62,62,62,53,0],"gold":118,"neow_bonus":"THREE_CARDS","is_prod":false,"is_daily":false,"chose_seed":false,"campfire_upgraded":3,"win_rate":0,"timestamp":1547747822,"path_taken":["M","?","?","?","?","E","R","M","T","R","?","?","E","$","R","BOSS","M","?","?","?","$","R","M","E"],"build_version":"2019-01-10","purchased_purges":1,"victory":false,"max_hp_per_floor":[75,75,75,82,87,87,87,87,87,87,87,87,87,87,87,87,87,87,87,87,87,87,87,87,87],"card_choices":[{"not_picked":["FTL","Conserve Battery"],"picked":"Cold Snap","floor":0},{"not_picked":["Chill","Barrage","Lockon"],"picked":"SKIP","floor":1},{"not_picked":["Hologram","Rebound"],"picked":"Conserve Battery","floor":3},{"not_picked":["Force Field","Capacitor"],"picked":"Compile Driver","floor":6},{"not_picked":["Stack","Cold Snap","Gash"],"picked":"SKIP","floor":8},{"not_picked":["Go for the Eyes","Hello World"],"picked":"Coolheaded","floor":12},{"not_picked":["Biased Cognition","Doom and Gloom"],"picked":"Steam","floor":13},{"not_picked":["Core Surge","Creative AI"],"picked":"Buffer","floor":16},{"not_picked":["Sweeping Beam","Steam"],"picked":"Rebound","floor":18},{"not_picked":["Rebound+1","Leap"],"picked":"Gash+1","floor":24}],"player_experience":238753,"relics_obtained":[{"floor":6,"key":"Gremlin Horn"},{"floor":9,"key":"Whetstone"},{"floor":11,"key":"Smiling Mask"},{"floor":13,"key":"Centennial Puzzle"},{"floor":20,"key":"Enchiridion"},{"floor":21,"key":"DataDisk"}],"event_choices":[{"damage_healed":0,"gold_gain":0,"player_choice":"Got Potions","damage_taken":0,"max_hp_gain":0,"max_hp_loss":0,"event_name":"Lab","floor":2,"gold_loss":0},{"damage_healed":0,"gold_gain":0,"player_choice":"Success","damage_taken":3,"relics_obtained":["Strawberry"],"max_hp_gain":0,"max_hp_loss":0,"event_name":"Scrap Ooze","floor":4,"gold_loss":0},{"damage_healed":0,"gold_gain":0,"player_choice":"Donut","damage_taken":0,"max_hp_gain":5,"max_hp_loss":0,"event_name":"Big Fish","floor":5,"gold_loss":0},{"damage_healed":0,"gold_gain":0,"player_choice":"Ignored","damage_taken":0,"max_hp_gain":0,"max_hp_loss":0,"event_name":"Vampires","floor":19,"gold_loss":0},{"damage_healed":0,"gold_gain":0,"player_choice":"Obtained Book","damage_taken":16,"max_hp_gain":0,"max_hp_loss":0,"event_name":"Cursed Tome","floor":20,"gold_loss":0}],"is_beta":false,"boss_relics":[{"not_picked":["Lizard Tail","Runic Dome"],"picked":"Pandora\u0027s Box"}],"items_purged_floors":[14],"is_endless":false,"potions_floor_spawned":[1,6,16,18,24],"killed_by":"Slavers","ascension_level":3}