{"gold_per_floor":[118,118,138,150,160,191,191,216,216,229,229,229,247,261,261,363,363,383,74,88,102,17,50,82,98,98,98,116,132,152,184,184,286,286,305,319,330,45,45,76,76,76],"floor_reached":42,"playtime":4941,"items_purged":["Regret","Defend_R"],"score":509,"play_id":"aacbb03e-2de6-43f6-8940-af839f17a644","local_time":"20190130000347","is_ascension_mode":false,"campfire_choices":[{"floor":12,"key":"REST"},{"data":"Inflame","floor":15,"key":"SMITH"},{"floor":27,"key":"REST"},{"floor":32,"key":"REST"},{"floor":41,"key":"REST"}],"neow_cost":"NONE","seed_source_timestamp":86519371132262,"circlet_count":0,"master_deck":["Strike_R+1","Strike_R","Strike_R","Strike_R","Strike_R","Defend_R","Defend_R","Bash","Clash","Thunderclap","Inflame+1","Inflame","Anger","Anger","Battle Trance","Reaper","Blood for Blood","Thunderclap","Twin Strike","Anger","Dropkick","Pommel Strike","Dual Wield","Inflame","Carnage","Infernal Blade","Twin Strike+1","Cleave","Feed","Demon Form","Cleave+1","Blood for Blood","Anger+1"],"relics":["Burning Blood","Ancient Tea Set","Champion Belt","Ornamental Fan","Bottled Lightning","Gambling Chip","Orrery","Membership Card","Self Forming Clay","Juzu Bracelet","Red Mask","WingedGreaves","Bird Faced Urn","Black Star","Bottled Flame","Regal Pillow","Orichalcum","Letter Opener"],"potions_floor_usage":[33,42],"damage_taken":[{"damage":0,"enemies":"Small Slimes","floor":1,"turns":3},{"damage":0,"enemies":"2 Louse","floor":3,"turns":2},{"damage":6,"enemies":"Jaw Worm","floor":4,"turns":2},{"damage":2,"enemies":"Large Slime","floor":5,"turns":5},{"damage":27,"enemies":"Gremlin Nob","floor":6,"turns":4},{"damage":21,"enemies":"Lagavulin","floor":8,"turns":6},{"damage":6,"enemies":"3 Louse","floor":10,"turns":3},{"damage":0,"enemies":"2 Fungi Beasts","floor":13,"turns":2},{"damage":1,"enemies":"Large Slime","floor":14,"turns":3},{"damage":29,"enemies":"Hexaghost","floor":16,"turns":6},{"damage":6,"enemies":"Spheric Guardian","floor":18,"turns":3},{"damage":10,"enemies":"Chosen","floor":20,"turns":3},{"damage":17,"enemies":"Snake Plant","floor":21,"turns":4},{"damage":19,"enemies":"Book of Stabbing","floor":23,"turns":4},{"damage":5,"enemies":"Masked Bandits","floor":24,"turns":3},{"damage":23,"enemies":"Snecko","floor":25,"turns":4},{"damage":7,"enemies":"Centurion and Healer","floor":28,"turns":4},{"damage":17,"enemies":"Snake Plant","floor":29,"turns":3},{"damage":6,"enemies":"Cultist and Chosen","floor":30,"turns":3},{"damage":9,"enemies":"Gremlin Leader","floor":31,"turns":4},{"damage":62,"enemies":"Collector","floor":33,"turns":7},{"damage":28,"enemies":"3 Darklings","floor":35,"turns":5},{"damage":7,"enemies":"Orb Walker","floor":36,"turns":2},{"damage":34,"enemies":"Spire Growth","floor":37,"turns":4},{"damage":59,"enemies":"Giant Head","floor":40,"turns":7},{"damage":68,"enemies":"Reptomancer","floor":42,"turns":3}],"seed_played":"4939667906182287188","potions_obtained":[{"floor":3,"key":"Swift Potion"},{"floor":5,"key":"Regen Potion"},{"floor":14,"key":"LiquidBronze"},{"floor":21,"key":"EssenceOfSteel"},{"floor":24,"key":"Explosive Potion"},{"floor":33,"key":"EssenceOfSteel"},{"floor":36,"key":"Fire Potion"}],"is_trial":false,"path_per_floor":["?","?","?","?","?","?"],"character_chosen":"IRONCLAD","items_purchased":["Membership Card","Dual Wield","Blood for Blood","Bottled Flame","Regal Pillow"],"campfire_rested":4,"item_purchase_floors":[19,19,38,38,38],"current_hp_per_floor":[80,62,68,68,72,51,51,36,36,36,36,60,66,71,71,48,80,80,80,76,65,65,63,64,53,53,77,76,65,65,62,80,55,80,62,63,48,48,48,26,65,0],"gold":76,"neow_bonus":"UPGRADE_CARD","is_prod":false,"is_daily":false,"chose_seed":false,"campfire_upgraded":1,"win_rate":0.0,"timestamp":1548824627,"path_taken":["M","?","M","M","M","E","?","E","T","M","?","R","M","M","R","BOSS","M","$","M","M","?","E","?","M","T","R","M","M","M","E","R","BOSS","M","M","M","$","?","E","R","E"],"build_version":"2019-01-23","purchased_purges":2,"victory":false,"max_hp_per_floor":[80,80,80,80,80,80,80,80,80,80,80,80,80,80,80,80,80,80,80,80,80,80,80,80,80,80,80,80,80,80,80,80,80,80,80,80,80,80,80,80,80,80],"card_choices":[{"not_picked":["Flex","Metallicize"],"picked":"Clash","floor":1},{"not_picked":["Iron Wave","Armaments"],"picked":"Thunderclap","floor":3},{"not_picked":["Flex","Blood for Blood","Headbutt"],"picked":"SKIP","floor":4},{"not_picked":["Fire Breathing","Thunderclap"],"picked":"Inflame","floor":5},{"not_picked":["Perfected Strike","Blood for Blood"],"picked":"Inflame","floor":6},{"not_picked":["Rage","Body Slam"],"picked":"Anger","floor":8},{"not_picked":["Hemokinesis","Flex"],"picked":"Anger","floor":10},{"not_picked":["Warcry","Iron Wave"],"picked":"Battle Trance","floor":13},{"not_picked":["Burning Pact","Warcry","Flame Barrier"],"picked":"SKIP","floor":14},{"not_picked":["Offering","Bludgeon"],"picked":"Reaper","floor":16},{"not_picked":["Burning Pact","True Grit"],"picked":"Blood for Blood","floor":17},{"not_picked":["Iron Wave","Body Slam"],"picked":"Thunderclap","floor":17},{"not_picked":["Impervious","Headbutt"],"picked":"Twin Strike","floor":17},{"not_picked":["Burning Pact","Bloodletting"],"picked":"Anger","floor":17},{"not_picked":["Body Slam","Iron Wave"],"picked":"Dropkick","floor":17},{"not_picked":["Dark Embrace","Second Wind"],"picked":"Pommel Strike","floor":18},{"not_picked":["Shrug It Off+1","Clash+1"],"picked":"Inflame","floor":20},{"not_picked":["Clash","Dual Wield"],"picked":"Carnage","floor":21},{"not_picked":["Metallicize+1","Battle Trance"],"picked":"Infernal Blade","floor":23},{"not_picked":["Sword Boomerang","Combust"],"picked":"Twin Strike+1","floor":25},{"not_picked":["Shrug It Off","Bloodletting","Metallicize"],"picked":"SKIP","floor":28},{"not_picked":["Armaments","Shrug It Off","Flex+1"],"picked":"SKIP","floor":29},{"not_picked":["Infernal Blade","Headbutt"],"picked":"Cleave","floor":30},{"not_picked":["Berserk","Disarm"],"picked":"Feed","floor":31},{"not_picked":["Double Tap","Impervious"],"picked":"Demon Form","floor":33},{"not_picked":["Iron Wave","Body Slam+1","True Grit"],"picked":"SKIP","floor":35},{"not_picked":["Pummel","True Grit+1"],"picked":"Cleave+1","floor":36},{"not_picked":["Armaments","Feel No Pain+1","Power Through+1"],"picked":"SKIP","floor":37},{"not_picked":["Impervious","Burning Pact+1"],"picked":"Anger+1","floor":40}],"player_experience":27489,"relics_obtained":[{"floor":6,"key":"Champion Belt"},{"floor":8,"key":"Ornamental Fan"},{"floor":9,"key":"Bottled Lightning"},{"floor":23,"key":"Juzu Bracelet"},{"floor":24,"key":"Red Mask"},{"floor":26,"key":"WingedGreaves"},{"floor":31,"key":"Bird Faced Urn"},{"floor":40,"key":"Orichalcum"},{"floor":40,"key":"Letter Opener"}],"event_choices":[{"damage_healed":0,"gold_gain":0,"player_choice":"Success","damage_taken":18,"relics_obtained":["Ancient Tea Set"],"max_hp_gain":0,"max_hp_loss":0,"event_name":"Scrap Ooze","floor":2,"gold_loss":0},{"cards_removed":["Defend_R"],"damage_healed":0,"gold_gain":0,"player_choice":"Forget","damage_taken":0,"max_hp_gain":0,"max_hp_loss":0,"event_name":"Living Wall","floor":7,"gold_loss":0},{"damage_healed":0,"gold_gain":0,"player_choice":"Box","damage_taken":0,"relics_obtained":["Gambling Chip"],"max_hp_gain":0,"max_hp_loss":0,"event_name":"Big Fish","floor":11,"gold_loss":0,"cards_obtained":["Regret"]},{"damage_healed":0,"gold_gain":0,"player_choice":"Obtained Relic","damage_taken":0,"relics_obtained":["Self Forming Clay"],"max_hp_gain":0,"max_hp_loss":0,"event_name":"Addict","floor":22,"gold_loss":85},{"damage_healed":0,"gold_gain":0,"player_choice":"Fought Bandits","damage_taken":0,"max_hp_gain":0,"max_hp_loss":0,"event_name":"Masked Bandits","floor":24,"gold_loss":0},{"damage_healed":0,"gold_gain":0,"player_choice":"Ignored","damage_taken":0,"max_hp_gain":0,"max_hp_loss":0,"event_name":"Mysterious Sphere","floor":39,"gold_loss":0}],"is_beta":false,"boss_relics":[{"not_picked":["Runic Cube","Lizard Tail"],"picked":"Orrery"},{"not_picked":["Calling Bell","Mark of Pain"],"picked":"Black Star"}],"items_purged_floors":[19,38],"is_endless":false,"potions_floor_spawned":[3,5,14,16,21,24,28,29,33,36,40],"killed_by":"Reptomancer","ascension_level":0}