{"gold_per_floor":[119,44,60,60,10,41,3,23,102,119,136,156,156,156,156,257,257,274,373,283,67,78,78,89,89,89,89,106,123,7,17,17,116,116,129,147,21,31,31,31,49,49,49,49,72,82,82,113,113,113],"floor_reached":51,"playtime":6468,"items_purged":["Strike_G","Strike_G"],"score":719,"play_id":"f3071e2a-8ca1-456c-9b31-07d1bbcd997b","local_time":"20190407234412","is_ascension_mode":true,"campfire_choices":[{"data":"Footwork","floor":15,"key":"SMITH"},{"data":"Skewer","floor":23,"key":"SMITH"},{"data":"Cloak And Dagger","floor":25,"key":"SMITH"},{"data":"Neutralize","floor":27,"key":"SMITH"},{"data":"Footwork","floor":32,"key":"SMITH"},{"data":"Footwork","floor":40,"key":"SMITH"},{"data":"Dash","floor":42,"key":"SMITH"},{"floor":44,"key":"RECALL"},{"floor":47,"key":"REST"},{"data":"Malaise","floor":49,"key":"SMITH"}],"neow_cost":"NONE","seed_source_timestamp":730192332963800,"circlet_count":0,"master_deck":["Defend_G","Defend_G","Defend_G","Defend_G","Defend_G","Survivor","Neutralize+1","Dagger Spray+1","Skewer+1","Backflip","Footwork+1","Die Die Die","Cloak And Dagger+1","Backstab","Cloak And Dagger+1","Footwork+1","Adrenaline","Dash+1","Footwork+1","Parasite","Malaise+1"],"relics":["Ring of the Snake","NeowsBlessing","Happy Flower","Runic Pyramid","The Courier","Runic Dome","Vajra","Singing Bowl","Orichalcum","Smiling Mask"],"potions_floor_usage":[10,16,16,22,28,29,30,33,38,41,41,46,50],"damage_taken":[{"damage":0,"enemies":"Cultist","floor":1,"turns":1},{"damage":0,"enemies":"Small Slimes","floor":3,"turns":1},{"damage":0,"enemies":"Gremlin Nob","floor":6,"turns":1},{"damage":6,"enemies":"Jaw Worm","floor":8,"turns":4},{"damage":0,"enemies":"2 Fungi Beasts","floor":10,"turns":4},{"damage":2,"enemies":"3 Louse","floor":11,"turns":3},{"damage":3,"enemies":"Lots of Slimes","floor":12,"turns":2},{"damage":15,"enemies":"The Guardian","floor":16,"turns":17},{"damage":6,"enemies":"Shell Parasite","floor":18,"turns":11},{"damage":9,"enemies":"2 Thieves","floor":22,"turns":3},{"damage":10,"enemies":"Snake Plant","floor":24,"turns":6},{"damage":8,"enemies":"Centurion and Healer","floor":28,"turns":7},{"damage":0,"enemies":"Cultist and Chosen","floor":29,"turns":6},{"damage":0,"enemies":"3 Cultists","floor":31,"turns":5},{"damage":28,"enemies":"Collector","floor":33,"turns":13},{"damage":4,"enemies":"3 Shapes","floor":35,"turns":3},{"damage":3,"enemies":"Orb Walker","floor":36,"turns":4},{"damage":14,"enemies":"4 Shapes","floor":38,"turns":3},{"damage":0,"enemies":"Jaw Worm Horde","floor":41,"turns":4},{"damage":4,"enemies":"Writhing Mass","floor":46,"turns":7},{"damage":2,"enemies":"Reptomancer","floor":48,"turns":9},{"damage":24,"enemies":"Awakened One","floor":50,"turns":30}],"seed_played":"-6905992941941165007","potions_obtained":[{"floor":6,"key":"Energy Potion"},{"floor":8,"key":"Poison Potion"},{"floor":11,"key":"Energy Potion"},{"floor":16,"key":"SpeedPotion"},{"floor":18,"key":"GhostInAJar"},{"floor":28,"key":"Weak Potion"},{"floor":31,"key":"LiquidBronze"},{"floor":33,"key":"EssenceOfSteel"},{"floor":35,"key":"Ancient Potion"},{"floor":36,"key":"Dexterity Potion"},{"floor":38,"key":"EssenceOfSteel"},{"floor":48,"key":"GamblersBrew"}],"is_trial":false,"path_per_floor":["M","$","M","$","?","E","$","M","T","M","M","M","?","?","R","B",null,"M","?","?","$","M","R","M","R","T","R","M","M","$","M","R","B",null,"M","M","$","M","$","R","M","R","T","R","T","M","R","E","R","B",null],"character_chosen":"THE_SILENT","items_purchased":["Skewer","Cloak And Dagger","Backstab","Footwork","Fruit Juice","Vajra"],"campfire_rested":1,"item_purchase_floors":[7,21,21,30,30,37],"current_hp_per_floor":[70,70,70,70,70,70,70,64,64,64,62,59,64,57,57,42,75,69,69,69,69,60,60,50,50,50,50,42,42,47,47,47,19,80,76,73,73,59,59,59,59,59,59,59,59,57,81,79,79,55],"gold":113,"neow_bonus":"THREE_ENEMY_KILL","is_prod":false,"is_daily":false,"chose_seed":false,"campfire_upgraded":8,"win_rate":0,"timestamp":1554695052,"path_taken":["M","?","M","$","?","E","$","M","T","M","?","M","?","?","R","BOSS","M","?","?","$","?","R","M","R","T","R","M","M","?","M","R","BOSS","M","M","$","M","$","R","?","R","T","R","?","M","R","E","R","BOSS"],"build_version":"2019-01-23","purchased_purges":2,"victory":true,"max_hp_per_floor":[70,70,70,70,70,70,70,70,70,70,70,70,75,75,75,75,75,75,75,75,75,75,75,75,75,75,75,75,75,80,80,80,80,80,80,80,80,80,80,80,80,80,80,80,80,82,82,82,82,82],"card_choices":[{"not_picked":["Poisoned Stab","Deadly Poison","Acrobatics"],"picked":"SKIP","floor":1},{"not_picked":["Dagger Throw","Deflect"],"picked":"Dagger Spray","floor":3},{"not_picked":["Expertise","Prepared","Blade Dance"],"picked":"SKIP","floor":6},{"not_picked":["Blade Dance","Sucker Punch"],"picked":"Backflip","floor":8},{"not_picked":["Sucker Punch","Slice","Catalyst"],"picked":"SKIP","floor":10},{"not_picked":["Sucker Punch","Outmaneuver"],"picked":"Footwork","floor":11},{"not_picked":["Outmaneuver","Quick Slash","Dagger Spray"],"picked":"SKIP","floor":12},{"not_picked":["Corpse Explosion","Phantasmal Killer"],"picked":"Die Die Die","floor":16},{"not_picked":["Dagger Spray+1","Poisoned Stab","Infinite Blades"],"picked":"SKIP","floor":18},{"not_picked":["Deflect","Predator","Terror"],"picked":"SKIP","floor":22},{"not_picked":["PiercingWail","Deadly Poison+1"],"picked":"Cloak And Dagger+1","floor":24},{"not_picked":["Deflect","Expertise+1","Quick Slash"],"picked":"SKIP","floor":28},{"not_picked":["Predator","Flying Knee","Choke"],"picked":"SKIP","floor":29},{"not_picked":["Envenom","Acrobatics+1","Backflip+1"],"picked":"SKIP","floor":31},{"not_picked":["Burst","Doppelganger"],"picked":"Adrenaline","floor":33},{"not_picked":["Cloak And Dagger+1","Deflect"],"picked":"Dash","floor":35},{"not_picked":["Masterful Stab","Dagger Spray+1"],"picked":"Footwork","floor":36},{"not_picked":["Bane+1","Prepared+1","Dash+1"],"picked":"SKIP","floor":38},{"not_picked":["Underhanded Strike+1","Expertise","Catalyst+1"],"picked":"SKIP","floor":41},{"not_picked":["Underhanded Strike+1","Expertise","Catalyst+1"],"picked":"SKIP","floor":41},{"not_picked":["Deflect+1","Night Terror","Riddle With Holes"],"picked":"Singing Bowl","floor":46},{"not_picked":["Slice","Eviscerate"],"picked":"Malaise","floor":48}],"player_experience":239815,"relics_obtained":[{"floor":6,"key":"Happy Flower"},{"floor":26,"key":"The Courier"},{"floor":43,"key":"Singing Bowl"},{"floor":45,"key":"Orichalcum"},{"floor":48,"key":"Smiling Mask"}],"event_choices":[{"cards_removed":["Strike_G"],"damage_healed":0,"gold_gain":0,"player_choice":"Card Removal","damage_taken":0,"max_hp_gain":0,"max_hp_loss":0,"event_name":"The Cleric","floor":5,"gold_loss":50},{"damage_healed":0,"gold_gain":0,"player_choice":"Donut","damage_taken":0,"max_hp_gain":5,"max_hp_loss":0,"event_name":"Big Fish","floor":13,"gold_loss":0},{"cards_removed":["Strike_G"],"damage_healed":0,"gold_gain":0,"player_choice":"Card Removal","damage_taken":7,"max_hp_gain":0,"max_hp_loss":0,"event_name":"Golden Wing","floor":14,"gold_loss":0},{"damage_healed":0,"gold_gain":99,"player_choice":"Stole From Cult","damage_taken":0,"max_hp_gain":0,"max_hp_loss":0,"event_name":"Nest","floor":19,"gold_loss":0},{"cards_removed":["Strike_G"],"damage_healed":0,"gold_gain":0,"player_choice":"Upgrade and Remove","damage_taken":0,"max_hp_gain":0,"max_hp_loss":0,"event_name":"Designer","floor":20,"gold_loss":90,"cards_upgraded":["Dagger Spray"]}],"is_beta":false,"boss_relics":[{"not_picked":["Eternal Feather","WristBlade"],"picked":"Runic Pyramid"},{"not_picked":["Velvet Choker","Ring of the Serpent"],"picked":"Runic Dome"}],"items_purged_floors":[2,21],"is_endless":false,"potions_floor_spawned":[6,8,11,16,18,28,31,33,35,36,38,48],"ascension_level":2}