{"gold_per_floor":[12,30,47,47,66,98,111,124,124,124,124,124],"floor_reached":12,"playtime":363,"items_purged":[],"score":111,"play_id":"9e2efc15-5e0a-4888-a113-7c3ec9148440","local_time":"20190323082857","is_ascension_mode":true,"campfire_choices":[],"neow_cost":"NO_GOLD","seed_source_timestamp":260859914934854,"circlet_count":0,"master_deck":["Strike_B","Strike_B","Strike_B","Strike_B","Defend_B","Defend_B","Defend_B","Defend_B","Zap","Dualcast","Gash","Ball Lightning","Chaos","Steam","BootSequence","Steam","Cold Snap"],"relics":["Cracked Core","Boot","Frozen Egg 2"],"potions_floor_usage":[6,8,12,12],"damage_taken":[{"damage":20,"enemies":"Small Slimes","floor":1,"turns":4},{"damage":9,"enemies":"Jaw Worm","floor":2,"turns":3},{"damage":6,"enemies":"2 Louse","floor":3,"turns":2},{"damage":16,"enemies":"Exordium Thugs","floor":5,"turns":5},{"damage":24,"enemies":"3 Sentries","floor":6,"turns":7},{"damage":2,"enemies":"Lots of Slimes","floor":7,"turns":4},{"damage":0,"enemies":"3 Louse","floor":8,"turns":2},{"damage":15,"enemies":"Lagavulin","floor":12,"turns":2}],"seed_played":"1586844784679725256","potions_obtained":[{"floor":2,"key":"GamblersBrew"},{"floor":6,"key":"GamblersBrew"},{"floor":7,"key":"Fire Potion"},{"floor":8,"key":"Strength Potion"}],"is_trial":false,"path_per_floor":["M","M","M","?","M","E","M","M","T","?","?","E"],"character_chosen":"DEFECT","items_purchased":[],"campfire_rested":0,"item_purchase_floors":[],"current_hp_per_floor":[62,53,47,47,31,7,5,5,5,5,5,0],"gold":124,"neow_bonus":"TWENTY_PERCENT_HP_BONUS","is_prod":false,"is_daily":false,"chose_seed":false,"campfire_upgraded":0,"win_rate":0,"timestamp":1553351337,"path_taken":["M","M","M","?","M","E","M","M","T","?","?","E"],"build_version":"2019-01-23","purchased_purges":0,"victory":false,"max_hp_per_floor":[89,89,89,89,89,89,89,89,89,89,89,89],"card_choices":[{"not_picked":["Steam","Rebound"],"picked":"Gash","floor":1},{"not_picked":["Darkness","Undo"],"picked":"Ball Lightning","floor":2},{"not_picked":["Aggregate","Stack"],"picked":"Chaos","floor":3},{"not_picked":["Turbo","Leap"],"picked":"Steam","floor":5},{"not_picked":["Defragment","Fusion"],"picked":"BootSequence","floor":6},{"not_picked":["Rip and Tear","Compile Driver"],"picked":"Steam","floor":7},{"not_picked":["Steam","Electrodynamics"],"picked":"Cold Snap","floor":8}],"player_experience":1664136,"relics_obtained":[{"floor":6,"key":"Boot"},{"floor":9,"key":"Frozen Egg 2"}],"event_choices":[{"damage_healed":0,"gold_gain":0,"player_choice":"Ignored","damage_taken":0,"max_hp_gain":0,"max_hp_loss":0,"event_name":"Golden Wing","floor":4,"gold_loss":0},{"damage_healed":0,"gold_gain":0,"player_choice":"Ignored","damage_taken":0,"max_hp_gain":0,"max_hp_loss":0,"event_name":"Liars Game","floor":10,"gold_loss":0},{"damage_healed":0,"gold_gain":0,"player_choice":"Ignored","damage_taken":0,"max_hp_gain":0,"max_hp_loss":0,"event_name":"Shining Light","floor":11,"gold_loss":0}],"is_beta":false,"boss_relics":[],"items_purged_floors":[],"is_endless":false,"potions_floor_spawned":[2,6,7,8],"killed_by":"Lagavulin","ascension_level":7}