{"gold_per_floor":[117,136,150,166,241,270,288,319,319,319,18,44,44,60,60,60],"floor_reached":16,"playtime":754,"items_purged":["Wild Strike"],"score":207,"play_id":"c6d933f6-d0c7-4849-8ac6-de4ce104d7c7","local_time":"20190403175440","is_ascension_mode":true,"campfire_choices":[{"data":"True Grit","floor":13,"key":"SMITH"},{"data":"Bash","floor":15,"key":"SMITH"}],"neow_cost":"NONE","seed_source_timestamp":1621639249861500,"circlet_count":0,"master_deck":["AscendersBane","Strike_R+1","Strike_R","Strike_R+1","Strike_R","Strike_R","Defend_R","Defend_R","Defend_R","Defend_R","Bash+1","Feel No Pain","Offering","Twin Strike","Inflame+1","Shrug It Off","Shrug It Off","Offering","Metallicize","True Grit+1","Ghostly Armor"],"relics":["Burning Blood","Whetstone","Boot","Juzu Bracelet","Strawberry","Centennial Puzzle"],"potions_floor_usage":[12,16],"damage_taken":[{"damage":1,"enemies":"Jaw Worm","floor":1,"turns":4},{"damage":0,"enemies":"Small Slimes","floor":2,"turns":3},{"damage":1,"enemies":"Cultist","floor":3,"turns":3},{"damage":19,"enemies":"Blue Slaver","floor":4,"turns":2},{"damage":30,"enemies":"3 Sentries","floor":6,"turns":12},{"damage":2,"enemies":"3 Louse","floor":7,"turns":3},{"damage":14,"enemies":"Gremlin Nob","floor":8,"turns":3},{"damage":20,"enemies":"Lagavulin","floor":12,"turns":5},{"damage":12,"enemies":"Exordium Wildlife","floor":14,"turns":3},{"damage":24,"enemies":"Hexaghost","floor":16,"turns":12}],"seed_played":"-2716230510413497098","potions_obtained":[{"floor":4,"key":"Energy Potion"},{"floor":6,"key":"Regen Potion"},{"floor":12,"key":"SkillPotion"}],"is_trial":false,"path_per_floor":["?","?"],"character_chosen":"IRONCLAD","items_purchased":["Offering","Metallicize"],"campfire_rested":0,"item_purchase_floors":[11,11],"current_hp_per_floor":[73,75,75,62,51,27,31,23,30,30,30,30,30,24,24,0],"gold":60,"neow_bonus":"RANDOM_COMMON_RELIC","is_prod":false,"is_daily":false,"chose_seed":false,"campfire_upgraded":2,"win_rate":0,"timestamp":1554328480,"path_taken":["M","M","M","M","?","E","M","E","T","?","$","E","R","M","R","BOSS"],"build_version":"2019-01-23","purchased_purges":1,"victory":false,"max_hp_per_floor":[75,75,75,75,75,75,75,75,82,82,82,82,82,82,82,82],"card_choices":[{"not_picked":["Cleave","Heavy Blade"],"picked":"Wild Strike","floor":1},{"not_picked":["Iron Wave","Clothesline"],"picked":"Feel No Pain","floor":2},{"not_picked":["Rage","True Grit"],"picked":"Offering","floor":3},{"not_picked":["Sentinel","Cleave"],"picked":"Twin Strike","floor":4},{"not_picked":["Pommel Strike","Bloodletting"],"picked":"Inflame","floor":6},{"not_picked":["Wild Strike","Armaments"],"picked":"Shrug It Off","floor":7},{"not_picked":["Sword Boomerang","Double Tap"],"picked":"Shrug It Off","floor":8},{"not_picked":["Heavy Blade","Sever Soul"],"picked":"True Grit","floor":12},{"not_picked":["Clothesline","Perfected Strike"],"picked":"Ghostly Armor","floor":14}],"player_experience":1431000,"relics_obtained":[{"floor":6,"key":"Boot"},{"floor":8,"key":"Juzu Bracelet"},{"floor":9,"key":"Strawberry"},{"floor":12,"key":"Centennial Puzzle"}],"event_choices":[{"damage_healed":0,"gold_gain":75,"player_choice":"Gather Gold","damage_taken":11,"max_hp_gain":0,"max_hp_loss":0,"event_name":"World of Goop","floor":5,"gold_loss":0},{"damage_healed":0,"gold_gain":0,"player_choice":"Upgraded","damage_taken":0,"max_hp_gain":0,"max_hp_loss":0,"event_name":"Upgrade Shrine","floor":10,"gold_loss":0,"cards_upgraded":["Inflame"]}],"is_beta":false,"boss_relics":[],"items_purged_floors":[11],"is_endless":false,"potions_floor_spawned":[4,6,8,12,14],"killed_by":"Hexaghost","ascension_level":14}