{"gold_per_floor":[118,136,146,165,179,207,218,253,253,286,286,30,44,56,56,127,127,142,52,68,80,93,123,123,149,149,205,221,235,251,262,262,335,335,353,92,110,128,147,147,163,163,187,198,208,208,224,224,224,224],"floor_reached":50,"playtime":4120,"items_purged":[],"score":913,"play_id":"0e1fc047-ec60-4e44-878e-0916ae3996dd","local_time":"20190331131745","is_ascension_mode":true,"campfire_choices":[{"data":"A Thousand Cuts","floor":15,"key":"SMITH"},{"floor":24,"key":"REST"},{"data":"Storm of Steel","floor":32,"key":"SMITH"},{"data":"Wraith Form v2","floor":40,"key":"SMITH"},{"data":"Cloak And Dagger","floor":42,"key":"SMITH"},{"data":"Caltrops","floor":46,"key":"SMITH"},{"floor":49,"key":"RECALL"}],"neow_cost":"NONE","seed_source_timestamp":1342457512694188,"circlet_count":0,"master_deck":["AscendersBane","Survivor","Neutralize","Backstab","Predator","A Thousand Cuts+1","Dash+1","Sucker Punch","Calculated Gamble","Storm of Steel+1","Sucker Punch","Phantasmal Killer","Backflip","Cloak And Dagger+1","Leg Sweep","Dagger Spray","Dodge and Roll","Escape Plan","Caltrops","Wraith Form v2+1","Slice","Dagger Throw","Malaise","Acrobatics","Caltrops+1","Backflip","Well Laid Plans","Backstab","Acrobatics+1","Distraction+1","Envenom","Caltrops+1","Blade Dance+1","Blade Dance+1","Footwork+1"],"relics":["Pandora\u0027s Box","Blue Candle","Orichalcum","Gremlin Horn","Pen Nib","Ninja Scroll","Sozu","Meat on the Bone","Toxic Egg 2","Pear","Tiny Chest","Coffee Dripper","Kunai","Letter Opener"],"potions_floor_usage":[4,6,8,23],"damage_taken":[{"damage":0,"enemies":"Small Slimes","floor":1,"turns":3},{"damage":14,"enemies":"2 Louse","floor":2,"turns":3},{"damage":0,"enemies":"Cultist","floor":3,"turns":3},{"damage":2,"enemies":"Lots of Slimes","floor":4,"turns":3},{"damage":14,"enemies":"Exordium Wildlife","floor":5,"turns":4},{"damage":9,"enemies":"Lagavulin","floor":6,"turns":8},{"damage":0,"enemies":"Looter","floor":7,"turns":3},{"damage":12,"enemies":"3 Sentries","floor":8,"turns":6},{"damage":2,"enemies":"Gremlin Nob","floor":10,"turns":5},{"damage":7,"enemies":"Exordium Thugs","floor":13,"turns":3},{"damage":0,"enemies":"Blue Slaver","floor":14,"turns":3},{"damage":11,"enemies":"Slime Boss","floor":16,"turns":7},{"damage":0,"enemies":"Spheric Guardian","floor":18,"turns":3},{"damage":2,"enemies":"Chosen","floor":20,"turns":5},{"damage":8,"enemies":"Centurion and Healer","floor":21,"turns":4},{"damage":0,"enemies":"3 Cultists","floor":22,"turns":3},{"damage":51,"enemies":"Slavers","floor":23,"turns":8},{"damage":14,"enemies":"Book of Stabbing","floor":25,"turns":6},{"damage":11,"enemies":"Gremlin Leader","floor":27,"turns":4},{"damage":2,"enemies":"Chosen and Byrds","floor":28,"turns":4},{"damage":0,"enemies":"Cultist and Chosen","floor":29,"turns":5},{"damage":0,"enemies":"Centurion and Healer","floor":30,"turns":6},{"damage":3,"enemies":"Snake Plant","floor":31,"turns":4},{"damage":35,"enemies":"Automaton","floor":33,"turns":8},{"damage":3,"enemies":"3 Shapes","floor":35,"turns":4},{"damage":16,"enemies":"3 Darklings","floor":37,"turns":2},{"damage":20,"enemies":"Transient","floor":38,"turns":5},{"damage":16,"enemies":"Spire Growth","floor":39,"turns":6},{"damage":19,"enemies":"Jaw Worm Horde","floor":41,"turns":4},{"damage":7,"enemies":"Writhing Mass","floor":44,"turns":10},{"damage":3,"enemies":"Sphere and 2 Shapes","floor":45,"turns":6},{"damage":0,"enemies":"Spire Growth","floor":47,"turns":4},{"damage":51,"enemies":"Awakened One","floor":50,"turns":4}],"seed_played":"8811919700384639782","potions_obtained":[{"floor":2,"key":"Block Potion"},{"floor":5,"key":"Block Potion"},{"floor":6,"key":"Fire Potion"},{"floor":10,"key":"Ancient Potion"},{"floor":14,"key":"Regen Potion"},{"floor":16,"key":"LiquidBronze"}],"is_trial":false,"path_per_floor":["?","?","M","M","T"],"character_chosen":"THE_SILENT","items_purchased":["Ninja Scroll","Kunai"],"campfire_rested":1,"item_purchase_floors":[12,36],"current_hp_per_floor":[63,49,49,47,33,24,24,12,12,10,33,33,26,26,26,15,56,56,56,54,46,46,10,31,29,39,40,50,50,50,47,47,24,66,63,63,47,39,35,35,28,28,28,33,42,42,42,42,42,0],"gold":224,"neow_bonus":"BOSS_RELIC","is_prod":false,"is_daily":false,"chose_seed":false,"campfire_upgraded":5,"win_rate":0,"timestamp":1554052665,"path_taken":["M","M","M","M","M","E","M","E","T","E","?","$","M","M","R","BOSS","M","?","M","M","M","E","R","E","T","E","?","M","M","M","R","BOSS","M","$","?","M","M","R","M","R","T","M","M","R","M","?","R","BOSS"],"build_version":"2019-01-23","purchased_purges":0,"victory":false,"max_hp_per_floor":[70,70,70,70,70,70,70,70,70,70,70,70,70,70,70,70,70,70,70,70,70,70,70,70,70,80,80,80,80,80,80,80,80,80,80,80,80,80,80,80,80,80,80,80,80,80,80,80,80,80],"card_choices":[{"not_picked":["Flying Knee","Acrobatics"],"picked":"Backflip","floor":1},{"not_picked":["Catalyst","Flying Knee"],"picked":"Cloak And Dagger","floor":2},{"not_picked":["Bane","Well Laid Plans"],"picked":"Leg Sweep","floor":3},{"not_picked":["Quick Slash","Heel Hook"],"picked":"Dagger Spray","floor":4},{"not_picked":["Prepared","Skewer"],"picked":"Dodge and Roll","floor":5},{"not_picked":["Setup","Riddle With Holes"],"picked":"Escape Plan","floor":6},{"not_picked":["Deadly Poison","Acrobatics"],"picked":"Caltrops","floor":7},{"not_picked":["Dagger Throw","Prepared"],"picked":"Wraith Form v2","floor":8},{"not_picked":["Escape Plan","Dodge and Roll"],"picked":"Slice","floor":10},{"not_picked":["Outmaneuver","Reflex","Flechettes"],"picked":"SKIP","floor":13},{"not_picked":["Calculated Gamble","Tactician"],"picked":"Dagger Throw","floor":14},{"not_picked":["Corpse Explosion","Burst"],"picked":"Malaise","floor":16},{"not_picked":["Outmaneuver","Prepared"],"picked":"Acrobatics","floor":18},{"not_picked":["Expertise","Catalyst+1","Dagger Spray"],"picked":"SKIP","floor":20},{"not_picked":["Backflip","Prepared"],"picked":"Caltrops","floor":21},{"not_picked":["Poisoned Stab","Terror"],"picked":"Backflip","floor":22},{"not_picked":["Flying Knee+1","Quick Slash"],"picked":"Well Laid Plans","floor":23},{"not_picked":["Endless Agony","Poisoned Stab"],"picked":"Backstab","floor":25},{"not_picked":["Terror+1","Dagger Spray","Underhanded Strike"],"picked":"SKIP","floor":27},{"not_picked":["Dagger Spray","Glass Knife","Flying Knee"],"picked":"SKIP","floor":28},{"not_picked":["Flying Knee","Well Laid Plans","Outmaneuver+1"],"picked":"SKIP","floor":29},{"not_picked":["Backflip+1","Poisoned Stab"],"picked":"Acrobatics+1","floor":30},{"not_picked":["Poisoned Stab","Die Die Die"],"picked":"Distraction+1","floor":31},{"not_picked":["Corpse Explosion+1","Malaise+1"],"picked":"Envenom","floor":33},{"not_picked":["Finisher","Quick Slash","Outmaneuver+1"],"picked":"SKIP","floor":35},{"not_picked":["Flying Knee","Quick Slash","Sucker Punch+1"],"picked":"SKIP","floor":37},{"not_picked":["Bane+1","Underhanded Strike","Predator"],"picked":"SKIP","floor":38},{"not_picked":["Quick Slash+1","PiercingWail+1"],"picked":"Caltrops+1","floor":39},{"not_picked":["Dash+1","Prepared+1"],"picked":"Blade Dance+1","floor":41},{"not_picked":["Infinite Blades+1","Sucker Punch"],"picked":"Blade Dance+1","floor":44},{"not_picked":["Well Laid Plans+1","Eviscerate"],"picked":"Footwork+1","floor":45},{"not_picked":["Predator","Underhanded Strike+1","Masterful Stab+1"],"picked":"SKIP","floor":47}],"player_experience":1322852,"relics_obtained":[{"floor":6,"key":"Blue Candle"},{"floor":8,"key":"Orichalcum"},{"floor":9,"key":"Gremlin Horn"},{"floor":10,"key":"Pen Nib"},{"floor":23,"key":"Meat on the Bone"},{"floor":25,"key":"Toxic Egg 2"},{"floor":26,"key":"Pear"},{"floor":27,"key":"Tiny Chest"},{"floor":48,"key":"Letter Opener"}],"event_choices":[{"damage_healed":23,"gold_gain":0,"player_choice":"Banana","damage_taken":0,"max_hp_gain":0,"max_hp_loss":0,"event_name":"Big Fish","floor":11,"gold_loss":0},{"cards_removed":["Eviscerate"],"damage_healed":0,"gold_gain":0,"player_choice":"Upgrade and Remove","damage_taken":0,"max_hp_gain":0,"max_hp_loss":0,"event_name":"Designer","floor":19,"gold_loss":90,"cards_upgraded":["Dash"]}],"is_beta":false,"boss_relics":[{"not_picked":["Calling Bell","Snecko Eye"],"picked":"Sozu"},{"not_picked":["Runic Pyramid","Philosopher\u0027s Stone"],"picked":"Coffee Dripper"}],"items_purged_floors":[],"is_endless":false,"potions_floor_spawned":[2,5,6,10,14,16,18,23,27,29,30,38,44,45],"killed_by":"Awakened One","ascension_level":13}