{"gold_per_floor":[113,83,83,103,120,147,147,169,169,13,88,88,88,106,106,206,206,221,235,150,0,18,18,45,57,96,108,147,55,66,66],"floor_reached":31,"playtime":1262,"items_purged":[],"score":366,"play_id":"17264a79-a0eb-44cd-9e02-852c23087dd9","local_time":"20181012190940","is_ascension_mode":true,"campfire_choices":[{"data":"Terror","floor":7,"key":"SMITH"},{"floor":12,"key":"REST"},{"floor":13,"key":"REST"},{"data":"Neutralize","floor":15,"key":"SMITH"},{"floor":23,"key":"REST"},{"floor":25,"key":"REST"}],"neow_cost":"NONE","seed_source_timestamp":10705900921201,"circlet_count":0,"master_deck":["Defend_G","Defend_G","Defend_G","Defend_G","Defend_G","Strike_G","Strike_G","Strike_G","Strike_G","Strike_G","Survivor","Neutralize+1","Riddle With Holes","Flying Knee","Blade Dance","Terror+1","Dodge and Roll","Acrobatics","Phantasmal Killer","Dodge and Roll","PiercingWail","Blade Dance+1","Footwork+1","Calculated Gamble","Footwork","Blade Dance","Flying Knee"],"relics":["Ring of the Snake","NeowsBlessing","Matryoshka","Mercury Hourglass","Odd Mushroom","Paper Crane","WingedGreaves","Orichalcum","Runic Dome","Bag of Preparation","Omamori","MawBank","Pantograph","Vajra","Art of War"],"potions_floor_usage":[18,24,24,28,28],"damage_taken":[{"damage":0,"enemies":"2 Louse","floor":1,"turns":1},{"damage":0,"enemies":"Cultist","floor":4,"turns":1},{"damage":0,"enemies":"Jaw Worm","floor":5,"turns":1},{"damage":29,"enemies":"3 Sentries","floor":6,"turns":7},{"damage":15,"enemies":"The Mushroom Lair","floor":8,"turns":4},{"damage":0,"enemies":"Red Slaver","floor":14,"turns":2},{"damage":45,"enemies":"Slime Boss","floor":16,"turns":12},{"damage":3,"enemies":"Chosen","floor":18,"turns":4},{"damage":0,"enemies":"3 Byrds","floor":19,"turns":4},{"damage":16,"enemies":"Centurion and Healer","floor":22,"turns":6},{"damage":21,"enemies":"Slavers","floor":24,"turns":6},{"damage":18,"enemies":"Gremlin Leader","floor":28,"turns":4},{"damage":18,"enemies":"Snake Plant","floor":30,"turns":6},{"damage":34,"enemies":"Slavers","floor":31,"turns":5}],"seed_played":"3776830428881621803","potions_obtained":[{"floor":1,"key":"Regen Potion"},{"floor":2,"key":"GamblersBrew"},{"floor":2,"key":"EssenceOfSteel"},{"floor":6,"key":"Ancient Potion"},{"floor":8,"key":"PowerPotion"},{"floor":19,"key":"Energy Potion"},{"floor":24,"key":"SteroidPotion"}],"is_trial":false,"path_per_floor":["M","?","?","M","M","E","R","?","T","$","?","R","R","M","R","B",null,"M","M","?","$","M","R","E","R","T","?","E","$","M"],"character_chosen":"THE_SILENT","items_purchased":["Orichalcum","Omamori","Footwork","Blade Dance"],"campfire_rested":4,"item_purchase_floors":[10,21,29,29],"current_hp_per_floor":[63,63,63,63,63,34,34,19,19,19,8,29,50,50,50,5,54,51,51,51,51,35,56,35,56,56,56,50,50,32,0],"gold":66,"neow_bonus":"THREE_ENEMY_KILL","is_prod":false,"is_daily":false,"chose_seed":false,"campfire_upgraded":2,"win_rate":0,"timestamp":1539385780,"path_taken":["M","?","?","?","M","E","R","?","T","$","?","R","R","M","R","BOSS","M","M","?","$","M","R","E","R","T","?","E","$","?","E"],"build_version":"2018-10-11","purchased_purges":0,"victory":false,"max_hp_per_floor":[70,70,70,70,70,70,70,70,70,70,70,70,70,70,70,70,70,70,70,70,70,70,70,70,70,70,70,70,70,70,70],"card_choices":[{"not_picked":["Blade Dance","Dagger Throw"],"picked":"Riddle With Holes","floor":1},{"not_picked":["Distraction","Poisoned Stab"],"picked":"Flying Knee","floor":4},{"not_picked":["Poisoned Stab","Catalyst"],"picked":"Blade Dance","floor":5},{"not_picked":["Tactician","Dagger Spray"],"picked":"Terror","floor":6},{"not_picked":["Acrobatics","Sucker Punch"],"picked":"Dodge and Roll","floor":8},{"not_picked":["Calculated Gamble","Slice"],"picked":"Acrobatics","floor":14},{"not_picked":["Wraith Form v2","Doppelganger"],"picked":"Phantasmal Killer","floor":16},{"not_picked":["Outmaneuver","Slice"],"picked":"Dodge and Roll","floor":18},{"not_picked":["Slice","Setup"],"picked":"PiercingWail","floor":19},{"not_picked":["Dagger Spray","Backflip"],"picked":"Blade Dance+1","floor":22},{"not_picked":["Sucker Punch","Crippling Poison"],"picked":"Footwork+1","floor":24},{"not_picked":["Eviscerate+1","Bullet Time"],"picked":"Calculated Gamble","floor":28},{"not_picked":["Outmaneuver","Poisoned Stab+1"],"picked":"Flying Knee","floor":30}],"player_experience":328534,"relics_obtained":[{"floor":6,"key":"Mercury Hourglass"},{"floor":8,"key":"Odd Mushroom"},{"floor":9,"key":"Paper Crane"},{"floor":9,"key":"WingedGreaves"},{"floor":24,"key":"MawBank"},{"floor":26,"key":"Pantograph"},{"floor":26,"key":"Vajra"},{"floor":28,"key":"Art of War"}],"event_choices":[{"event_name":"The Woman in Blue","player_choice":"Bought 2 Potions","floor":2,"damage_taken":0},{"event_name":"WeMeetAgain","player_choice":"Potion","floor":3,"damage_taken":0},{"event_name":"Mushrooms","player_choice":"Fought Mushrooms","floor":8,"damage_taken":0},{"event_name":"World of Goop","player_choice":"Gather Gold","floor":11,"damage_taken":0},{"event_name":"Addict","player_choice":"Obtained Relic","floor":20,"damage_taken":0},{"event_name":"Beggar","player_choice":"Ignored","floor":27,"damage_taken":0}],"is_beta":true,"boss_relics":[{"not_picked":["Coffee Dripper","Eternal Feather"],"picked":"Runic Dome"}],"items_purged_floors":[],"is_endless":false,"potions_floor_spawned":[1,6,8,19,24],"killed_by":"Slavers","ascension_level":7}