{"gold_per_floor":[116,129,25,25,25,68,68,84,108,139,11,11,34,50,50,181,181,167,167,191,231,254,254,275,302,353,353,378,308,109,109],"floor_reached":31,"playtime":1492,"items_purged":["Regret","Normality"],"score":245,"play_id":"489ea944-b7cd-4ab2-a5dc-17495741afd4","local_time":"20180810115612","is_ascension_mode":false,"campfire_choices":[{"floor":7,"key":"REST"},{"floor":15,"key":"REST"},{"floor":27,"key":"REST"}],"neow_cost":"NONE","seed_source_timestamp":0,"circlet_count":0,"master_deck":["Strike_B","Strike_B","Defend_B","Defend_B","Defend_B","Defend_B","Zap","Dualcast","Reboot","Conserve Battery","Scrape","Swift Strike","Scrape","Coolheaded","Gash","Hologram","Beam Cell","Rainbow","Defragment","Bludgeon","Static Discharge","Blizzard","Beam Cell","Cold Snap+1","Shame","Defragment","Forethought"],"special_seed":0,"relics":["Cracked Core","Golden Idol","Happy Flower","Matryoshka","Juzu Bracelet","Orichalcum","Strawberry","Cursed Key","Red Mask","Meat on the Bone","Lantern","Ancient Tea Set","Anchor"],"potions_floor_usage":[10,10,16,20,21,28],"damage_taken":[{"damage":0.0,"enemies":"Cultist","floor":1.0,"turns":4.0},{"damage":0.0,"enemies":"Small Slimes","floor":2.0,"turns":3.0},{"damage":43,"enemies":"Gremlin Nob","floor":6,"turns":5},{"damage":9,"enemies":"2 Louse","floor":8,"turns":2},{"damage":18,"enemies":"Lagavulin","floor":10,"turns":7},{"damage":0,"enemies":"Exordium Wildlife","floor":13,"turns":3},{"damage":0,"enemies":"2 Fungi Beasts","floor":14,"turns":3},{"damage":15,"enemies":"The Guardian","floor":16,"turns":11},{"damage":28,"enemies":"2 Thieves","floor":18,"turns":4},{"damage":5,"enemies":"3 Byrds","floor":20,"turns":6},{"damage":29,"floor":21,"turns":3},{"damage":9,"enemies":"Centurion and Healer","floor":22,"turns":5},{"damage":3,"enemies":"Snecko","floor":24,"turns":3},{"damage":1,"enemies":"Snake Plant","floor":28,"turns":4},{"damage":69,"enemies":"Gremlin Leader","floor":31,"turns":8}],"seed_played":"3970898608647840245","potions_obtained":[{"floor":6,"key":"Weak Potion"},{"floor":8,"key":"SkillPotion"},{"floor":13,"key":"Regen Potion"},{"floor":14,"key":"AttackPotion"},{"floor":18,"key":"Regen Potion"},{"floor":21,"key":"EssenceOfSteel"}],"is_trial":false,"path_per_floor":["M","M","$","?","?","E","R","M","T","E","$","?","M","M","R","B",null,"M","?","M","?","M","?","M","T","T","R","M","?","$"],"character_chosen":"DEFECT","items_purchased":["Swift Strike","Gash","Forethought"],"campfire_rested":3,"item_purchase_floors":[3,11,30],"current_hp_per_floor":[75,75,75,57,57,14,36,27,27,16,16,16,16,16,40,25,82,54,54,64,47,38,38,35,35,35,59,58,58,58,0],"gold":109,"neow_bonus":"ONE_RANDOM_RARE_CARD","is_prod":false,"is_daily":false,"chose_seed":false,"campfire_upgraded":0,"win_rate":0.0,"timestamp":1533916572,"path_taken":["M","M","$","?","?","E","R","M","T","E","$","?","M","M","R","BOSS","M","?","M","?","M","?","M","?","T","R","M","?","?","E"],"build_version":"2018-08-08","purchased_purges":2,"victory":false,"max_hp_per_floor":[75,75,75,75,75,75,75,75,75,82,82,82,82,82,82,82,82,82,82,82,82,82,82,82,82,82,82,82,82,82,82],"card_choices":[{"not_picked":["Steam","Hologram"],"picked":"Conserve Battery","floor":1.0},{"not_picked":["Streamline","Rebound"],"picked":"Scrape","floor":2.0},{"not_picked":["Reboot","Compile Driver"],"picked":"Scrape","floor":6},{"not_picked":["Redo","Leap"],"picked":"Conserve Battery","floor":8},{"not_picked":["Reinforced Body","Ball Lightning"],"picked":"Coolheaded","floor":10},{"not_picked":["Conserve Battery","Doom and Gloom"],"picked":"Hologram","floor":13},{"not_picked":["Aggregate","Stack"],"picked":"Beam Cell","floor":14},{"not_picked":["Fission","Amplify"],"picked":"Rainbow","floor":16},{"not_picked":["Consume","Aggregate"],"picked":"Defragment","floor":18},{"not_picked":["Streamline","Redo"],"picked":"Static Discharge","floor":20},{"not_picked":["Darkness","BootSequence+1"],"picked":"Blizzard","floor":21},{"not_picked":["Blizzard","Ball Lightning"],"picked":"Beam Cell","floor":22},{"not_picked":["Compile Driver","Beam Cell"],"picked":"Cold Snap+1","floor":24},{"not_picked":["Beam Cell+1","Electrodynamics"],"picked":"Defragment","floor":28}],"player_experience":155678,"relics_obtained":[{"floor":6,"key":"Matryoshka"},{"floor":9,"key":"Juzu Bracelet"},{"floor":9,"key":"Orichalcum"},{"floor":10,"key":"Strawberry"},{"floor":21,"key":"Red Mask"},{"floor":25,"key":"Meat on the Bone"},{"floor":25,"key":"Lantern"},{"floor":26,"key":"Ancient Tea Set"}],"event_choices":[{"event_name":"Golden Idol","player_choice":"Take Damage","floor":4.0,"damage_taken":0.0},{"event_name":"Big Fish","player_choice":"Box","floor":5.0,"damage_taken":0.0},{"event_name":"Wheel of Change","player_choice":"Card Removal","floor":12,"damage_taken":0},{"event_name":"NoteForYourself","player_choice":"Took Card","floor":19,"damage_taken":0},{"event_name":"Masked Bandits","player_choice":"Fought Bandits","floor":21,"damage_taken":0},{"event_name":"Back to Basics","player_choice":"Elegance","floor":23,"damage_taken":0},{"event_name":"WeMeetAgain","player_choice":"Gold","floor":29,"damage_taken":0}],"is_beta":true,"boss_relics":[{"not_picked":["Nuclear Battery","Runic Pyramid"],"picked":"Cursed Key"}],"items_purged_floors":[11,30],"is_endless":false,"potions_floor_spawned":[6,8,13,14,18,21],"killed_by":"Gremlin Leader","ascension_level":0}