{"gold_per_floor":[114,114,129,144,159,159,159,159,159,84,114,129,154,169,169,269,269,284,299,314,329,289,319,319,334,409,409,409,459,474,220,220,320,320,335,36,51,66,81,81,81,81,81,96,126,141,141,156,156,156],"floor_reached":51,"playtime":2032,"items_purged":["Defend_B","Strike_B"],"score":803,"play_id":"4013eb11-1173-477b-822a-2655fd575460","local_time":"20180822160016","daily_mods":["Diverse","Uncertain Future","Lethality"],"is_ascension_mode":false,"campfire_choices":[{"data":"Scrape","floor":6,"key":"SMITH"},{"data":"Endless Agony","floor":8,"key":"SMITH"},{"floor":15,"key":"REST"},{"floor":24,"key":"REST"},{"floor":28,"key":"REST"},{"floor":32,"key":"REST"},{"floor":40,"key":"REST"},{"floor":42,"key":"REST"},{"floor":49,"key":"REST"}],"neow_cost":"","seed_source_timestamp":0,"circlet_count":0,"master_deck":["Strike_B","Strike_B+1","Defend_B","Defend_B","Defend_B","Zap","Dualcast","Scrape+1","Clash","Disarm+1","Endless Agony+1","Anger","Cold Snap","Backflip","Slice","All For One","Self Repair","Defragment+1","White Noise","Shrug It Off+1","Go for the Eyes","Rebound","Doppelganger","Gash","Echo Form","Dual Wield","Reboot","Sword Boomerang+1","Metamorphosis","Defragment","Beam Cell","White Noise+1","White Noise","Good Instincts","Panache","Flash of Steel","Gash+1","Warcry+1","Metallicize+1","Turbo+1","All For One","Distraction+1","Shrug It Off+1"],"special_seed":17765,"relics":["Cracked Core","Mummified Hand","Ornamental Fan","Dream Catcher","Art of War","Fusion Hammer","StoneCalendar","Kunai","Nuclear Battery","Toxic Egg 2","Orichalcum"],"potions_floor_usage":[16,16,23,50,50,50],"damage_taken":[{"damage":0,"enemies":"Cultist","floor":1,"turns":2},{"damage":0,"enemies":"2 Louse","floor":3,"turns":2},{"damage":9,"enemies":"Jaw Worm","floor":4,"turns":2},{"damage":8,"enemies":"Looter","floor":5,"turns":2},{"damage":26,"enemies":"3 Sentries","floor":11,"turns":5},{"damage":4,"enemies":"Exordium Thugs","floor":12,"turns":3},{"damage":15,"enemies":"3 Louse","floor":14,"turns":3},{"damage":0,"enemies":"Slime Boss","floor":16,"turns":6},{"damage":0,"enemies":"3 Byrds","floor":18,"turns":3},{"damage":9,"enemies":"Shell Parasite","floor":19,"turns":2},{"damage":1,"enemies":"Cultist and Chosen","floor":20,"turns":3},{"damage":39,"enemies":"Centurion and Healer","floor":21,"turns":4},{"damage":18,"enemies":"Book of Stabbing","floor":23,"turns":4},{"damage":0,"enemies":"Snecko","floor":25,"turns":3},{"damage":8,"enemies":"Chosen and Byrds","floor":30,"turns":3},{"damage":22,"enemies":"Collector","floor":33,"turns":8},{"damage":0,"enemies":"3 Darklings","floor":35,"turns":4},{"damage":7,"enemies":"3 Shapes","floor":37,"turns":4},{"damage":33,"enemies":"Spire Growth","floor":38,"turns":5},{"damage":9,"enemies":"Flame Bruiser 2 Orb","floor":39,"turns":5},{"damage":0,"enemies":"Transient","floor":44,"turns":5},{"damage":3,"enemies":"Giant Head","floor":45,"turns":4},{"damage":17,"enemies":"Sphere and 2 Shapes","floor":46,"turns":4},{"damage":17,"enemies":"Spire Growth","floor":48,"turns":3},{"damage":41,"enemies":"Donu and Deca","floor":50,"turns":7}],"seed_played":"-3582154799365427679","potions_obtained":[{"floor":1,"key":"FocusPotion"},{"floor":5,"key":"SneckoOil"},{"floor":14,"key":"FocusPotion"},{"floor":18,"key":"Dexterity Potion"},{"floor":20,"key":"FairyPotion"},{"floor":25,"key":"LiquidBronze"},{"floor":44,"key":"Swift Potion"},{"floor":45,"key":"EssenceOfSteel"}],"is_trial":false,"path_per_floor":["M","T","M","M","M","R","?","R","T","$","E","M","T","M","R","B",null,"M","M","M","M","?","E","R","M","T","?","R","?","M","$","R","B",null,"M","$","M","M","M","R","?","R","T","M","E","M","?","M","R","B"],"character_chosen":"DEFECT","items_purchased":["Echo Form","Dual Wield","Metamorphosis","Defragment","Swift Potion"],"campfire_rested":7,"item_purchase_floors":[31,31,36,36,36],"current_hp_per_floor":[75,75,75,66,58,58,58,58,58,58,32,28,28,13,35,35,75,75,66,72,40,40,29,51,58,58,58,75,75,74,74,75,60,75,75,75,75,63,54,75,65,75,75,75,75,65,65,55,75,34],"gold":156,"neow_bonus":"","is_prod":false,"is_daily":true,"chose_seed":false,"campfire_upgraded":2,"win_rate":0,"timestamp":1534968016,"path_taken":["M","?","M","M","M","R","?","R","T","$","E","M","?","M","R","BOSS","M","M","M","M","?","E","R","M","T","?","R","?","M","$","R","BOSS","M","$","M","M","M","R","?","R","T","M","E","?","?","M","R","BOSS"],"build_version":"2018-08-21","purchased_purges":2,"victory":true,"max_hp_per_floor":[75,75,75,75,75,75,75,75,75,75,75,75,75,75,75,75,75,75,75,75,75,75,75,75,75,75,75,75,75,75,75,75,75,75,75,75,75,75,75,75,75,75,75,75,75,75,75,75,75,75],"card_choices":[{"not_picked":["Leg Sweep","Tempest"],"picked":"Scrape","floor":1},{"not_picked":["Compile Driver","Quick Slash","Power Through"],"picked":"SKIP","floor":3},{"not_picked":["PiercingWail","Hologram"],"picked":"Clash","floor":4},{"not_picked":["Conserve Battery","Iron Wave"],"picked":"Disarm","floor":5},{"not_picked":["Heel Hook","Wild Strike"],"picked":"Anger","floor":11},{"not_picked":["Cloak And Dagger","Streamline"],"picked":"Cold Snap","floor":12},{"not_picked":["Bane","Headbutt"],"picked":"Backflip","floor":14},{"not_picked":["Hyperbeam","Heavy Blade"],"picked":"Slice","floor":15},{"not_picked":["Rainbow","Electrodynamics"],"picked":"All For One","floor":16},{"not_picked":["Barrage","Blizzard"],"picked":"Self Repair","floor":18},{"not_picked":["Perfected Strike+1","Barrage+1"],"picked":"Defragment+1","floor":19},{"not_picked":["True Grit","Sweeping Beam","Lockon"],"picked":"SKIP","floor":20},{"not_picked":["Intimidate","Dagger Spray"],"picked":"White Noise","floor":21},{"not_picked":["Sucker Punch+1","Tempest+1"],"picked":"Shrug It Off+1","floor":23},{"not_picked":["Aggregate","Ball Lightning"],"picked":"Go for the Eyes","floor":24},{"not_picked":["Coolheaded","Steam"],"picked":"Rebound","floor":25},{"not_picked":["Underhanded Strike+1","Shrug It Off"],"picked":"Doppelganger","floor":28},{"not_picked":["Coolheaded+1","Sweeping Beam"],"picked":"Gash","floor":30},{"not_picked":["Core Surge","Creative AI"],"picked":"Reboot","floor":33},{"not_picked":["Gash","Clothesline"],"picked":"Sword Boomerang+1","floor":35},{"not_picked":["Recycle","Flechettes"],"picked":"Beam Cell","floor":37},{"not_picked":["Entrench+1","Cloak And Dagger","Clothesline+1"],"picked":"SKIP","floor":38},{"not_picked":["Blood for Blood","Pummel"],"picked":"White Noise+1","floor":39},{"not_picked":["Rebound","Warcry"],"picked":"White Noise","floor":40},{"not_picked":["Transmutation","The Bomb"],"picked":"Good Instincts","floor":41},{"not_picked":["Sadistic Nature","The Bomb"],"picked":"Panache","floor":41},{"not_picked":["Metamorphosis","Madness"],"picked":"Flash of Steel","floor":41},{"not_picked":["Loop","Rebound+1"],"picked":"Gash+1","floor":42},{"not_picked":["Armaments+1","Uppercut+1"],"picked":"Warcry+1","floor":44},{"not_picked":["Battle Trance+1","Ghostly Armor+1"],"picked":"Metallicize+1","floor":45},{"not_picked":["Inflame","Cloak And Dagger+1"],"picked":"Turbo+1","floor":46},{"not_picked":["Expertise+1","Calculated Gamble+1"],"picked":"Distraction+1","floor":48},{"not_picked":["Doom and Gloom","Streamline+1"],"picked":"Shrug It Off+1","floor":49}],"player_experience":180146,"relics_obtained":[{"floor":2,"key":"Mummified Hand"},{"floor":9,"key":"Ornamental Fan"},{"floor":11,"key":"Dream Catcher"},{"floor":13,"key":"Art of War"},{"floor":23,"key":"StoneCalendar"},{"floor":26,"key":"Kunai"},{"floor":43,"key":"Toxic Egg 2"},{"floor":45,"key":"Orichalcum"}],"event_choices":[{"event_name":"Living Wall","player_choice":"Change","floor":7,"damage_taken":0},{"event_name":"Designer","player_choice":"Upgrade 2 Random Cards","floor":22,"damage_taken":0},{"event_name":"N\u0027loth","player_choice":"Ignored","floor":27,"damage_taken":0},{"event_name":"The Joust","player_choice":"Bet on Murderer","floor":29,"damage_taken":0},{"event_name":"SensoryStone","player_choice":"Memory 3","floor":41,"damage_taken":0},{"event_name":"Duplicator","player_choice":"One dupe","floor":47,"damage_taken":0}],"is_beta":true,"boss_relics":[{"not_picked":["Tiny House","Eternal Feather"],"picked":"Fusion Hammer"},{"not_picked":["Busted Crown","White Beast Statue"],"picked":"Nuclear Battery"}],"items_purged_floors":[10,31],"is_endless":false,"potions_floor_spawned":[1,5,14,18,20,25,30,44,45,46],"ascension_level":0}