{"gold_per_floor":[118,118,68,83,96,96,127,150,150,150],"floor_reached":10,"playtime":295,"items_purged":[],"score":85,"play_id":"84d60540-f5f2-4d24-abdd-3c8565766d74","local_time":"20181008172730","is_ascension_mode":true,"campfire_choices":[{"data":"Envenom","floor":6,"key":"SMITH"}],"neow_cost":"","seed_source_timestamp":2159468467620116,"circlet_count":0,"master_deck":["Defend_G","Defend_G","Defend_G","Defend_G","Defend_G","Strike_G","Strike_G","Strike_G","Strike_G","Survivor","Neutralize","Poisoned Stab","Injury","Flying Knee","Envenom+1","Poisoned Stab","Deflect"],"relics":["Ring of the Snake","Golden Idol","Ornamental Fan","Pantograph"],"potions_floor_usage":[7],"damage_taken":[{"damage":0,"enemies":"2 Louse","floor":1,"turns":4},{"damage":5,"enemies":"Small Slimes","floor":4,"turns":5},{"damage":0,"enemies":"Jaw Worm","floor":5,"turns":3},{"damage":49,"enemies":"Gremlin Nob","floor":7,"turns":6},{"damage":3,"enemies":"2 Fungi Beasts","floor":8,"turns":5},{"damage":15,"enemies":"Lagavulin","floor":10,"turns":3}],"seed_played":"8709057617494476768","potions_obtained":[{"floor":4,"key":"FearPotion"},{"floor":5,"key":"EssenceOfSteel"}],"is_trial":false,"path_per_floor":["M","?","?","M","M","R","E","M","T"],"character_chosen":"THE_SILENT","items_purchased":[],"campfire_rested":0,"item_purchase_floors":[],"current_hp_per_floor":[70,70,70,65,65,65,16,13,13,0],"gold":150,"neow_bonus":"","is_prod":false,"is_daily":false,"chose_seed":false,"campfire_upgraded":1,"win_rate":0,"timestamp":1539041250,"path_taken":["M","?","?","?","M","R","E","M","T","E"],"build_version":"2018-10-04v2","purchased_purges":0,"victory":false,"max_hp_per_floor":[70,70,70,70,70,70,70,70,70,70],"card_choices":[{"not_picked":["Outmaneuver","Dagger Throw"],"picked":"Poisoned Stab","floor":1},{"not_picked":["Backflip","Underhanded Strike"],"picked":"Flying Knee","floor":4},{"not_picked":["Outmaneuver","Flying Knee"],"picked":"Envenom","floor":5},{"not_picked":["Backstab","Infinite Blades"],"picked":"Poisoned Stab","floor":7},{"not_picked":["Dagger Spray","Underhanded Strike"],"picked":"Deflect","floor":8}],"player_experience":675146,"relics_obtained":[{"floor":7,"key":"Ornamental Fan"},{"floor":9,"key":"Pantograph"}],"event_choices":[{"event_name":"Golden Idol","player_choice":"Take Wound","floor":2,"damage_taken":0},{"event_name":"The Cleric","player_choice":"Card Removal","floor":3,"damage_taken":0}],"is_beta":false,"boss_relics":[],"items_purged_floors":[],"is_endless":false,"potions_floor_spawned":[4,5],"killed_by":"Lagavulin","ascension_level":5}