{"gold_per_floor":[117,117,133,60,160,160,85,85,85,85,85,35,51,51,51,176,176,200,225,250,175,198,198,232,232,232,29,29,29,0,99,99,224,224,248,261,286,132,132,132,28,28,103,136,136,172,172],"floor_reached":47,"playtime":1659,"items_purged":["Strike_R","Strike_R"],"score":536,"play_id":"49d18365-ecbb-4985-bd23-570da14eb207","local_time":"20190106230527","is_ascension_mode":true,"campfire_choices":[{"data":"Limit Break","floor":6.0,"key":"SMITH"},{"data":"Whirlwind","floor":8.0,"key":"SMITH"},{"data":"Spot Weakness","floor":10.0,"key":"SMITH"},{"data":"Bash","floor":15.0,"key":"SMITH"},{"data":"True Grit","floor":23.0,"key":"SMITH"},{"floor":29.0,"key":"REST"},{"floor":32.0,"key":"REST"},{"data":"Double Tap","floor":40.0,"key":"SMITH"},{"floor":42.0,"key":"REST"},{"data":"Warcry","floor":45.0,"key":"SMITH"}],"neow_cost":"NONE","seed_source_timestamp":454810530593808,"circlet_count":0,"master_deck":["Strike_R","Defend_R+1","Defend_R","Defend_R","Defend_R","Bash+1","Limit Break+1","Spot Weakness+1","Headbutt","Whirlwind+1","Exhume","Sword Boomerang+1","True Grit+1","Double Tap+1","Impervious","Heavy Blade","Parasite","Warcry+1","Impervious+1","Writhe","Carnage+1"],"special_seed":0,"relics":["Burning Blood","Juzu Bracelet","Golden Idol","Cursed Key","Blood Vial","Matryoshka","Membership Card","Sozu","Medical Kit","Strange Spoon","Vajra","Mummified Hand","War Paint","Magic Flower"],"potions_floor_usage":[],"damage_taken":[{"damage":10.0,"enemies":"2 Louse","floor":1.0,"turns":3.0},{"damage":9.0,"enemies":"Cultist","floor":3.0,"turns":4.0},{"damage":3.0,"enemies":"Jaw Worm","floor":13.0,"turns":3.0},{"damage":38.0,"enemies":"Hexaghost","floor":16.0,"turns":8.0},{"damage":30.0,"enemies":"2 Thieves","floor":18.0,"turns":3.0},{"damage":0.0,"enemies":"3 Byrds","floor":19.0,"turns":3.0},{"damage":14.0,"enemies":"Centurion and Healer","floor":20.0,"turns":6.0},{"damage":12.0,"enemies":"3 Cultists","floor":22.0,"turns":3.0},{"damage":47.0,"enemies":"Slavers","floor":24.0,"turns":4.0},{"damage":24.0,"enemies":"Champ","floor":33.0,"turns":7.0},{"damage":13.0,"enemies":"Orb Walker","floor":35.0,"turns":3.0},{"damage":0.0,"enemies":"3 Shapes","floor":36.0,"turns":1.0},{"damage":40.0,"enemies":"Writhing Mass","floor":37.0,"turns":6.0},{"damage":5.0,"enemies":"Reptomancer","floor":44.0,"turns":4.0},{"damage":44.0,"enemies":"Nemesis","floor":46.0,"turns":7.0},{"damage":41,"enemies":"Maw","floor":47,"turns":5}],"seed_played":"916422480937474716","potions_obtained":[{"floor":1.0,"key":"Ancient Potion"},{"floor":3.0,"key":"Energy Potion"},{"floor":22.0,"key":"Block Potion"}],"is_trial":false,"path_per_floor":["M","$","M","$","?","R","$","R","T","R","?","?","M","?","R","B",null,"M","M","M","?","M","R","E","?","T","$","?","R","?","?","R","B",null,"M","M","M","$","?","R","$","R","T","E","R","E","M"],"character_chosen":"IRONCLAD","items_purchased":["Whirlwind","Membership Card","Medical Kit","Strange Spoon"],"campfire_rested":3,"item_purchase_floors":[4,27,38,41],"current_hp_per_floor":[76,76,73,73,73,73,73,73,73,73,53,53,56,56,56,24,80,56,62,54,54,48,48,7,7,7,7,7,31,31,31,55,39,80,73,80,46,46,46,46,46,70,70,73,73,37,0],"gold":172,"neow_bonus":"ONE_RANDOM_RARE_CARD","is_prod":false,"is_daily":false,"chose_seed":false,"campfire_upgraded":7,"win_rate":0,"timestamp":1546844727,"path_taken":["M","$","M","$","?","R","?","R","T","R","?","?","M","?","R","BOSS","M","M","M","?","M","R","E","?","T","$","?","R","?","?","R","BOSS","M","M","M","$","?","R","$","R","T","E","R","E","M"],"build_version":"2019-01-03v4","purchased_purges":2,"victory":false,"max_hp_per_floor":[80,80,80,80,80,80,80,80,80,80,80,80,80,80,80,80,80,80,80,80,80,80,80,80,80,80,80,80,80,80,80,80,80,80,80,80,80,80,80,80,80,80,80,80,80,80,80],"card_choices":[{"not_picked":["Feel No Pain","Twin Strike"],"picked":"Spot Weakness","floor":1.0},{"not_picked":["Dual Wield","Cleave"],"picked":"Headbutt","floor":3.0},{"not_picked":["Metallicize","Thunderclap","Heavy Blade"],"picked":"SKIP","floor":13.0},{"not_picked":["Bludgeon","Berserk"],"picked":"Exhume","floor":16.0},{"not_picked":["Anger+1","Iron Wave+1"],"picked":"Sword Boomerang+1","floor":18.0},{"not_picked":["Whirlwind","Clothesline"],"picked":"True Grit","floor":19.0},{"not_picked":["Headbutt","Sword Boomerang"],"picked":"Double Tap","floor":20.0},{"not_picked":["Havoc","Body Slam","Corruption"],"picked":"SKIP","floor":22.0},{"not_picked":["Sword Boomerang+1","Clothesline","Cleave"],"picked":"SKIP","floor":24.0},{"not_picked":["Demon Form","Barricade"],"picked":"Impervious","floor":33.0},{"not_picked":["Anger+1","Clothesline+1","Sword Boomerang+1"],"picked":"SKIP","floor":35.0},{"not_picked":["Dropkick","Armaments+1"],"picked":"Heavy Blade","floor":36.0},{"not_picked":["Body Slam+1","Spot Weakness"],"picked":"Warcry","floor":37.0},{"not_picked":["Heavy Blade","Evolve+1","Warcry"],"picked":"SKIP","floor":44.0},{"not_picked":["Dropkick","Infernal Blade"],"picked":"Carnage+1","floor":46.0}],"player_experience":152414,"relics_obtained":[{"floor":9.0,"key":"Juzu Bracelet"},{"floor":24.0,"key":"Blood Vial"},{"floor":26.0,"key":"Matryoshka"},{"floor":43.0,"key":"Vajra"},{"floor":43.0,"key":"Mummified Hand"},{"floor":44.0,"key":"War Paint"},{"floor":46.0,"key":"Magic Flower"}],"event_choices":[{"damage_healed":0.0,"max_hp_gain":0.0,"max_hp_loss":0.0,"gold_gain":100.0,"event_name":"Golden Shrine","player_choice":"Pray","floor":5.0,"gold_loss":0.0,"damage_taken":0.0},{"damage_healed":0.0,"max_hp_gain":0.0,"max_hp_loss":0.0,"gold_gain":0.0,"event_name":"Golden Idol","player_choice":"Take Damage","floor":11.0,"gold_loss":0.0,"damage_taken":20.0,"relics_obtained":["Golden Idol"]},{"cards_removed":["Strike_R"],"damage_healed":0.0,"max_hp_gain":0.0,"max_hp_loss":0.0,"gold_gain":0.0,"event_name":"The Cleric","player_choice":"Card Removal","floor":12.0,"gold_loss":50.0,"damage_taken":0.0},{"damage_healed":0.0,"max_hp_gain":0.0,"max_hp_loss":0.0,"gold_gain":0.0,"event_name":"The Woman in Blue","player_choice":"Bought 0 Potions","floor":14.0,"gold_loss":0.0,"damage_taken":0.0},{"cards_removed":["Strike_R"],"damage_healed":0.0,"max_hp_gain":0.0,"max_hp_loss":0.0,"gold_gain":0.0,"event_name":"Beggar","player_choice":"Gave Gold","floor":21.0,"gold_loss":75.0,"damage_taken":0.0},{"damage_healed":0.0,"max_hp_gain":0.0,"max_hp_loss":0.0,"gold_gain":0.0,"event_name":"Cursed Tome","player_choice":"Ignored","floor":25.0,"gold_loss":0.0,"damage_taken":0.0},{"cards_removed":["Doubt"],"damage_healed":0.0,"max_hp_gain":0.0,"max_hp_loss":0.0,"gold_gain":0.0,"event_name":"Purifier","player_choice":"Purged","floor":28.0,"gold_loss":0.0,"damage_taken":0.0},{"damage_healed":0.0,"max_hp_gain":0.0,"max_hp_loss":0.0,"gold_gain":0.0,"event_name":"Masked Bandits","player_choice":"Paid Fearfully","floor":30.0,"gold_loss":29.0,"damage_taken":0.0},{"damage_healed":0.0,"max_hp_gain":0.0,"max_hp_loss":0.0,"gold_gain":99.0,"event_name":"Nest","player_choice":"Stole From Cult","floor":31.0,"gold_loss":0.0,"damage_taken":0.0},{"damage_healed":0.0,"max_hp_gain":0.0,"max_hp_loss":0.0,"gold_gain":0.0,"event_name":"Duplicator","player_choice":"Copied","floor":39.0,"gold_loss":0.0,"damage_taken":0.0,"cards_obtained":["Impervious"]}],"is_beta":false,"boss_relics":[{"not_picked":["Ectoplasm","Empty Cage"],"picked":"Cursed Key"},{"not_picked":["Black Star","Velvet Choker"],"picked":"Sozu"}],"items_purged_floors":[7,38],"is_endless":false,"potions_floor_spawned":[1,3,22,37,44],"killed_by":"Maw","ascension_level":1}