{"gold_per_floor":[119,294,306,16,16,26,46,46,46,79,79,109,125,144,144,246,246,263,263,263,282,101,126,126,144,144,144,171,171,21,54,54,150,150,170,170,186,0,11,11],"floor_reached":40,"playtime":4264,"items_purged":["Doubt"],"score":529,"play_id":"3e907649-ea73-4c41-8472-49b1451b1ae0","local_time":"20181025192359","is_ascension_mode":false,"campfire_choices":[{"data":"Noxious Fumes","floor":8,"key":"SMITH"},{"data":"Crippling Poison","floor":11,"key":"SMITH"},{"floor":15,"key":"REST"},{"floor":29,"key":"REST"},{"data":"Burst","floor":32,"key":"SMITH"}],"neow_cost":"NONE","seed_source_timestamp":1298463786712045,"circlet_count":0,"master_deck":["Defend_G","Defend_G","Defend_G","Defend_G","Defend_G","Strike_G","Strike_G","Strike_G","Strike_G","Strike_G","Survivor","Neutralize","Noxious Fumes+1","Deadly Poison","Burst+1","Flying Knee","Dagger Spray","Crippling Poison+1","Adrenaline","Blur","Flying Knee","Venomology","Flying Knee+1","Necronomicurse","Caltrops+1","Deadly Poison","Skewer","Poisoned Stab","Writhe","Prepared","Envenom","Dash","Bullet Time","Blur","Panacea","Dodge and Roll+1","Dagger Spray"],"relics":["Ring of the Snake","Pen Nib","Darkstone Periapt","Paper Crane","Lantern","Mummified Hand","Black Star","Necronomicon","Bottled Tornado","Pear","Bag of Preparation","Matryoshka","Juzu Bracelet","Art of War","Oddly Smooth Stone","Pantograph","Bottled Flame","Velvet Choker","Red Mask"],"potions_floor_usage":[16,21,21,23,28,28,28,33,33,33,33,37,40,40,40],"damage_taken":[{"damage":3,"enemies":"Jaw Worm","floor":1,"turns":6},{"damage":1,"enemies":"Cultist","floor":3,"turns":5},{"damage":0,"enemies":"2 Louse","floor":6,"turns":2},{"damage":5,"enemies":"2 Fungi Beasts","floor":7,"turns":4},{"damage":20,"enemies":"Gremlin Nob","floor":10,"turns":5},{"damage":7,"enemies":"3 Sentries","floor":12,"turns":5},{"damage":3,"enemies":"Large Slime","floor":13,"turns":5},{"damage":0,"enemies":"Blue Slaver","floor":14,"turns":3},{"damage":30,"enemies":"Slime Boss","floor":16,"turns":7},{"damage":9,"enemies":"3 Byrds","floor":18,"turns":4},{"damage":0,"enemies":"Spheric Guardian","floor":21,"turns":3},{"damage":21,"enemies":"Gremlin Leader","floor":23,"turns":5},{"damage":9,"enemies":"3 Cultists","floor":25,"turns":4},{"damage":39,"enemies":"Slavers","floor":28,"turns":4},{"damage":0,"enemies":"Gremlin Leader","floor":31,"turns":4},{"damage":26,"enemies":"Collector","floor":33,"turns":7},{"damage":19,"enemies":"3 Shapes","floor":35,"turns":5},{"damage":18,"enemies":"Orb Walker","floor":37,"turns":3},{"damage":22,"enemies":"Transient","floor":39,"turns":5},{"damage":62,"enemies":"Reptomancer","floor":40,"turns":3}],"seed_played":"-2618048945030932502","potions_obtained":[{"floor":1,"key":"Block Potion"},{"floor":6,"key":"AttackPotion"},{"floor":10,"key":"Strength Potion"},{"floor":18,"key":"Block Potion"},{"floor":23,"key":"Explosive Potion"},{"floor":25,"key":"Weak Potion"},{"floor":37,"key":"LiquidBronze"},{"floor":39,"key":"Poison Potion"}],"is_trial":false,"path_per_floor":["M","?","M","$","T","M","M","R","T","E","R","E","M","M","R","B",null,"M","?","?","M","$","E","?","M","T","?","E","R","$","E","R","B",null,"M","?","M","?","M"],"character_chosen":"THE_SILENT","items_purchased":["Pen Nib","Burst","Deadly Poison","Skewer","Oddly Smooth Stone"],"campfire_rested":2,"item_purchase_floors":[4,4,22,22,30],"current_hp_per_floor":[74,74,73,73,73,73,68,68,68,48,48,41,38,38,61,31,77,68,58,83,83,83,72,78,69,69,69,30,59,59,59,59,58,99,80,80,62,62,40,0],"gold":11,"neow_bonus":"TEN_PERCENT_HP_BONUS","is_prod":false,"is_daily":false,"chose_seed":false,"campfire_upgraded":3,"win_rate":0,"timestamp":1540517039,"path_taken":["M","?","M","$","?","M","M","R","T","E","R","E","M","M","R","BOSS","M","?","?","M","?","E","?","M","T","?","E","R","$","E","R","BOSS","M","?","M","?","M","E"],"build_version":"2018-10-25","purchased_purges":1,"victory":false,"max_hp_per_floor":[77,77,77,77,77,77,77,77,77,77,77,77,77,77,77,77,77,77,83,83,83,83,93,99,99,99,99,99,99,99,99,99,99,99,99,99,99,99,99,99],"card_choices":[{"not_picked":["Leg Sweep","Riddle With Holes"],"picked":"Noxious Fumes","floor":1},{"not_picked":["Prepared","Blade Dance"],"picked":"Deadly Poison","floor":3},{"not_picked":["Acrobatics","Expertise"],"picked":"Flying Knee","floor":6},{"not_picked":["Terror","Cloak And Dagger"],"picked":"Dagger Spray","floor":7},{"not_picked":["Finisher","Flying Knee"],"picked":"Crippling Poison","floor":10},{"not_picked":["Prepared","Dodge and Roll"],"picked":"Adrenaline","floor":12},{"not_picked":["Flying Knee","Deflect"],"picked":"Blur","floor":13},{"not_picked":["Distraction","Cloak And Dagger"],"picked":"Flying Knee","floor":14},{"not_picked":["Wraith Form v2","Night Terror"],"picked":"Venomology","floor":16},{"not_picked":["Predator","Blade Dance"],"picked":"Flying Knee+1","floor":18},{"not_picked":["Distraction","Deflect"],"picked":"Caltrops+1","floor":21},{"not_picked":["Cloak And Dagger","Dagger Spray"],"picked":"Poisoned Stab","floor":23},{"not_picked":["Terror+1","Setup"],"picked":"Prepared","floor":25},{"not_picked":["Blade Dance","Dagger Throw"],"picked":"Envenom","floor":28},{"not_picked":["Eviscerate","Accuracy+1"],"picked":"Dash","floor":31},{"not_picked":["Envenom","Night Terror"],"picked":"Bullet Time","floor":33},{"not_picked":["Cloak And Dagger","Backflip"],"picked":"Blur","floor":35},{"not_picked":["Blind","Metamorphosis"],"picked":"Panacea","floor":36},{"not_picked":["Calculated Gamble","Well Laid Plans+1"],"picked":"Dodge and Roll+1","floor":37},{"not_picked":["Finisher","Cloak And Dagger+1"],"picked":"Dagger Spray","floor":39}],"player_experience":840539,"relics_obtained":[{"floor":5,"key":"Darkstone Periapt"},{"floor":9,"key":"Paper Crane"},{"floor":10,"key":"Lantern"},{"floor":12,"key":"Mummified Hand"},{"floor":19,"key":"Necronomicon"},{"floor":23,"key":"Bottled Tornado"},{"floor":23,"key":"Pear"},{"floor":26,"key":"Matryoshka"},{"floor":28,"key":"Juzu Bracelet"},{"floor":28,"key":"Art of War"},{"floor":31,"key":"Pantograph"},{"floor":31,"key":"Bottled Flame"}],"event_choices":[{"damage_healed":0,"gold_gain":175,"player_choice":"AGREE","damage_taken":0,"max_hp_gain":0,"max_hp_loss":0,"event_name":"Liars Game","floor":2,"gold_loss":0,"cards_obtained":["Doubt"]},{"damage_healed":0,"gold_gain":0,"player_choice":"Obtained Book","damage_taken":16,"max_hp_gain":0,"max_hp_loss":0,"event_name":"Cursed Tome","floor":19,"gold_loss":0},{"damage_healed":27,"gold_gain":0,"player_choice":"Heal","damage_taken":0,"max_hp_gain":0,"max_hp_loss":0,"event_name":"The Library","floor":20,"gold_loss":0},{"damage_healed":0,"gold_gain":0,"player_choice":"Opened","damage_taken":0,"relics_obtained":["Bag of Preparation"],"max_hp_gain":0,"max_hp_loss":0,"event_name":"The Mausoleum","floor":24,"gold_loss":0,"cards_obtained":["Writhe"]},{"damage_healed":0,"gold_gain":0,"player_choice":"Ignored","damage_taken":0,"max_hp_gain":0,"max_hp_loss":0,"event_name":"Ghosts","floor":27,"gold_loss":0},{"damage_healed":0,"gold_gain":0,"player_choice":"Memory 1","damage_taken":0,"max_hp_gain":0,"max_hp_loss":0,"event_name":"SensoryStone","floor":36,"gold_loss":0},{"damage_healed":0,"gold_gain":0,"player_choice":"Paid","damage_taken":0,"relics_obtained":["Red Mask"],"max_hp_gain":0,"max_hp_loss":0,"event_name":"Tomb of Lord Red Mask","floor":38,"gold_loss":186}],"is_beta":false,"boss_relics":[{"not_picked":["Ring of the Serpent","Sozu"],"picked":"Black Star"},{"not_picked":["Philosopher\u0027s Stone","Cursed Key"],"picked":"Velvet Choker"}],"items_purged_floors":[22],"is_endless":false,"potions_floor_spawned":[1,6,10,14,18,23,25,37,39],"killed_by":"Reptomancer","ascension_level":0}