{"gold_per_floor":[118,129,148,161,161,161,181,195,266,279,32,107,123,143,143,242,242,261,280,297,178,178,178,190,209,236,236,236,236],"floor_reached":29,"playtime":1144,"items_purged":[],"score":223,"play_id":"5ea08e42-cdda-45eb-8dc7-97b92c1e340c","local_time":"20190325115251","is_ascension_mode":false,"campfire_choices":[{"data":"Shockwave","floor":6.0,"key":"SMITH"},{"data":"Armaments","floor":15.0,"key":"SMITH"},{"data":"Demon Form","floor":23.0,"key":"SMITH"}],"neow_cost":"NONE","seed_source_timestamp":445078295555841,"circlet_count":0,"master_deck":["Strike_R","Strike_R","Strike_R","Strike_R","Strike_R","Defend_R","Defend_R","Defend_R","Defend_R","Bash","Uppercut","Metallicize","Shockwave+1","Pommel Strike","Spot Weakness","Clothesline","Double Tap","Armaments+1","Deep Breath","Pommel Strike","Demon Form+1","Body Slam+1","Sword Boomerang+1","Uppercut","True Grit","RitualDagger","Anger"],"special_seed":0,"relics":["Burning Blood"],"potions_floor_usage":[29],"damage_taken":[{"damage":6.0,"enemies":"Jaw Worm","floor":1.0,"turns":3.0},{"damage":3.0,"enemies":"2 Louse","floor":2.0,"turns":3.0},{"damage":1.0,"enemies":"Cultist","floor":3.0,"turns":4.0},{"damage":7.0,"enemies":"Red Slaver","floor":4.0,"turns":6.0},{"damage":21.0,"enemies":"Exordium Thugs","floor":7.0,"turns":4.0},{"damage":4.0,"enemies":"3 Louse","floor":8.0,"turns":4.0},{"damage":8.0,"enemies":"2 Fungi Beasts","floor":10.0,"turns":5.0},{"damage":12.0,"enemies":"Blue Slaver","floor":13.0,"turns":3.0},{"damage":20.0,"enemies":"Lots of Slimes","floor":14.0,"turns":6.0},{"damage":20.0,"enemies":"Hexaghost","floor":16.0,"turns":10.0},{"damage":5.0,"enemies":"Chosen","floor":18.0,"turns":6.0},{"damage":9.0,"enemies":"Shell Parasite","floor":19.0,"turns":5.0},{"damage":21.0,"enemies":"Shelled Parasite and Fungi","floor":20.0,"turns":6.0},{"damage":26.0,"enemies":"Snake Plant","floor":24.0,"turns":4.0},{"damage":36.0,"enemies":"3 Cultists","floor":25.0,"turns":6.0},{"damage":19,"enemies":"Cultist and Chosen","floor":29,"turns":5}],"seed_played":"-8360568508167290239","potions_obtained":[{"floor":1.0,"key":"LiquidBronze"},{"floor":7.0,"key":"LiquidBronze"},{"floor":8.0,"key":"SpeedPotion"},{"floor":10.0,"key":"Weak Potion"},{"floor":14.0,"key":"SkillPotion"},{"floor":19.0,"key":"SteroidPotion"},{"floor":20.0,"key":"Energy Potion"}],"is_trial":false,"path_per_floor":["M","M","M","M","?","R","M","M","T","M","$","?","M","M","R","B",null,"M","M","M","$","?","R","M","M","T","?","?","M"],"character_chosen":"IRONCLAD","items_purchased":["Armaments","Deep Breath","Fruit Juice","Uppercut","True Grit"],"campfire_rested":0,"item_purchase_floors":[11,11,11,21,21],"current_hp_per_floor":[88,88,88,87,87,87,72,74,74,72,77,66,60,46,46,32,93,93,90,75,75,69,69,49,19,19,19,19,0],"gold":236,"neow_bonus":"TEN_PERCENT_HP_BONUS","is_prod":false,"is_daily":false,"chose_seed":false,"campfire_upgraded":3,"win_rate":0,"timestamp":1553536371,"path_taken":["M","M","M","M","?","R","M","M","T","M","$","?","M","M","R","BOSS","M","M","M","$","?","R","M","M","T","?","?","M"],"build_version":"2019-01-23","purchased_purges":0,"victory":false,"max_hp_per_floor":[88,88,88,88,88,88,88,88,88,88,93,93,93,93,93,93,93,93,93,93,93,93,93,93,93,93,93,93,93],"card_choices":[{"not_picked":["Havoc","Pummel"],"picked":"Uppercut","floor":1.0},{"not_picked":["Searing Blow","Twin Strike"],"picked":"Metallicize","floor":2.0},{"not_picked":["Armaments","Inflame"],"picked":"Shockwave","floor":3.0},{"not_picked":["Flex","Warcry"],"picked":"Pommel Strike","floor":4.0},{"not_picked":["Warcry","Dual Wield"],"picked":"Spot Weakness","floor":7.0},{"not_picked":["Twin Strike","Hemokinesis"],"picked":"Clothesline","floor":8.0},{"not_picked":["Perfected Strike","Iron Wave"],"picked":"Double Tap","floor":10.0},{"not_picked":["Cleave","Infernal Blade"],"picked":"Pommel Strike","floor":13.0},{"not_picked":["Warcry","Heavy Blade","Iron Wave"],"picked":"SKIP","floor":14.0},{"not_picked":["Feed","Double Tap"],"picked":"Demon Form","floor":16.0},{"not_picked":["Heavy Blade","Headbutt"],"picked":"Body Slam+1","floor":18.0},{"not_picked":["Body Slam","Rampage","Sword Boomerang"],"picked":"SKIP","floor":19.0},{"not_picked":["Cleave","Perfected Strike"],"picked":"Sword Boomerang+1","floor":20.0},{"not_picked":["Warcry+1","Dual Wield+1","Hemokinesis"],"picked":"SKIP","floor":24.0},{"not_picked":["Flex+1","Cleave+1"],"picked":"Anger","floor":25.0}],"player_experience":1691717,"relics_obtained":[],"event_choices":[{"damage_healed":0.0,"max_hp_gain":0.0,"max_hp_loss":0.0,"gold_gain":0.0,"event_name":"Golden Idol","player_choice":"Ignored","floor":5.0,"gold_loss":0.0,"damage_taken":0.0},{"damage_healed":0.0,"max_hp_gain":0.0,"max_hp_loss":0.0,"gold_gain":75.0,"event_name":"World of Goop","player_choice":"Gather Gold","floor":12.0,"gold_loss":0.0,"damage_taken":11.0},{"damage_healed":0.0,"max_hp_gain":0.0,"max_hp_loss":0.0,"gold_gain":0.0,"event_name":"Nest","player_choice":"Joined the Cult","floor":22.0,"gold_loss":0.0,"damage_taken":6.0,"cards_obtained":["RitualDagger"]},{"damage_healed":0.0,"max_hp_gain":0.0,"max_hp_loss":0.0,"gold_gain":0.0,"event_name":"The Mausoleum","player_choice":"Ignored","floor":27.0,"gold_loss":0.0,"damage_taken":0.0},{"damage_healed":0.0,"max_hp_gain":0.0,"max_hp_loss":0.0,"gold_gain":0.0,"event_name":"Ghosts","player_choice":"Ignored","floor":28.0,"gold_loss":0.0,"damage_taken":0.0}],"is_beta":false,"boss_relics":[{"not_picked":["Ectoplasm","Lizard Tail","Mark of Pain"]}],"items_purged_floors":[],"is_endless":false,"potions_floor_spawned":[1,7,8,10,14,19,20],"killed_by":"Cultist and Chosen","ascension_level":0}