{"gold_per_floor":[113,131,206,206,206,206,239,239,239,166,166,184,25,59,59,160,160,180,180,214,224,224,224,251,251,329,343,359,359,393,412,412,517,517,530,544,599,599,821,850,866,866,866,885,885,191,226,226,226,226],"floor_reached":51,"playtime":2096,"items_purged":["Pain","Decay"],"score":1229,"play_id":"694f7943-04d0-4743-adeb-980f4eb7cc1f","local_time":"20181029162940","is_ascension_mode":true,"campfire_choices":[{"floor":6,"key":"REST"},{"data":"Entrench","floor":8,"key":"SMITH"},{"floor":15,"key":"REST"},{"data":"J.A.X.","floor":23,"key":"SMITH"},{"data":"Shrug It Off","floor":25,"key":"SMITH"},{"floor":29,"key":"REST"},{"data":"Exhume","floor":32,"key":"SMITH"},{"data":"Flex","floor":42,"key":"SMITH"},{"data":"Offering","floor":45,"key":"SMITH"},{"data":"Battle Trance","floor":49,"key":"SMITH"}],"neow_cost":"NONE","seed_source_timestamp":1635729612733696,"circlet_count":0,"master_deck":["Strike_R+1","Strike_R+1","Strike_R+1","Strike_R+1","Strike_R+1","Defend_R+1","Defend_R+1","Defend_R+1","Defend_R+1","Bash","Havoc+1","Pommel Strike","Entrench+1","Iron Wave","Flex+1","Reaper","Feed","Offering+1","Iron Wave+1","Shrug It Off+1","Body Slam+1","J.A.X.+1","Uppercut+1","Exhume+1","Sword Boomerang","Spot Weakness+1","Iron Wave+1","Immolate","Wild Strike","Warcry+1","Battle Trance+1","Violence","Twin Strike+1","Flex","Clumsy","Shrug It Off","Hemokinesis+1"],"relics":["Black Blood","Bronze Scales","WarpedTongs","Smiling Mask","War Paint","PreservedInsect","Matryoshka","Cursed Key","Red Mask","Mummified Hand","Meat on the Bone","Kunai","Frozen Egg 2","Ice Cream","Singing Bowl","Bag of Preparation","Bottled Lightning","Unceasing Top","ClockworkSouvenir","Pen Nib","Turnip"],"potions_floor_usage":[16,24,33,33,41,41,41,50,50],"damage_taken":[{"damage":9,"enemies":"Jaw Worm","floor":1,"turns":3},{"damage":11,"enemies":"2 Louse","floor":2,"turns":3},{"damage":26,"enemies":"Gremlin Nob","floor":7,"turns":4},{"damage":0,"enemies":"Small Slimes","floor":12,"turns":3},{"damage":4,"enemies":"Lagavulin","floor":14,"turns":4},{"damage":48,"enemies":"Hexaghost","floor":16,"turns":10},{"damage":19,"enemies":"3 Byrds","floor":18,"turns":3},{"damage":17,"enemies":"Masked Bandits","floor":20,"turns":6},{"damage":13,"enemies":"Chosen","floor":21,"turns":4},{"damage":9,"enemies":"Slavers","floor":24,"turns":3},{"damage":7,"enemies":"Snake Plant","floor":27,"turns":3},{"damage":13,"enemies":"Snecko","floor":28,"turns":5},{"damage":9,"enemies":"Gremlin Leader","floor":30,"turns":3},{"damage":9,"enemies":"Chosen and Byrds","floor":31,"turns":3},{"damage":25,"enemies":"Collector","floor":33,"turns":4},{"damage":23,"enemies":"3 Shapes","floor":35,"turns":3},{"damage":5,"enemies":"Orb Walker","floor":36,"turns":3},{"damage":23,"enemies":"2 Orb Walkers","floor":37,"turns":4},{"damage":16,"enemies":"Giant Head","floor":40,"turns":5},{"damage":12,"enemies":"Jaw Worm Horde","floor":41,"turns":4},{"damage":20,"enemies":"Sphere and 2 Shapes","floor":44,"turns":4},{"damage":9,"enemies":"Reptomancer","floor":47,"turns":3},{"damage":73,"enemies":"Awakened One","floor":50,"turns":8}],"seed_played":"155389454542447897","potions_obtained":[{"floor":1,"key":"GamblersBrew"},{"floor":2,"key":"SkillPotion"},{"floor":21,"key":"Regen Potion"},{"floor":24,"key":"EssenceOfSteel"},{"floor":27,"key":"SteroidPotion"},{"floor":30,"key":"AttackPotion"},{"floor":31,"key":"Poison Potion"},{"floor":37,"key":"EssenceOfSteel"},{"floor":40,"key":"PowerPotion"},{"floor":47,"key":"BloodPotion"},{"floor":48,"key":"Regen Potion"},{"floor":48,"key":"FairyPotion"}],"is_trial":false,"path_per_floor":["M","M","?","?","T","R","E","R","T","$","?","M","$","E","R","B",null,"M","?","?","M","?","R","E","R","T","M","M","R","E","M","R","B",null,"M","M","?","?","?","E","M","R","T","M","R","$","E","?","R","B"],"character_chosen":"IRONCLAD","items_purchased":["Iron Wave","Reaper","Unceasing Top","ClockworkSouvenir","Pen Nib"],"campfire_rested":3,"item_purchase_floors":[10,13,46,46,46],"current_hp_per_floor":[69,64,53,53,53,77,57,57,57,57,41,47,47,57,80,47,72,68,68,61,68,68,68,74,74,74,73,77,92,92,95,95,87,93,84,93,90,90,90,106,110,110,110,100,100,100,101,101,101,85],"gold":226,"neow_bonus":"RANDOM_COMMON_RELIC","is_prod":false,"is_daily":false,"chose_seed":false,"campfire_upgraded":7,"win_rate":0,"timestamp":1540852180,"path_taken":["M","M","?","?","?","R","E","R","T","$","?","?","$","E","R","BOSS","M","?","?","?","?","R","E","R","T","?","M","R","E","M","R","BOSS","M","M","?","?","?","E","M","R","T","M","R","$","E","?","R","BOSS"],"build_version":"2018-10-25v2","purchased_purges":2,"victory":true,"max_hp_per_floor":[80,80,80,80,80,80,80,80,80,80,80,80,80,80,80,80,80,80,80,84,88,88,88,88,88,88,88,92,92,92,95,95,95,95,99,103,103,103,103,106,110,110,110,110,110,110,110,110,110,110],"card_choices":[{"not_picked":["Hemokinesis","Shockwave"],"picked":"Havoc","floor":1},{"not_picked":["Headbutt","Carnage"],"picked":"Pommel Strike","floor":2},{"not_picked":["Sentinel","Blood for Blood"],"picked":"Entrench","floor":7},{"not_picked":["Sentinel","Anger"],"picked":"Flex","floor":12},{"not_picked":["Thunderclap","Clothesline"],"picked":"Feed","floor":14},{"not_picked":["Brutality","Berserk"],"picked":"Offering","floor":16},{"not_picked":["Warcry","Anger"],"picked":"Iron Wave+1","floor":18},{"not_picked":["Anger+1","Shockwave"],"picked":"Shrug It Off","floor":20},{"not_picked":["Armaments","Second Wind"],"picked":"Body Slam+1","floor":21},{"not_picked":["Iron Wave+1","Warcry+1"],"picked":"Uppercut+1","floor":24},{"not_picked":["Iron Wave","Infernal Blade"],"picked":"Exhume","floor":27},{"not_picked":["Sever Soul","Clothesline"],"picked":"Sword Boomerang","floor":28},{"not_picked":["Clothesline","Uppercut"],"picked":"Spot Weakness+1","floor":30},{"not_picked":["Warcry","Spot Weakness+1"],"picked":"Iron Wave+1","floor":31},{"not_picked":["Dark Embrace+1","Berserk+1"],"picked":"Immolate","floor":33},{"not_picked":["Anger","Iron Wave"],"picked":"Wild Strike","floor":35},{"not_picked":["Cleave+1","Exhume"],"picked":"Warcry+1","floor":36},{"not_picked":["Headbutt+1","True Grit"],"picked":"Battle Trance","floor":37},{"not_picked":["Sadistic Nature+1","Good Instincts"],"picked":"Violence","floor":38},{"not_picked":["Clothesline+1","Offering"],"picked":"Twin Strike+1","floor":40},{"not_picked":["Pommel Strike","Clash"],"picked":"Flex","floor":41},{"not_picked":["Anger","Heavy Blade+1"],"picked":"Shrug It Off","floor":44},{"not_picked":["Clash","Heavy Blade+1"],"picked":"Hemokinesis+1","floor":47}],"player_experience":6103,"relics_obtained":[{"floor":5,"key":"Smiling Mask"},{"floor":7,"key":"War Paint"},{"floor":9,"key":"PreservedInsect"},{"floor":14,"key":"Matryoshka"},{"floor":20,"key":"Red Mask"},{"floor":24,"key":"Mummified Hand"},{"floor":26,"key":"Meat on the Bone"},{"floor":26,"key":"Kunai"},{"floor":30,"key":"Frozen Egg 2"},{"floor":37,"key":"Ice Cream"},{"floor":40,"key":"Singing Bowl"},{"floor":43,"key":"Bag of Preparation"},{"floor":43,"key":"Bottled Lightning"},{"floor":47,"key":"Turnip"}],"event_choices":[{"damage_healed":0,"gold_gain":75,"player_choice":"Gather Gold","damage_taken":11,"max_hp_gain":0,"max_hp_loss":0,"event_name":"World of Goop","floor":3,"gold_loss":0},{"damage_healed":0,"gold_gain":0,"player_choice":"Rummage","damage_taken":0,"relics_obtained":["WarpedTongs"],"max_hp_gain":0,"max_hp_loss":0,"event_name":"Accursed Blacksmith","floor":4,"gold_loss":0,"cards_obtained":["Pain"]},{"damage_healed":0,"gold_gain":0,"player_choice":"Entered Light","damage_taken":16,"max_hp_gain":0,"max_hp_loss":0,"event_name":"Shining Light","floor":11,"gold_loss":0,"cards_upgraded":["Strike_R","Defend_R"]},{"damage_healed":0,"gold_gain":0,"player_choice":"Simplicity","damage_taken":0,"max_hp_gain":0,"max_hp_loss":0,"event_name":"Back to Basics","floor":19,"gold_loss":0,"cards_upgraded":["Strike_R","Strike_R","Strike_R","Strike_R","Defend_R","Defend_R"]},{"damage_healed":0,"gold_gain":0,"player_choice":"Fought Bandits","damage_taken":0,"max_hp_gain":0,"max_hp_loss":0,"event_name":"Masked Bandits","floor":20,"gold_loss":0},{"damage_healed":0,"gold_gain":0,"player_choice":"Obtain J.A.X.","damage_taken":0,"max_hp_gain":0,"max_hp_loss":0,"event_name":"Drug Dealer","floor":22,"gold_loss":0,"cards_obtained":["J.A.X."]},{"damage_healed":0,"gold_gain":0,"player_choice":"Fight","damage_taken":0,"max_hp_gain":0,"max_hp_loss":0,"event_name":"Mysterious Sphere","floor":37,"gold_loss":0},{"damage_healed":0,"gold_gain":0,"player_choice":"Memory 1","damage_taken":0,"max_hp_gain":0,"max_hp_loss":0,"event_name":"SensoryStone","floor":38,"gold_loss":0},{"damage_healed":0,"gold_gain":222,"player_choice":"Wore Mask","damage_taken":0,"max_hp_gain":0,"max_hp_loss":0,"event_name":"Tomb of Lord Red Mask","floor":39,"gold_loss":0},{"damage_healed":0,"gold_gain":0,"player_choice":"Got Potions","damage_taken":0,"max_hp_gain":0,"max_hp_loss":0,"event_name":"The Lab","floor":48,"gold_loss":0}],"is_beta":false,"boss_relics":[{"not_picked":["Snecko Eye","Orrery"],"picked":"Cursed Key"},{"not_picked":["Busted Crown","White Beast Statue"],"picked":"Black Blood"}],"items_purged_floors":[10,46],"is_endless":false,"potions_floor_spawned":[1,2,21,24,27,30,31,37,40,47],"ascension_level":7}