{"gold_per_floor":[119,131,144,154,166,166,166,166,166,19,51,51,81,92,92,169,169,180,9,29,39,39,39,68,68,92,117,130,142,29,54,54,132,132,148,248,88,103,116,116,132,147,192,102,118,118,148,23,23,23,23,23,23,57,57],"floor_reached":56,"playtime":4678,"items_purged":["Strike_G","Strike_G","Dash"],"score":1906,"play_id":"b5d86e7f-1375-4cf1-9dfb-bff8d4eb53cc","local_time":"20190405134943","is_ascension_mode":true,"campfire_choices":[{"data":"Crippling Poison","floor":6,"key":"SMITH"},{"data":"Dagger Spray","floor":8,"key":"SMITH"},{"data":"Neutralize","floor":12,"key":"SMITH"},{"data":"Cloak And Dagger","floor":15,"key":"SMITH"},{"data":"Noxious Fumes","floor":23,"key":"SMITH"},{"floor":32,"key":"REST"},{"data":"Cloak And Dagger","floor":40,"key":"SMITH"},{"floor":46,"key":"REST"},{"floor":49,"key":"RECALL"},{"data":"After Image","floor":52,"key":"SMITH"}],"neow_cost":"NONE","seed_source_timestamp":1775798680801527,"circlet_count":0,"master_deck":["AscendersBane","Defend_G","Defend_G","Defend_G","Defend_G","Defend_G","Survivor","Neutralize+1","Crippling Poison+1","Dagger Spray+1","Leg Sweep","Backflip+1","Adrenaline","Cloak And Dagger+1","Dagger Spray","After Image+1","Cloak And Dagger+1","Noxious Fumes+1","Footwork","Leg Sweep","Deflect","Infinite Blades","Endless Agony+1","Infinite Blades+1","Predator+1","Finisher+1","Caltrops+1","Well Laid Plans"],"relics":["Ring of the Snake","Kunai","Dodecahedron","Mercury Hourglass","Bronze Scales","Busted Crown","Ornamental Fan","Question Card","Regal Pillow","Molten Egg 2","Orichalcum","Astrolabe","Ninja Scroll","Blood Vial"],"potions_floor_usage":[13,24,33,55],"damage_taken":[{"damage":12,"enemies":"Cultist","floor":1,"turns":7},{"damage":1,"enemies":"Jaw Worm","floor":2,"turns":6},{"damage":1,"enemies":"Small Slimes","floor":3,"turns":4},{"damage":17,"enemies":"Exordium Thugs","floor":4,"turns":6},{"damage":7,"enemies":"Lots of Slimes","floor":5,"turns":2},{"damage":6,"enemies":"Lagavulin","floor":11,"turns":11},{"damage":10,"enemies":"Gremlin Nob","floor":13,"turns":4},{"damage":0,"enemies":"Blue Slaver","floor":14,"turns":3},{"damage":0,"enemies":"The Guardian","floor":16,"turns":12},{"damage":4,"enemies":"Spheric Guardian","floor":18,"turns":5},{"damage":0,"enemies":"Chosen","floor":20,"turns":6},{"damage":0,"enemies":"Shelled Parasite and Fungi","floor":21,"turns":6},{"damage":22,"enemies":"Slavers","floor":24,"turns":5},{"damage":11,"enemies":"Book of Stabbing","floor":27,"turns":5},{"damage":4,"enemies":"Sentry and Sphere","floor":28,"turns":5},{"damage":2,"enemies":"3 Cultists","floor":29,"turns":3},{"damage":13,"enemies":"Gremlin Leader","floor":31,"turns":7},{"damage":5,"enemies":"Collector","floor":33,"turns":10},{"damage":4,"enemies":"3 Darklings","floor":35,"turns":4},{"damage":7,"enemies":"Orb Walker","floor":38,"turns":4},{"damage":2,"enemies":"Spire Growth","floor":39,"turns":6},{"damage":16,"enemies":"Writhing Mass","floor":41,"turns":8},{"damage":8,"enemies":"Transient","floor":42,"turns":5},{"damage":3,"enemies":"Sphere and 2 Shapes","floor":45,"turns":6},{"damage":3,"enemies":"Giant Head","floor":47,"turns":13},{"damage":36,"enemies":"Awakened One","floor":50,"turns":18},{"damage":42,"enemies":"Shield and Spear","floor":54,"turns":8},{"damage":10,"enemies":"The Heart","floor":55,"turns":11}],"seed_played":"-2135831740377975370","potions_obtained":[{"floor":1,"key":"FairyPotion"},{"floor":5,"key":"Regen Potion"},{"floor":16,"key":"Swift Potion"},{"floor":24,"key":"Strength Potion"},{"floor":35,"key":"SpeedPotion"}],"is_trial":false,"path_per_floor":["T","$","$","T","M","?","$","M","?","M","$"],"character_chosen":"THE_SILENT","items_purchased":["Caltrops","Noxious Fumes","Infinite Blades","Endless Agony+1","GhostInAJar","Well Laid Plans"],"campfire_rested":2,"item_purchase_floors":[10,19,30,30,37,37],"current_hp_per_floor":[53,52,51,34,27,27,27,27,27,27,21,21,23,23,23,23,60,56,56,56,56,56,56,34,34,34,23,19,17,17,4,40,35,63,59,59,59,52,50,50,34,26,26,26,23,59,56,56,56,20,59,59,59,17,9],"gold":57,"neow_bonus":"TEN_PERCENT_HP_BONUS","is_prod":false,"is_daily":false,"chose_seed":false,"campfire_upgraded":7,"win_rate":0,"timestamp":1554486583,"path_taken":["M","M","M","M","M","R","?","R","T","$","E","R","E","M","R","BOSS","M","?","M","M","?","R","E","?","T","E","?","M","$","E","R","BOSS","M","?","?","M","?","R","M","M","T","?","?","R","E","?","R","BOSS","R","$","E","BOSS"],"build_version":"2019-01-23","purchased_purges":3,"victory":true,"max_hp_per_floor":[72,72,72,72,72,72,72,72,72,72,72,72,72,72,72,72,72,72,72,72,72,72,72,72,72,72,72,72,72,72,72,72,72,72,72,72,72,72,72,72,72,72,72,72,72,72,72,72,72,72,72,72,72,72,72],"card_choices":[{"not_picked":["Dagger Throw","Acrobatics"],"picked":"Dash","floor":1},{"not_picked":["Masterful Stab","Poisoned Stab"],"picked":"Crippling Poison","floor":2},{"not_picked":["Poisoned Stab","Blade Dance"],"picked":"Dagger Spray","floor":3},{"not_picked":["Outmaneuver","Expertise"],"picked":"Leg Sweep","floor":4},{"not_picked":["Skewer","Blur"],"picked":"Backflip","floor":5},{"not_picked":["Quick Slash","Finisher"],"picked":"Adrenaline","floor":11},{"not_picked":["Blade Dance","PiercingWail"],"picked":"Cloak And Dagger","floor":13},{"not_picked":["Catalyst","PiercingWail"],"picked":"Dagger Spray","floor":14},{"not_picked":["Storm of Steel","Die Die Die"],"picked":"After Image","floor":16},{"not_picked":[],"picked":"Cloak And Dagger","floor":18},{"not_picked":["Dagger Throw+1"],"picked":"SKIP","floor":20},{"not_picked":["Heel Hook"],"picked":"SKIP","floor":21},{"not_picked":["Flying Knee"],"picked":"SKIP","floor":24},{"not_picked":["Flying Knee+1"],"picked":"Footwork","floor":27},{"not_picked":["Backflip"],"picked":"Leg Sweep","floor":28},{"not_picked":["Flying Knee+1"],"picked":"Deflect","floor":29},{"not_picked":["Accuracy"],"picked":"Infinite Blades+1","floor":31},{"not_picked":["Caltrops","Prepared+1"],"picked":"SKIP","floor":35},{"not_picked":["Backflip","Underhanded Strike+1"],"picked":"SKIP","floor":38},{"not_picked":["Predator+1","Well Laid Plans"],"picked":"SKIP","floor":39},{"not_picked":["Heel Hook+1","Underhanded Strike+1"],"picked":"SKIP","floor":41},{"not_picked":["Finisher+1","Catalyst+1"],"picked":"SKIP","floor":42},{"not_picked":["Dagger Throw+1","Terror"],"picked":"SKIP","floor":45},{"not_picked":["Dagger Throw+1","Venomology"],"picked":"SKIP","floor":47},{"not_picked":["Flying Knee+1","Outmaneuver"],"picked":"SKIP","floor":54}],"player_experience":1504435,"relics_obtained":[{"floor":7,"key":"Kunai"},{"floor":9,"key":"Dodecahedron"},{"floor":11,"key":"Mercury Hourglass"},{"floor":13,"key":"Bronze Scales"},{"floor":24,"key":"Ornamental Fan"},{"floor":25,"key":"Question Card"},{"floor":26,"key":"Regal Pillow"},{"floor":27,"key":"Molten Egg 2"},{"floor":31,"key":"Orichalcum"},{"floor":47,"key":"Ninja Scroll"},{"floor":54,"key":"Blood Vial"}],"event_choices":[{"damage_healed":0,"gold_gain":100,"player_choice":"Pray","damage_taken":0,"max_hp_gain":0,"max_hp_loss":0,"event_name":"Golden Shrine","floor":36,"gold_loss":0},{"cards_removed":["Caltrops"],"damage_healed":0,"gold_gain":0,"player_choice":"Upgrade and Remove","damage_taken":0,"max_hp_gain":0,"max_hp_loss":0,"event_name":"Designer","floor":44,"gold_loss":90,"cards_upgraded":["Backflip"]}],"is_beta":false,"boss_relics":[{"not_picked":["Lizard Tail","Philosopher\u0027s Stone"],"picked":"Busted Crown"},{"not_picked":["Velvet Choker","Tiny House"],"picked":"Astrolabe"}],"items_purged_floors":[10,19,48],"is_endless":false,"potions_floor_spawned":[1,5,11,16,18,21,24,28,35,39,42,54],"ascension_level":14}