{"gold_per_floor":[12,12,23,39,55,82,100,113,113,124,124,5,5,5,5,110,110,130,140,140,140,140,140,150,169,194,207,224,224,224,256,256,256],"floor_reached":33,"playtime":2187,"items_purged":[],"score":416,"play_id":"ef108725-9232-424b-aee7-bbcb9cc6b112","local_time":"20190322171215","is_ascension_mode":true,"campfire_choices":[{"floor":11,"key":"REST"},{"floor":15,"key":"REST"},{"floor":23,"key":"REST"},{"floor":29,"key":"REST"},{"floor":32,"key":"REST"}],"neow_cost":"NO_GOLD","seed_source_timestamp":580861913211445,"circlet_count":0,"master_deck":["Strike_R","Strike_R","Strike_R","Strike_R","Strike_R","Defend_R","Defend_R","Defend_R","Defend_R","Bash","Shockwave","Disarm","Armaments","Headbutt","Fiend Fire","Corruption","Exhume","Pommel Strike+1","True Grit","Pommel Strike+1","Armaments+1"],"relics":["Burning Blood","Mango","WarpedTongs","Singing Bowl","The Courier","Red Skull","Pocketwatch","Fusion Hammer","Enchiridion","Boot","MutagenicStrength","Paper Frog"],"potions_floor_usage":[33,33],"damage_taken":[{"damage":0,"enemies":"Small Slimes","floor":1,"turns":3},{"damage":3,"enemies":"Cultist","floor":3,"turns":3},{"damage":8,"enemies":"Jaw Worm","floor":4,"turns":4},{"damage":16,"enemies":"3 Louse","floor":5,"turns":8},{"damage":46,"enemies":"Gremlin Nob","floor":6,"turns":6},{"damage":26,"enemies":"Large Slime","floor":7,"turns":7},{"damage":8,"enemies":"2 Fungi Beasts","floor":8,"turns":4},{"damage":4,"enemies":"Looter","floor":10,"turns":3},{"damage":15,"enemies":"Slime Boss","floor":16,"turns":12},{"damage":22,"enemies":"Spheric Guardian","floor":18,"turns":4},{"damage":3,"enemies":"Chosen","floor":19,"turns":2},{"damage":21,"enemies":"3 Cultists","floor":24,"turns":6},{"damage":8,"enemies":"Chosen and Byrds","floor":25,"turns":6},{"damage":16,"enemies":"Centurion and Healer","floor":27,"turns":4},{"damage":29,"enemies":"Shelled Parasite and Fungi","floor":28,"turns":3},{"damage":39,"enemies":"Slavers","floor":31,"turns":6},{"damage":71,"enemies":"Automaton","floor":33,"turns":8}],"seed_played":"2984292488445857397","potions_obtained":[{"floor":1,"key":"LiquidBronze"},{"floor":5,"key":"EssenceOfSteel"},{"floor":7,"key":"AttackPotion"},{"floor":31,"key":"Fruit Juice"}],"is_trial":false,"path_per_floor":["?","M","M","$","T","?","?","?","?","?"],"character_chosen":"IRONCLAD","items_purchased":["Red Skull"],"campfire_rested":5,"item_purchase_floors":[12],"current_hp_per_floor":[92,92,94,92,82,42,22,22,22,26,55,55,55,48,77,68,91,75,80,80,64,44,75,62,62,62,52,31,64,64,31,64,0],"gold":256,"neow_bonus":"ONE_RARE_RELIC","is_prod":false,"is_daily":false,"chose_seed":false,"campfire_upgraded":0,"win_rate":0,"timestamp":1553289135,"path_taken":["M","?","M","M","?","E","?","M","T","M","R","?","?","?","R","BOSS","M","M","?","?","?","R","M","M","T","M","M","R","?","E","R","BOSS"],"build_version":"2019-01-23","purchased_purges":0,"victory":false,"max_hp_per_floor":[94,94,94,94,94,94,94,96,96,98,98,98,98,98,98,98,98,98,100,100,100,105,105,107,109,109,109,111,111,111,111,111,116],"card_choices":[{"not_picked":["Pommel Strike","Twin Strike"],"picked":"Shockwave","floor":1},{"not_picked":["Ghostly Armor","Cleave"],"picked":"Disarm","floor":3},{"not_picked":["Reckless Charge","Clash"],"picked":"Armaments","floor":4},{"not_picked":["Blood for Blood","Rupture"],"picked":"Headbutt","floor":5},{"not_picked":["Twin Strike","Sword Boomerang"],"picked":"Fiend Fire","floor":6},{"not_picked":["Clothesline","Clash"],"picked":"Corruption","floor":7},{"not_picked":["Flex","Corruption","Clothesline"],"picked":"Singing Bowl","floor":8},{"not_picked":["Flex","Searing Blow","Armaments"],"picked":"Singing Bowl","floor":10},{"not_picked":["Juggernaut","Impervious"],"picked":"Exhume","floor":16},{"not_picked":["Whirlwind+1","Wild Strike"],"picked":"Pommel Strike+1","floor":18},{"not_picked":["Fire Breathing","Blood for Blood","Headbutt"],"picked":"Singing Bowl","floor":19},{"not_picked":["Heavy Blade","Twin Strike","Headbutt"],"picked":"Singing Bowl","floor":24},{"not_picked":["Corruption","Twin Strike","Thunderclap"],"picked":"Singing Bowl","floor":25},{"not_picked":["Anger","Cleave+1"],"picked":"Pommel Strike+1","floor":27},{"not_picked":["Body Slam","Clash+1","Barricade"],"picked":"Singing Bowl","floor":28},{"not_picked":["Body Slam","Warcry"],"picked":"Armaments+1","floor":31}],"player_experience":889242,"relics_obtained":[{"floor":6,"key":"Singing Bowl"},{"floor":9,"key":"The Courier"},{"floor":13,"key":"Pocketwatch"},{"floor":21,"key":"Enchiridion"},{"floor":26,"key":"Boot"},{"floor":31,"key":"Paper Frog"}],"event_choices":[{"damage_healed":0,"gold_gain":0,"player_choice":"Rummage","damage_taken":0,"relics_obtained":["WarpedTongs"],"max_hp_gain":0,"max_hp_loss":0,"event_name":"Accursed Blacksmith","floor":2,"gold_loss":0,"cards_obtained":["Pain"]},{"cards_removed":["Pain"],"damage_healed":0,"gold_gain":0,"player_choice":"Card Removal","damage_taken":7,"max_hp_gain":0,"max_hp_loss":0,"event_name":"Golden Wing","floor":14,"gold_loss":0},{"damage_healed":0,"gold_gain":0,"player_choice":"Read","damage_taken":0,"max_hp_gain":0,"max_hp_loss":0,"event_name":"The Library","floor":20,"gold_loss":0,"cards_obtained":["True Grit"]},{"damage_healed":0,"gold_gain":0,"player_choice":"Obtained Book","damage_taken":16,"max_hp_gain":0,"max_hp_loss":0,"event_name":"Cursed Tome","floor":21,"gold_loss":0},{"damage_healed":0,"gold_gain":0,"player_choice":"Shed Blood","damage_taken":25,"max_hp_gain":5,"max_hp_loss":0,"event_name":"Forgotten Altar","floor":22,"gold_loss":0},{"damage_healed":0,"gold_gain":0,"player_choice":"Inject Mutagens","damage_taken":0,"relics_obtained":["MutagenicStrength"],"max_hp_gain":0,"max_hp_loss":0,"event_name":"Drug Dealer","floor":30,"gold_loss":0}],"is_beta":false,"boss_relics":[{"not_picked":["Sozu","Eternal Feather"],"picked":"Fusion Hammer"}],"items_purged_floors":[],"is_endless":false,"potions_floor_spawned":[1,5,7,8,18,25,31],"killed_by":"Automaton","ascension_level":7}