{"gold_per_floor":[130,217,194,223,33,33,64,64,136,171,189,219,236,248,248,350,350,361,361,361,375,394,394,394],"floor_reached":24,"playtime":1507,"items_purged":[],"score":306,"play_id":"a39c7503-edef-4e36-ad48-0c657f6f015e","local_time":"20190322005508","is_ascension_mode":true,"campfire_choices":[{"data":"Neutralize","floor":6,"key":"SMITH"},{"data":"Dodge and Roll","floor":8,"key":"SMITH"},{"floor":15,"key":"REST"},{"data":"Noxious Fumes","floor":23,"key":"SMITH"}],"neow_cost":"NONE","seed_source_timestamp":522912284851869,"circlet_count":0,"master_deck":["Defend_G","Defend_G","Defend_G","Defend_G","Defend_G","Strike_G","Strike_G","Strike_G","Strike_G","Strike_G","Survivor","Neutralize+1","Crippling Poison","Dodge and Roll+1","Sucker Punch","Well Laid Plans","Footwork","Dodge and Roll","Noxious Fumes+1","Corpse Explosion","Leg Sweep","Ghostly","Ghostly","Ghostly","Ghostly","Ghostly"],"relics":["Ring of the Snake","MawBank","Bronze Scales","Vajra","Mercury Hourglass","Shuriken","Ornamental Fan","Velvet Choker","Boot"],"potions_floor_usage":[],"damage_taken":[{"damage":0,"enemies":"Jaw Worm","floor":1,"turns":6},{"damage":0,"enemies":"Cultist","floor":4,"turns":6},{"damage":29,"enemies":"Gremlin Nob","floor":7,"turns":5},{"damage":6,"enemies":"3 Sentries","floor":10,"turns":6},{"damage":0,"enemies":"Small Slimes","floor":11,"turns":2},{"damage":19,"enemies":"Lagavulin","floor":12,"turns":10},{"damage":0,"enemies":"Exordium Wildlife","floor":13,"turns":2},{"damage":11,"enemies":"Exordium Thugs","floor":14,"turns":4},{"damage":4,"enemies":"Slime Boss","floor":16,"turns":10},{"damage":0,"enemies":"Spheric Guardian","floor":18,"turns":5},{"damage":3,"enemies":"Chosen","floor":21,"turns":5},{"damage":2,"enemies":"Snecko","floor":22,"turns":7},{"damage":35,"enemies":"Gremlin Leader","floor":24,"turns":7}],"seed_played":"-8449394644892801620","potions_obtained":[{"floor":7,"key":"Block Potion"},{"floor":11,"key":"EssenceOfSteel"},{"floor":14,"key":"Dexterity Potion"},{"floor":16,"key":"Regen Potion"},{"floor":22,"key":"Block Potion"}],"is_trial":false,"path_per_floor":["?","?","$","M","?","?"],"character_chosen":"THE_SILENT","items_purchased":["Bronze Scales","Sucker Punch"],"campfire_rested":1,"item_purchase_floors":[5,5],"current_hp_per_floor":[63,52,69,69,69,69,40,40,40,34,34,15,15,4,25,21,58,58,35,35,32,30,30,0],"gold":394,"neow_bonus":"RANDOM_COMMON_RELIC","is_prod":false,"is_daily":false,"chose_seed":false,"campfire_upgraded":3,"win_rate":0,"timestamp":1553230508,"path_taken":["M","?","?","M","?","R","E","R","T","E","?","E","M","M","R","BOSS","M","?","?","M","M","R","E"],"build_version":"2019-01-23","purchased_purges":0,"victory":false,"max_hp_per_floor":[70,70,70,70,70,70,70,70,70,70,70,70,70,70,70,70,70,70,35,35,35,35,35,35],"card_choices":[{"not_picked":["Sucker Punch","Setup"],"picked":"Crippling Poison","floor":1},{"not_picked":["Well Laid Plans","Masterful Stab"],"picked":"Dodge and Roll","floor":4},{"not_picked":["Blade Dance","Deflect"],"picked":"Well Laid Plans","floor":7},{"not_picked":["Deadly Poison","Endless Agony"],"picked":"Footwork","floor":10},{"not_picked":["Terror","Dagger Spray","Acrobatics"],"picked":"SKIP","floor":11},{"not_picked":["Masterful Stab","Blade Dance","All Out Attack"],"picked":"SKIP","floor":12},{"not_picked":["Adrenaline","Quick Slash"],"picked":"Dodge and Roll","floor":13},{"not_picked":["Dodge and Roll","Catalyst"],"picked":"Noxious Fumes","floor":14},{"not_picked":["Die Die Die","Bullet Time"],"picked":"Corpse Explosion","floor":16},{"not_picked":["Sucker Punch+1","Poisoned Stab"],"picked":"Leg Sweep","floor":18},{"not_picked":["Dash","Slice","Sucker Punch"],"picked":"SKIP","floor":21},{"not_picked":["Poisoned Stab+1","Dagger Throw","Masterful Stab"],"picked":"SKIP","floor":22}],"player_experience":867196,"relics_obtained":[{"floor":7,"key":"Vajra"},{"floor":9,"key":"Mercury Hourglass"},{"floor":10,"key":"Shuriken"},{"floor":12,"key":"Ornamental Fan"}],"event_choices":[{"damage_healed":0,"gold_gain":75,"player_choice":"Gather Gold","damage_taken":11,"max_hp_gain":0,"max_hp_loss":0,"event_name":"World of Goop","floor":2,"gold_loss":0},{"damage_healed":17,"gold_gain":0,"player_choice":"Healed","damage_taken":0,"max_hp_gain":0,"max_hp_loss":0,"event_name":"The Cleric","floor":3,"gold_loss":35},{"damage_healed":0,"gold_gain":0,"player_choice":"Became a Ghost","damage_taken":0,"max_hp_gain":0,"max_hp_loss":35,"event_name":"Ghosts","floor":19,"gold_loss":0,"cards_obtained":["Ghostly","Ghostly","Ghostly","Ghostly","Ghostly"]},{"damage_healed":0,"gold_gain":0,"player_choice":"Gave Potion","damage_taken":0,"relics_obtained":["Boot"],"max_hp_gain":0,"max_hp_loss":0,"event_name":"WeMeetAgain","floor":20,"gold_loss":0}],"is_beta":false,"boss_relics":[{"not_picked":["Cursed Key","Calling Bell"],"picked":"Velvet Choker"}],"items_purged_floors":[],"is_endless":false,"potions_floor_spawned":[7,11,14,16,22],"killed_by":"Gremlin Leader","ascension_level":6}