{"gold_per_floor":[117,137,137,212,212,212,292,327,409,428,454,404,420,436,436,541,541,558,586,586,88,102,129,129,149,149,149,159,186,203,238,238,341,341,356,356,373,234,334,334,361,361,361,379,14,31,62,73,73,73,73,73,27,58,58],"floor_reached":56,"playtime":3427,"items_purged":["Strike_R","Defend_R","Strike_R"],"score":1593,"play_id":"00bdfecd-e711-46ea-872d-50b200b1db03","local_time":"20190322002826","is_ascension_mode":true,"campfire_choices":[{"data":"Defend_R","floor":6,"key":"SMITH"},{"data":"Inflame","floor":15,"key":"SMITH"},{"floor":27,"key":"REST"},{"floor":32,"key":"REST"},{"floor":40,"key":"RECALL"},{"data":"Heavy Blade","floor":42,"key":"SMITH"},{"data":"Whirlwind","floor":49,"key":"SMITH"},{"data":"Disarm","floor":52,"key":"SMITH"}],"neow_cost":"NONE","seed_source_timestamp":519381238850146,"circlet_count":0,"master_deck":["Strike_R","Strike_R","Defend_R","Defend_R+1","Bash","Clothesline+1","Disarm+1","Armaments+1","Limit Break+1","Headbutt","Pommel Strike","Inflame+1","Reaper","J.A.X.+1","Finesse+1","Secret Technique+1","Warcry+1","Heavy Blade+1","Flex+1","Flex+1","Anger+1","Reaper","Headbutt+1","Twin Strike","Whirlwind+1","Headbutt+1","Inflame+1","Disarm+1","Headbutt","Battle Trance+1"],"relics":["Burning Blood","Juzu Bracelet","Toxic Egg 2","Gremlin Horn","Ancient Tea Set","Velvet Choker","Red Mask","Red Skull","Kunai","Bottled Tornado","Bag of Marbles","Bottled Lightning","White Beast Statue","Regal Pillow","Mummified Hand","Potion Belt","Vajra"],"potions_floor_usage":[14,19,25,31,41,41,50,55,55,55],"damage_taken":[{"damage":9,"enemies":"Jaw Worm","floor":1,"turns":6},{"damage":3,"enemies":"2 Louse","floor":2,"turns":3},{"damage":24,"enemies":"Gremlin Nob","floor":8,"turns":4},{"damage":1,"enemies":"Small Slimes","floor":10,"turns":5},{"damage":24,"enemies":"Lagavulin","floor":11,"turns":8},{"damage":6,"enemies":"2 Fungi Beasts","floor":13,"turns":5},{"damage":1,"enemies":"Exordium Wildlife","floor":14,"turns":5},{"damage":16,"enemies":"The Guardian","floor":16,"turns":13},{"damage":12,"enemies":"3 Byrds","floor":18,"turns":6},{"damage":54,"enemies":"Masked Bandits","floor":19,"turns":5},{"damage":25,"enemies":"2 Thieves","floor":22,"turns":3},{"damage":27,"enemies":"Book of Stabbing","floor":23,"turns":5},{"damage":5,"enemies":"Shelled Parasite and Fungi","floor":25,"turns":3},{"damage":8,"enemies":"Centurion and Healer","floor":28,"turns":3},{"damage":12,"enemies":"Gremlin Leader","floor":29,"turns":3},{"damage":27,"enemies":"Snecko","floor":30,"turns":5},{"damage":6,"enemies":"Book of Stabbing","floor":31,"turns":3},{"damage":53,"enemies":"Champ","floor":33,"turns":8},{"damage":0,"enemies":"Orb Walker","floor":35,"turns":2},{"damage":2,"enemies":"3 Darklings","floor":37,"turns":3},{"damage":3,"enemies":"Nemesis","floor":41,"turns":3},{"damage":30,"enemies":"Sphere and 2 Shapes","floor":44,"turns":4},{"damage":18,"enemies":"4 Shapes","floor":46,"turns":2},{"damage":30,"enemies":"Reptomancer","floor":47,"turns":4},{"damage":8,"enemies":"Spire Growth","floor":48,"turns":3},{"damage":45,"enemies":"Donu and Deca","floor":50,"turns":4},{"damage":33,"enemies":"Shield and Spear","floor":54,"turns":3},{"damage":103,"enemies":"The Heart","floor":55,"turns":6}],"seed_played":"942724795449968320","potions_obtained":[{"floor":1,"key":"Dexterity Potion"},{"floor":2,"key":"AttackPotion"},{"floor":13,"key":"Fire Potion"},{"floor":16,"key":"Regen Potion"},{"floor":18,"key":"Weak Potion"},{"floor":23,"key":"Dexterity Potion"},{"floor":25,"key":"LiquidBronze"},{"floor":33,"key":"Regen Potion"},{"floor":35,"key":"Energy Potion"},{"floor":37,"key":"FearPotion"},{"floor":41,"key":"SmokeBomb"},{"floor":44,"key":"FearPotion"},{"floor":46,"key":"Block Potion"},{"floor":47,"key":"Ancient Potion"},{"floor":48,"key":"Swift Potion"},{"floor":54,"key":"Regen Potion"}],"is_trial":false,"path_per_floor":["?","?","?","?","?","?","?","?","?","?"],"character_chosen":"IRONCLAD","items_purchased":["Red Skull","Finesse+1","Secret Technique+1","Whirlwind","Mummified Hand","Headbutt"],"campfire_rested":2,"item_purchase_floors":[21,21,21,38,45,53],"current_hp_per_floor":[69,72,72,61,66,66,66,48,48,53,35,35,35,40,40,30,71,69,28,28,28,31,10,10,20,20,45,72,66,45,45,70,46,75,81,81,85,85,85,85,85,85,85,81,81,85,85,85,85,83,85,85,85,58,41],"gold":58,"neow_bonus":"RANDOM_COMMON_RELIC","is_prod":false,"is_daily":false,"chose_seed":false,"campfire_upgraded":5,"win_rate":0,"timestamp":1553228906,"path_taken":["M","M","?","?","?","R","?","E","T","M","E","?","M","M","R","BOSS","M","?","?","$","M","E","?","M","T","R","M","E","M","E","R","BOSS","M","?","M","$","?","R","E","R","T","M","$","M","E","M","R","BOSS","R","$","E","BOSS"],"build_version":"2019-01-23","purchased_purges":3,"victory":true,"max_hp_per_floor":[80,80,80,80,85,85,85,85,85,85,85,85,85,85,85,85,85,85,85,85,85,85,85,85,85,85,85,85,85,85,85,85,85,85,85,85,85,85,85,85,85,85,85,85,85,85,85,85,85,85,85,85,85,85,85],"card_choices":[{"not_picked":["Seeing Red","Dropkick"],"picked":"Clothesline","floor":1},{"not_picked":["Anger","Twin Strike"],"picked":"Disarm","floor":2},{"not_picked":["Warcry","Rampage"],"picked":"Armaments","floor":8},{"not_picked":["Second Wind+1","Cleave"],"picked":"Limit Break+1","floor":10},{"not_picked":["Anger","Hemokinesis"],"picked":"Headbutt","floor":11},{"not_picked":["Clash","Havoc+1"],"picked":"Pommel Strike","floor":13},{"not_picked":["Wild Strike","Rage+1"],"picked":"Inflame","floor":14},{"not_picked":["Brutality","Impervious+1"],"picked":"Reaper","floor":16},{"not_picked":["Clothesline","Corruption","Reckless Charge+1"],"picked":"SKIP","floor":18},{"not_picked":["Armaments+1","Havoc+1"],"picked":"Warcry+1","floor":22},{"not_picked":["Clash","Feel No Pain"],"picked":"Heavy Blade","floor":23},{"not_picked":["Sentinel+1","Clash"],"picked":"Flex+1","floor":25},{"not_picked":["Corruption","Sword Boomerang"],"picked":"Flex+1","floor":28},{"not_picked":["Infernal Blade+1","Cleave","Armaments+1"],"picked":"SKIP","floor":29},{"not_picked":["Clash","Barricade"],"picked":"Anger+1","floor":30},{"not_picked":["Cleave+1","Clothesline+1","Body Slam"],"picked":"SKIP","floor":31},{"not_picked":["Impervious+1","Immolate"],"picked":"Reaper","floor":33},{"not_picked":["Shrug It Off+1","Whirlwind"],"picked":"Headbutt+1","floor":35},{"not_picked":["Perfected Strike+1","Clothesline"],"picked":"Twin Strike","floor":37},{"not_picked":["Perfected Strike+1","Pommel Strike+1"],"picked":"Headbutt+1","floor":41},{"not_picked":["Thunderclap","Feel No Pain"],"picked":"Inflame+1","floor":44},{"not_picked":["Body Slam","Shrug It Off+1","Havoc+1"],"picked":"SKIP","floor":46},{"not_picked":["Ghostly Armor+1","Iron Wave"],"picked":"Disarm+1","floor":47},{"not_picked":["Iron Wave","Thunderclap","True Grit+1"],"picked":"SKIP","floor":48},{"not_picked":["Whirlwind","Exhume+1"],"picked":"Battle Trance+1","floor":54}],"player_experience":863769,"relics_obtained":[{"floor":8,"key":"Toxic Egg 2"},{"floor":9,"key":"Gremlin Horn"},{"floor":11,"key":"Ancient Tea Set"},{"floor":19,"key":"Red Mask"},{"floor":23,"key":"Kunai"},{"floor":26,"key":"Bottled Tornado"},{"floor":29,"key":"Bag of Marbles"},{"floor":31,"key":"Bottled Lightning"},{"floor":41,"key":"Regal Pillow"},{"floor":47,"key":"Potion Belt"},{"floor":54,"key":"Vajra"}],"event_choices":[{"damage_healed":0,"gold_gain":0,"player_choice":"Grow","damage_taken":0,"max_hp_gain":0,"max_hp_loss":0,"event_name":"Living Wall","floor":3,"gold_loss":0,"cards_upgraded":["Clothesline"]},{"damage_healed":0,"gold_gain":75,"player_choice":"Gather Gold","damage_taken":11,"max_hp_gain":0,"max_hp_loss":0,"event_name":"World of Goop","floor":4,"gold_loss":0},{"damage_healed":0,"gold_gain":0,"player_choice":"Donut","damage_taken":0,"max_hp_gain":5,"max_hp_loss":0,"event_name":"Big Fish","floor":5,"gold_loss":0},{"damage_healed":0,"gold_gain":80,"player_choice":"Gained Gold","damage_taken":0,"max_hp_gain":0,"max_hp_loss":0,"event_name":"Golden Wing","floor":7,"gold_loss":0},{"cards_removed":["Strike_R"],"damage_healed":0,"gold_gain":0,"player_choice":"Card Removal","damage_taken":0,"max_hp_gain":0,"max_hp_loss":0,"event_name":"The Cleric","floor":12,"gold_loss":50},{"damage_healed":0,"gold_gain":0,"player_choice":"Fought Bandits","damage_taken":0,"max_hp_gain":0,"max_hp_loss":0,"event_name":"Masked Bandits","floor":19,"gold_loss":0},{"damage_healed":0,"gold_gain":0,"player_choice":"Obtain J.A.X.","damage_taken":0,"max_hp_gain":0,"max_hp_loss":0,"event_name":"Drug Dealer","floor":20,"gold_loss":0,"cards_obtained":["J.A.X."]},{"damage_healed":0,"gold_gain":0,"player_choice":"Ignored","damage_taken":0,"max_hp_gain":0,"max_hp_loss":0,"event_name":"Ghosts","floor":24,"gold_loss":0},{"cards_removed":["Defend_R"],"damage_healed":0,"gold_gain":0,"player_choice":"Removed Skill","damage_taken":0,"max_hp_gain":0,"max_hp_loss":0,"event_name":"Falling","floor":36,"gold_loss":0},{"damage_healed":0,"gold_gain":100,"player_choice":"Pray","damage_taken":0,"max_hp_gain":0,"max_hp_loss":0,"event_name":"Golden Shrine","floor":39,"gold_loss":0}],"is_beta":false,"boss_relics":[{"not_picked":["Orrery","Ectoplasm"],"picked":"Velvet Choker"},{"not_picked":["Fusion Hammer","Calling Bell"],"picked":"White Beast Statue"}],"items_purged_floors":[21,38,45],"is_endless":false,"potions_floor_spawned":[1,2,13,16,18,23,25,33,35,37,41,44,46,47,48,54],"ascension_level":6}