{"gold_per_floor":[116,136,136,155,169,200,211,211],"floor_reached":8,"playtime":502,"items_purged":[],"score":99,"play_id":"2c0821bb-2127-4dc5-b9fb-ff425a7d4cd4","local_time":"20190402011141","is_ascension_mode":true,"campfire_choices":[],"neow_cost":"NONE","seed_source_timestamp":1475311938670353,"circlet_count":0,"master_deck":["AscendersBane","Defend_G","Defend_G","Defend_G","Defend_G","Defend_G","Strike_G","Strike_G","Strike_G","Strike_G","Survivor","Neutralize","Backflip","Poisoned Stab","Cloak And Dagger","Quick Slash","Cloak And Dagger","Backflip"],"relics":["Philosopher\u0027s Stone","Incense Burner"],"potions_floor_usage":[6,8],"damage_taken":[{"damage":3,"enemies":"Jaw Worm","floor":1,"turns":6},{"damage":6,"enemies":"2 Louse","floor":2,"turns":3},{"damage":0,"enemies":"Cultist","floor":4,"turns":4},{"damage":4,"enemies":"Red Slaver","floor":5,"turns":5},{"damage":21,"enemies":"Gremlin Nob","floor":6,"turns":5},{"damage":0,"enemies":"Looter","floor":7,"turns":3},{"damage":27,"enemies":"Gremlin Nob","floor":8,"turns":5}],"seed_played":"3371428339085388502","potions_obtained":[{"floor":4,"key":"FearPotion"},{"floor":5,"key":"Weak Potion"},{"floor":7,"key":"Weak Potion"}],"is_trial":false,"path_per_floor":["?","?"],"character_chosen":"THE_SILENT","items_purchased":[],"campfire_rested":0,"item_purchase_floors":[],"current_hp_per_floor":[60,54,47,47,43,22,22,0],"gold":211,"neow_bonus":"BOSS_RELIC","is_prod":false,"is_daily":false,"chose_seed":false,"campfire_upgraded":0,"win_rate":0,"timestamp":1554181901,"path_taken":["M","M","?","M","M","E","M","?"],"build_version":"2019-01-23","purchased_purges":0,"victory":false,"max_hp_per_floor":[70,70,70,70,70,70,70,70],"card_choices":[{"not_picked":["Prepared","Backstab"],"picked":"Backflip","floor":1},{"not_picked":["Cloak And Dagger","Calculated Gamble"],"picked":"Poisoned Stab","floor":2},{"not_picked":["Terror","Accuracy"],"picked":"Cloak And Dagger","floor":4},{"not_picked":["Blur","Deflect"],"picked":"Quick Slash","floor":5},{"not_picked":["Slice","Bane"],"picked":"Cloak And Dagger","floor":6},{"not_picked":["Bane","Quick Slash"],"picked":"Backflip","floor":7}],"player_experience":1394165,"relics_obtained":[{"floor":6,"key":"Incense Burner"}],"event_choices":[{"cards_removed":["Strike_G"],"damage_healed":0,"gold_gain":0,"player_choice":"Card Removal","damage_taken":7,"max_hp_gain":0,"max_hp_loss":0,"event_name":"Golden Wing","floor":3,"gold_loss":0},{"damage_healed":0,"gold_gain":0,"player_choice":"Searched \u00271\u0027 times","damage_taken":0,"max_hp_gain":0,"max_hp_loss":0,"event_name":"Dead Adventurer","floor":8,"gold_loss":0}],"is_beta":false,"boss_relics":[],"items_purged_floors":[],"is_endless":false,"potions_floor_spawned":[4,5,7],"killed_by":"Gremlin Nob","ascension_level":13}