{"gold_per_floor":[210,223,127,73,91,91,105,130,130,130,130,149,149,167,167,272,272,286,2,22,22,34,34,64,78,78,97,97,97,111,125,125,229,229,249,249,267,285,302,302],"floor_reached":40,"playtime":2607,"items_purged":["Strike_B"],"score":538,"play_id":"5e230054-a982-4515-89e8-23794fa3b0eb","local_time":"20190322125454","is_ascension_mode":true,"campfire_choices":[{"data":"Zap","floor":6,"key":"SMITH"},{"floor":10,"key":"REST"},{"data":"Coolheaded","floor":15,"key":"SMITH"},{"floor":23,"key":"REST"},{"floor":29,"key":"REST"},{"data":"Skim","floor":32,"key":"SMITH"}],"neow_cost":"NONE","seed_source_timestamp":564997396038785,"circlet_count":0,"master_deck":["Strike_B","Strike_B","Strike_B","Defend_B","Defend_B","Defend_B","Defend_B","Zap+1","Dualcast","Genetic Algorithm","Coolheaded+1","Stack","Darkness","Stack","Electrodynamics","FTL+1","Cold Snap+1","Echo Form","Coolheaded","Sunder+1","Conserve Battery","Streamline+1","Scrape+1","Glacier+1","Creative AI","Streamline+1","RitualDagger+1","Skim+1","Thunder Strike+1","Streamline+1","Enlightenment","Magnetism","Scrape+1","Capacitor+1"],"relics":["Cracked Core","Pen Nib","Molten Egg 2","Vajra","Snecko Eye","Membership Card","Question Card","Meat on the Bone","Fusion Hammer"],"potions_floor_usage":[22,33,33],"damage_taken":[{"damage":15,"enemies":"2 Louse","floor":1,"turns":4},{"damage":1,"enemies":"Cultist","floor":2,"turns":4},{"damage":8,"enemies":"Jaw Worm","floor":5,"turns":4},{"damage":1,"enemies":"2 Fungi Beasts","floor":7,"turns":4},{"damage":28,"enemies":"Gremlin Nob","floor":8,"turns":4},{"damage":0,"enemies":"Exordium Thugs","floor":12,"turns":2},{"damage":0,"enemies":"Large Slime","floor":14,"turns":4},{"damage":17,"enemies":"The Guardian","floor":16,"turns":11},{"damage":18,"enemies":"3 Byrds","floor":18,"turns":4},{"damage":18,"enemies":"2 Thieves","floor":20,"turns":3},{"damage":2,"enemies":"3 Cultists","floor":22,"turns":3},{"damage":27,"enemies":"Slavers","floor":24,"turns":4},{"damage":19,"enemies":"Centurion and Healer","floor":25,"turns":5},{"damage":3,"enemies":"Snake Plant","floor":27,"turns":4},{"damage":13,"enemies":"Shelled Parasite and Fungi","floor":30,"turns":4},{"damage":2,"enemies":"Snecko","floor":31,"turns":5},{"damage":22,"enemies":"Automaton","floor":33,"turns":7},{"damage":2,"enemies":"3 Darklings","floor":35,"turns":5},{"damage":0,"enemies":"Orb Walker","floor":37,"turns":2},{"damage":0,"enemies":"3 Darklings","floor":38,"turns":2},{"damage":20,"enemies":"Maw","floor":39,"turns":7},{"damage":50,"enemies":"Reptomancer","floor":40,"turns":3}],"seed_played":"-2757013523648187149","potions_obtained":[{"floor":12,"key":"FearPotion"},{"floor":13,"key":"SteroidPotion"},{"floor":13,"key":"Swift Potion"},{"floor":20,"key":"FocusPotion"},{"floor":24,"key":"Dexterity Potion"},{"floor":27,"key":"Fire Potion"},{"floor":37,"key":"Strength Potion"}],"is_trial":false,"path_per_floor":["?","M","?","?","?","?","?"],"character_chosen":"DEFECT","items_purchased":["Stack","Membership Card","Sunder+1","Conserve Battery"],"campfire_rested":3,"item_purchase_floors":[4,19,19,19],"current_hp_per_floor":[53,52,52,52,44,44,43,15,15,37,62,62,62,62,62,45,68,50,50,32,32,30,52,25,6,6,15,9,31,30,40,40,30,64,62,52,52,52,44,0],"gold":302,"neow_bonus":"HUNDRED_GOLD","is_prod":false,"is_daily":false,"chose_seed":false,"campfire_upgraded":3,"win_rate":0,"timestamp":1553273694,"path_taken":["M","M","?","$","?","R","M","E","T","R","?","M","?","M","R","BOSS","M","$","M","?","M","R","E","M","T","M","?","R","M","M","R","BOSS","M","?","M","M","M","E"],"build_version":"2019-01-23","purchased_purges":1,"victory":false,"max_hp_per_floor":[75,75,75,75,75,75,75,75,75,75,75,75,75,75,75,75,75,75,75,75,75,75,75,75,75,75,75,75,75,75,75,75,75,75,75,75,75,75,75,75],"card_choices":[{"not_picked":["Ball Lightning","Conserve Battery"],"picked":"Genetic Algorithm","floor":1},{"not_picked":["Beam Cell","Steam"],"picked":"Coolheaded","floor":2},{"not_picked":["Turbo","Stack"],"picked":"Darkness","floor":5},{"not_picked":["Compile Driver","Beam Cell"],"picked":"Stack","floor":7},{"not_picked":["Leap","Sweeping Beam"],"picked":"Electrodynamics","floor":8},{"not_picked":["Rip and Tear+1","Skim"],"picked":"FTL+1","floor":12},{"not_picked":["Gash+1","Steam Power"],"picked":"Cold Snap+1","floor":14},{"not_picked":["Creative AI","Thunder Strike+1"],"picked":"Echo Form","floor":16},{"not_picked":["Turbo","Steam+1"],"picked":"Coolheaded","floor":18},{"not_picked":["Leap","Reprogram+1"],"picked":"Streamline+1","floor":20},{"not_picked":["Cold Snap+1","Storm+1"],"picked":"Glacier+1","floor":22},{"not_picked":["BootSequence","Heatsinks","Hello World"],"picked":"SKIP","floor":24},{"not_picked":["Leap","Chill","Sunder+1"],"picked":"Creative AI","floor":25},{"not_picked":["Genetic Algorithm+1","White Noise","Turbo"],"picked":"Streamline+1","floor":27},{"not_picked":["Steam Power","Tempest+1","Recycle","Rebound+1"],"picked":"SKIP","floor":30},{"not_picked":["Cold Snap+1","BootSequence","Coolheaded"],"picked":"Skim","floor":31},{"not_picked":["Amplify","Hyperbeam+1","Biased Cognition"],"picked":"Thunder Strike+1","floor":33},{"not_picked":["Gash+1","Sweeping Beam+1","Capacitor"],"picked":"Streamline+1","floor":35},{"not_picked":["Dramatic Entrance+1","Apotheosis","Mind Blast+1"],"picked":"Enlightenment","floor":36},{"not_picked":["Finesse","Madness","Jack Of All Trades"],"picked":"Magnetism","floor":36},{"not_picked":["Sweeping Beam+1","Turbo","Beam Cell+1"],"picked":"Scrape+1","floor":37},{"not_picked":["Chill+1","Conserve Battery+1","Reinforced Body"],"picked":"Capacitor+1","floor":38},{"not_picked":["Chill","Rebound+1","Reprogram","Go for the Eyes+1"],"picked":"SKIP","floor":39}],"player_experience":873587,"relics_obtained":[{"floor":8,"key":"Molten Egg 2"},{"floor":9,"key":"Vajra"},{"floor":24,"key":"Question Card"},{"floor":26,"key":"Meat on the Bone"}],"event_choices":[{"damage_healed":0,"gold_gain":0,"player_choice":"Paid Gold","damage_taken":0,"relics_obtained":["Pen Nib"],"max_hp_gain":0,"max_hp_loss":0,"event_name":"WeMeetAgain","floor":3,"gold_loss":96},{"damage_healed":25,"gold_gain":0,"player_choice":"Banana","damage_taken":0,"max_hp_gain":0,"max_hp_loss":0,"event_name":"Big Fish","floor":11,"gold_loss":0},{"damage_healed":0,"gold_gain":0,"player_choice":"Got Potions","damage_taken":0,"max_hp_gain":0,"max_hp_loss":0,"event_name":"Lab","floor":13,"gold_loss":0},{"damage_healed":0,"gold_gain":0,"player_choice":"Read","damage_taken":0,"max_hp_gain":0,"max_hp_loss":0,"event_name":"The Library","floor":21,"gold_loss":0,"cards_obtained":["Scrape"]},{"damage_healed":0,"gold_gain":0,"player_choice":"Joined the Cult","damage_taken":6,"max_hp_gain":0,"max_hp_loss":0,"event_name":"Nest","floor":28,"gold_loss":0,"cards_obtained":["RitualDagger"]},{"damage_healed":0,"gold_gain":0,"player_choice":"Memory 3","damage_taken":10,"max_hp_gain":0,"max_hp_loss":0,"event_name":"SensoryStone","floor":36,"gold_loss":0}],"is_beta":false,"boss_relics":[{"not_picked":["Philosopher\u0027s Stone","Pandora\u0027s Box"],"picked":"Snecko Eye"},{"not_picked":["Busted Crown","Inserter"],"picked":"Fusion Hammer"}],"items_purged_floors":[19],"is_endless":false,"potions_floor_spawned":[12,20,24,27,31,37],"killed_by":"Reptomancer","ascension_level":6}