{"gold_per_floor":[111,126,52,69,144,144,175,175,202,202],"floor_reached":10,"playtime":300,"items_purged":["Regret"],"score":69,"play_id":"b4484be6-9ac7-4c14-8dba-3423bd31cf52","local_time":"20180807115047","is_ascension_mode":true,"campfire_choices":[{"data":"Caltrops","floor":6,"key":"SMITH"}],"neow_cost":"NONE","seed_source_timestamp":526125098354854,"circlet_count":0,"master_deck":["Defend_G","Defend_G","Defend_G","Defend_G","Defend_G","Strike_G","Strike_G","Strike_G","Strike_G","Strike_G","Survivor","Neutralize","Parasite","Writhe","Acrobatics","Caltrops+1","Dagger Throw","Dodge and Roll","Dash"],"relics":["Calling Bell","Anchor","Smiling Mask","Unceasing Top","Snake Skull","Boot"],"potions_floor_usage":[2],"damage_taken":[{"damage":8,"enemies":"Jaw Worm","floor":1,"turns":7},{"damage":0,"enemies":"2 Louse","floor":2,"turns":1},{"damage":0,"enemies":"Small Slimes","floor":4,"turns":4},{"damage":44,"enemies":"Gremlin Nob","floor":7,"turns":6},{"damage":8,"enemies":"Lagavulin","floor":10,"turns":3}],"seed_played":"-4411796773901896280","potions_obtained":[{"floor":1,"key":"Explosive Potion"}],"is_trial":false,"path_per_floor":["M","M","$","M","?","R","E","?","T"],"character_chosen":"THE_SILENT","items_purchased":["Dagger Throw"],"campfire_rested":0,"item_purchase_floors":[3],"current_hp_per_floor":[62,62,62,62,51,51,7,7,7,0],"gold":202,"neow_bonus":"BOSS_RELIC","is_prod":false,"is_daily":false,"chose_seed":false,"campfire_upgraded":1,"win_rate":0,"timestamp":1533664247,"path_taken":["M","M","$","M","?","R","E","?","T","E"],"build_version":"2018-08-02","purchased_purges":1,"victory":false,"max_hp_per_floor":[70,70,70,70,70,70,70,70,70,70],"card_choices":[{"not_picked":["Leg Sweep","Underhanded Strike"],"picked":"Acrobatics","floor":1},{"not_picked":["Dodge and Roll","Expertise"],"picked":"Caltrops","floor":2},{"not_picked":["All Out Attack","Flechettes"],"picked":"Dodge and Roll","floor":4},{"not_picked":["Adrenaline","Sucker Punch"],"picked":"Dash","floor":7}],"player_experience":213920,"relics_obtained":[{"floor":0,"key":"Anchor"},{"floor":0,"key":"Smiling Mask"},{"floor":0,"key":"Unceasing Top"},{"floor":7,"key":"Snake Skull"},{"floor":9,"key":"Boot"}],"event_choices":[{"event_name":"World of Goop","player_choice":"Gather Gold","floor":5,"damage_taken":0},{"event_name":"Liars Game","player_choice":"disagreed","floor":8,"damage_taken":0}],"is_beta":false,"boss_relics":[],"items_purged_floors":[3],"is_endless":false,"potions_floor_spawned":[1],"killed_by":"Lagavulin","ascension_level":1}