{"gold_per_floor":[215,229,154,169,34,34,47,72,72,72,72,72,72,96,96,224,224,248,173,196,196,196,196,59,78,105,105,141,141,182,197,197,320,320,343,343,343,343,361,361,386,386,386,386,404,427,22,22,22,22],"floor_reached":51,"playtime":3501,"items_purged":["Defend_R","Strike_R","Writhe","Defend_R"],"score":708,"play_id":"330606c8-1b7e-46bd-85e4-f4d12f4ca4f0","local_time":"20190109131252","is_ascension_mode":false,"campfire_choices":[{"data":"Rampage","floor":6.0,"key":"SMITH"},{"data":"Headbutt","floor":10.0,"key":"SMITH"},{"data":"Bash","floor":13.0,"key":"SMITH"},{"floor":15.0,"key":"REST"},{"data":"Feed","floor":23.0,"key":"SMITH"},{"data":"True Grit","floor":27.0,"key":"SMITH"},{"data":"Flame Barrier","floor":29.0,"key":"SMITH"},{"floor":32.0,"key":"REST"},{"data":"Madness","floor":40,"key":"SMITH"},{"floor":42,"key":"REST"},{"floor":44,"key":"REST"},{"data":"Madness","floor":49,"key":"SMITH"}],"neow_cost":"NONE","seed_source_timestamp":0,"circlet_count":0,"master_deck":["Defend_R","Defend_R","Bash+1","Shrug It Off+1","Rampage+1","Battle Trance","Battle Trance","Headbutt+1","Feed+1","Thunderclap+1","Disarm","Evolve+1","True Grit+1","Flame Barrier+1","Impervious+1","Armaments+1","Body Slam+1","Madness+1","Madness+1","Burning Pact","Metallicize+1"],"special_seed":0,"relics":["Burning Blood","Frozen Egg 2","The Courier","Golden Idol","Velvet Choker","Shuriken","Bag of Preparation","Kunai","Mummified Hand","Astrolabe","Bottled Lightning","ClockworkSouvenir","War Paint","Smiling Mask"],"potions_floor_usage":[50],"damage_taken":[{"damage":5.0,"enemies":"Cultist","floor":1.0,"turns":4.0},{"damage":13.0,"enemies":"Jaw Worm","floor":2.0,"turns":3.0},{"damage":4.0,"enemies":"Small Slimes","floor":4.0,"turns":5.0},{"damage":1.0,"enemies":"Exordium Thugs","floor":7.0,"turns":5.0},{"damage":30.0,"enemies":"Gremlin Nob","floor":8.0,"turns":4.0},{"damage":12.0,"enemies":"Blue Slaver","floor":14.0,"turns":3.0},{"damage":27.0,"enemies":"Slime Boss","floor":16.0,"turns":9.0},{"damage":0.0,"enemies":"Chosen","floor":18.0,"turns":3.0},{"damage":10.0,"enemies":"3 Byrds","floor":20.0,"turns":6.0},{"damage":23.0,"enemies":"3 Cultists","floor":25.0,"turns":5.0},{"damage":32.0,"enemies":"Slavers","floor":28.0,"turns":4.0},{"damage":40.0,"enemies":"Gremlin Leader","floor":30.0,"turns":6.0},{"damage":1.0,"enemies":"Cultist and Chosen","floor":31.0,"turns":6.0},{"damage":37.0,"enemies":"Champ","floor":33.0,"turns":11.0},{"damage":43,"enemies":"Orb Walker","floor":35,"turns":7},{"damage":15,"enemies":"3 Shapes","floor":39,"turns":4},{"damage":21,"enemies":"Maw","floor":41,"turns":7},{"damage":16,"enemies":"4 Shapes","floor":45,"turns":6},{"damage":0,"enemies":"Transient","floor":46,"turns":5},{"damage":73,"enemies":"Time Eater","floor":50,"turns":12}],"seed_played":"-4139745330332821181","potions_obtained":[{"floor":4.0,"key":"FearPotion"},{"floor":7.0,"key":"Fire Potion"},{"floor":14.0,"key":"BloodPotion"},{"floor":33.0,"key":"Fire Potion"}],"is_trial":false,"path_per_floor":["M","M","$","M","$","R","M","E","T","R","?","?","R","M","R","B",null,"M","?","M","?","?","R","$","M","T","R","E","R","E","M","R","B",null,"M","?","?","?","M","R","M","R","T","R","M","M","$","T","R","B",null],"character_chosen":"IRONCLAD","items_purchased":["Battle Trance","True Grit","ClockworkSouvenir","War Paint"],"campfire_rested":4,"item_purchase_floors":[5,24,47,47],"current_hp_per_floor":[80,73,73,75,75,75,80,56,56,56,36,36,36,30,54,33,80,83,83,82,82,82,82,82,69,69,69,47,47,13,22,51,20,98,65,65,52,52,47,47,36,69,69,102,96,102,102,102,102,46],"gold":22,"neow_bonus":"HUNDRED_GOLD","is_prod":false,"is_daily":false,"chose_seed":false,"campfire_upgraded":8,"win_rate":0,"timestamp":1547068372,"path_taken":["M","M","$","M","$","R","?","E","T","R","?","?","R","?","R","BOSS","M","?","M","?","?","R","$","M","T","R","E","R","E","M","R","BOSS","M","?","?","?","?","R","M","R","T","R","M","M","$","?","R","BOSS"],"build_version":"2019-01-03v4","purchased_purges":4,"victory":true,"max_hp_per_floor":[80,80,80,80,80,80,80,80,80,80,80,80,80,80,80,80,80,83,83,86,86,86,86,86,90,90,90,94,94,94,98,98,98,98,102,102,102,102,106,106,110,110,110,110,114,114,114,114,114,114],"card_choices":[{"not_picked":["Sword Boomerang","Body Slam","Reckless Charge"],"picked":"SKIP","floor":1.0},{"not_picked":["Burning Pact","Infernal Blade"],"picked":"Shrug It Off","floor":2.0},{"not_picked":["Power Through","Immolate"],"picked":"Rampage","floor":4.0},{"not_picked":["Shrug It Off","Clothesline"],"picked":"Battle Trance","floor":7.0},{"not_picked":["Uppercut","Heavy Blade"],"picked":"Headbutt","floor":8.0},{"not_picked":["Clash","Iron Wave","Body Slam"],"picked":"SKIP","floor":14.0},{"not_picked":["Limit Break","Impervious"],"picked":"Feed","floor":16.0},{"not_picked":["Twin Strike","Wild Strike+1"],"picked":"Thunderclap+1","floor":18.0},{"not_picked":["Wild Strike","Clash+1"],"picked":"Disarm","floor":20.0},{"not_picked":["Thunderclap","True Grit","Combust+1"],"picked":"SKIP","floor":25.0},{"not_picked":["Armaments+1","Seeing Red"],"picked":"Flame Barrier","floor":28.0},{"not_picked":["Combust+1","Bludgeon","Warcry"],"picked":"SKIP","floor":30.0},{"not_picked":["Sword Boomerang","True Grit","Inflame+1"],"picked":"SKIP","floor":31.0},{"not_picked":["Brutality+1","Demon Form+1"],"picked":"Impervious","floor":33.0},{"not_picked":["Sword Boomerang","True Grit+1","Iron Wave"],"picked":"SKIP","floor":35},{"not_picked":["Clash","Intimidate+1","Twin Strike+1"],"picked":"SKIP","floor":39},{"not_picked":["Havoc+1","Flex+1","Sword Boomerang+1"],"picked":"SKIP","floor":41},{"not_picked":["Havoc+1","Iron Wave","Flex+1"],"picked":"SKIP","floor":45},{"not_picked":["Thunderclap+1","Armaments+1"],"picked":"Metallicize+1","floor":46}],"player_experience":178713,"relics_obtained":[{"floor":8.0,"key":"Frozen Egg 2"},{"floor":9.0,"key":"The Courier"},{"floor":26.0,"key":"Bag of Preparation"},{"floor":28.0,"key":"Kunai"},{"floor":30.0,"key":"Mummified Hand"},{"floor":43,"key":"Bottled Lightning"},{"floor":48,"key":"Smiling Mask"}],"event_choices":[{"damage_healed":0.0,"max_hp_gain":0.0,"max_hp_loss":0.0,"gold_gain":0.0,"event_name":"Golden Idol","player_choice":"Take Damage","floor":11.0,"gold_loss":0.0,"damage_taken":20.0,"relics_obtained":["Golden Idol"]},{"damage_healed":0.0,"max_hp_gain":0.0,"max_hp_loss":0.0,"gold_gain":0.0,"event_name":"Liars Game","player_choice":"Ignored","floor":12.0,"gold_loss":0.0,"damage_taken":0.0},{"cards_removed":["Strike_R"],"damage_healed":0.0,"max_hp_gain":0.0,"max_hp_loss":0.0,"gold_gain":0.0,"event_name":"Beggar","player_choice":"Gave Gold","floor":19.0,"gold_loss":75.0,"damage_taken":0.0},{"damage_healed":0.0,"max_hp_gain":0.0,"max_hp_loss":0.0,"gold_gain":0.0,"event_name":"The Library","player_choice":"Read","floor":21.0,"gold_loss":0.0,"damage_taken":0.0,"cards_obtained":["Evolve"]},{"damage_healed":0.0,"max_hp_gain":0.0,"max_hp_loss":0.0,"gold_gain":0.0,"event_name":"The Mausoleum","player_choice":"Opened","floor":22.0,"gold_loss":0.0,"damage_taken":0.0,"relics_obtained":["Shuriken"],"cards_obtained":["Writhe"]},{"cards_removed":["Fire Breathing"],"damage_healed":0,"gold_gain":0,"player_choice":"Removed Power","damage_taken":0,"max_hp_gain":0,"max_hp_loss":0,"event_name":"Falling","floor":36,"gold_loss":0},{"damage_healed":0,"gold_gain":0,"player_choice":"Embrace Madness","damage_taken":13,"max_hp_gain":0,"max_hp_loss":0,"event_name":"Winding Halls","floor":37,"gold_loss":0,"cards_obtained":["Madness","Madness"]},{"damage_healed":0,"gold_gain":0,"player_choice":"1 cards matched","damage_taken":0,"max_hp_gain":0,"max_hp_loss":0,"event_name":"Match and Keep!","floor":38,"gold_loss":0,"cards_obtained":["Burning Pact"]}],"is_beta":false,"boss_relics":[{"not_picked":["Runic Pyramid","Tiny House"],"picked":"Velvet Choker"},{"not_picked":["Black Blood","Calling Bell"],"picked":"Astrolabe"}],"items_purged_floors":[3,5,24,47],"is_endless":false,"potions_floor_spawned":[4,7,14,16,20,25,30,33,46],"ascension_level":0}