{"gold_per_floor":[113,288,301,301,301,332,332,353,353,428,441,441,454,468,468,596,596,617,617,67,88,107,107,107],"floor_reached":24,"playtime":970,"items_purged":["Doubt"],"score":257,"play_id":"7501900c-a35e-497e-b262-785faf363afa","local_time":"20190322135002","is_ascension_mode":true,"campfire_choices":[{"data":"1","floor":7,"key":"LIFT"},{"data":"2","floor":15,"key":"LIFT"},{"data":"3","floor":23,"key":"LIFT"}],"neow_cost":"NONE","seed_source_timestamp":569947104487962,"circlet_count":0,"master_deck":["Strike_B","Strike_B","Strike_B","Strike_B","Defend_B","Defend_B","Defend_B","Defend_B+1","Zap+1","Dualcast","Doom and Gloom+1","Redo","Undo","Ball Lightning","Doom and Gloom","Echo Form","Leap","Creative AI","FTL","Hologram","Go for the Eyes","Self Repair","Conserve Battery"],"relics":["Cracked Core","Golden Idol","Girya","Meat on the Bone","White Beast Statue","Mango"],"potions_floor_usage":[13],"damage_taken":[{"damage":0,"enemies":"2 Louse","floor":1,"turns":2},{"damage":0,"enemies":"Small Slimes","floor":3,"turns":3},{"damage":25,"enemies":"Lagavulin","floor":6,"turns":5},{"damage":12,"enemies":"Jaw Worm","floor":8,"turns":3},{"damage":0,"enemies":"Blue Slaver","floor":11,"turns":3},{"damage":9,"enemies":"Exordium Wildlife","floor":13,"turns":3},{"damage":10,"enemies":"Large Slime","floor":14,"turns":3},{"damage":21,"enemies":"Hexaghost","floor":16,"turns":7},{"damage":29,"enemies":"3 Byrds","floor":18,"turns":4},{"damage":19,"enemies":"Shell Parasite","floor":21,"turns":6},{"damage":37,"enemies":"Cultist and Chosen","floor":22,"turns":6},{"damage":33,"enemies":"Gremlin Leader","floor":24,"turns":2}],"seed_played":"-5504292399831002590","potions_obtained":[{"floor":3,"key":"Dexterity Potion"},{"floor":6,"key":"LiquidBronze"},{"floor":11,"key":"Energy Potion"},{"floor":16,"key":"Ancient Potion"},{"floor":18,"key":"Fire Potion"}],"is_trial":false,"path_per_floor":["?","?","?","?","M","?","?"],"character_chosen":"DEFECT","items_purchased":["Hologram","Go for the Eyes","Mango","Self Repair"],"campfire_rested":0,"item_purchase_floors":[20,20,20,20],"current_hp_per_floor":[68,68,68,73,73,48,48,36,36,25,37,22,25,27,27,18,60,43,43,57,50,32,32,0],"gold":107,"neow_bonus":"UPGRADE_CARD","is_prod":false,"is_daily":false,"chose_seed":false,"campfire_upgraded":0,"win_rate":0,"timestamp":1553277002,"path_taken":["M","?","M","?","?","E","R","M","T","?","?","?","M","M","R","BOSS","M","?","$","M","M","R","E"],"build_version":"2019-01-23","purchased_purges":1,"victory":false,"max_hp_per_floor":[75,75,75,80,74,74,74,74,74,74,74,74,74,74,74,74,74,74,74,88,88,88,88,88],"card_choices":[{"not_picked":["Go for the Eyes","Storm"],"picked":"Doom and Gloom","floor":1},{"not_picked":["Static Discharge","Self Repair"],"picked":"Redo","floor":3},{"not_picked":["Coolheaded","Turbo"],"picked":"Undo","floor":6},{"not_picked":["Leap","Hello World"],"picked":"Ball Lightning","floor":8},{"not_picked":["Capacitor","Rebound"],"picked":"Doom and Gloom","floor":11},{"not_picked":["White Noise","Glacier"],"picked":"Echo Form","floor":13},{"not_picked":["Barrage","Gash"],"picked":"Leap","floor":14},{"not_picked":["Machine Learning","Multi-Cast"],"picked":"Creative AI","floor":16},{"not_picked":["Capacitor","Steam+1","Consume+1"],"picked":"SKIP","floor":18},{"not_picked":["Fusion","Ball Lightning","Hello World"],"picked":"SKIP","floor":21},{"not_picked":["Streamline","Self Repair"],"picked":"Conserve Battery","floor":22}],"player_experience":878493,"relics_obtained":[{"floor":6,"key":"Girya"},{"floor":9,"key":"Meat on the Bone"}],"event_choices":[{"damage_healed":0,"gold_gain":175,"player_choice":"AGREE","damage_taken":0,"max_hp_gain":0,"max_hp_loss":0,"event_name":"Liars Game","floor":2,"gold_loss":0,"cards_obtained":["Doubt"]},{"damage_healed":0,"gold_gain":0,"player_choice":"Donut","damage_taken":0,"max_hp_gain":5,"max_hp_loss":0,"event_name":"Big Fish","floor":4,"gold_loss":0},{"damage_healed":0,"gold_gain":0,"player_choice":"Lose Max HP","damage_taken":0,"relics_obtained":["Golden Idol"],"max_hp_gain":0,"max_hp_loss":6,"event_name":"Golden Idol","floor":5,"gold_loss":0},{"damage_healed":0,"gold_gain":75,"player_choice":"Gather Gold","damage_taken":11,"max_hp_gain":0,"max_hp_loss":0,"event_name":"World of Goop","floor":10,"gold_loss":0},{"damage_healed":0,"gold_gain":0,"player_choice":"Entered Light","damage_taken":15,"max_hp_gain":0,"max_hp_loss":0,"event_name":"Shining Light","floor":12,"gold_loss":0,"cards_upgraded":["Defend_B","Doom and Gloom"]},{"damage_healed":0,"gold_gain":0,"player_choice":"Read","damage_taken":0,"max_hp_gain":0,"max_hp_loss":0,"event_name":"The Library","floor":19,"gold_loss":0,"cards_obtained":["FTL"]}],"is_beta":false,"boss_relics":[{"not_picked":["Sozu","Fusion Hammer"],"picked":"White Beast Statue"}],"items_purged_floors":[20],"is_endless":false,"potions_floor_spawned":[3,6,11,16,18,21,22],"killed_by":"Gremlin Leader","ascension_level":6}