{"gold_per_floor":[11,29,29,42,56,56,56,102,102,102,119,44,44,64,64,160,160,171,185,55,65,65,65,65,81,81,81,96,96,96,115,115,212,212,226,244,1243,1243,1243],"floor_reached":39,"playtime":1478,"items_purged":["Strike_R"],"score":398,"play_id":"b4117ae6-dfde-426d-9edb-a6907ae88ce1","local_time":"20190216150927","is_ascension_mode":false,"campfire_choices":[{"data":"Apotheosis","floor":6,"key":"SMITH"},{"data":"Searing Blow","floor":10,"key":"SMITH"},{"data":"Searing Blow+1","floor":15,"key":"SMITH"},{"floor":23,"key":"REST"},{"floor":27,"key":"REST"},{"floor":29,"key":"REST"},{"floor":32,"key":"REST"}],"neow_cost":"NO_GOLD","seed_source_timestamp":75802036224989,"circlet_count":0,"master_deck":["Strike_R","Strike_R","Strike_R","Strike_R","Defend_R","Defend_R","Defend_R","Defend_R","Thinking Ahead","Apotheosis+1","Flex","Seeing Red","Searing Blow+3","Warcry","Shrug It Off","Dual Wield","Limit Break","Headbutt+1","Flex","Double Tap","Rampage+1","Feed","Exhume","Infernal Blade","Normality","Normality"],"relics":["Burning Blood"],"potions_floor_usage":[14,16,16,18,31,33,39],"damage_taken":[{"damage":0,"enemies":"Cultist","floor":1,"turns":3},{"damage":8,"enemies":"Small Slimes","floor":2,"turns":4},{"damage":6,"enemies":"Jaw Worm","floor":4,"turns":3},{"damage":19,"enemies":"Lots of Slimes","floor":5,"turns":5},{"damage":0,"enemies":"Red Slaver","floor":11,"turns":3},{"damage":1,"enemies":"Exordium Wildlife","floor":14,"turns":4},{"damage":8,"enemies":"Slime Boss","floor":16,"turns":8},{"damage":18,"enemies":"Shell Parasite","floor":18,"turns":5},{"damage":43,"enemies":"3 Byrds","floor":19,"turns":8},{"damage":19,"enemies":"Snecko","floor":21,"turns":7},{"damage":40,"enemies":"3 Cultists","floor":25,"turns":6},{"damage":20,"enemies":"Centurion and Healer","floor":28,"turns":6},{"damage":21,"enemies":"Shelled Parasite and Fungi","floor":31,"turns":4},{"damage":60,"enemies":"Automaton","floor":33,"turns":10},{"damage":20,"enemies":"3 Shapes","floor":35,"turns":6},{"damage":61,"enemies":"3 Darklings","floor":36,"turns":10},{"damage":13,"enemies":"Transient","floor":39,"turns":2}],"seed_played":"5539043059956969248","potions_obtained":[{"floor":2,"key":"Block Potion"},{"floor":3,"key":"Strength Potion"},{"floor":3,"key":"Weak Potion"},{"floor":14,"key":"Explosive Potion"},{"floor":28,"key":"Regen Potion"},{"floor":31,"key":"AttackPotion"},{"floor":33,"key":"EssenceOfSteel"},{"floor":35,"key":"Ancient Potion"},{"floor":36,"key":"Weak Potion"}],"is_trial":false,"path_per_floor":["M","M","?","M","M","R","?","T","T","R","M","$","?","M","R","B",null,"M","M","$","M","?","R","?","M","T","R","M","R","?","M","R","B",null,"M","M","?","?","M"],"character_chosen":"IRONCLAD","items_purchased":["Flex","Double Tap"],"campfire_rested":4,"item_purchase_floors":[20,20],"current_hp_per_floor":[80,78,78,78,65,65,65,65,65,65,71,71,71,76,76,74,80,68,31,31,18,18,42,42,8,8,32,18,42,42,39,63,9,80,66,11,11,11,0],"gold":1243,"neow_bonus":"RANDOM_COLORLESS_2","is_prod":false,"is_daily":false,"chose_seed":false,"campfire_upgraded":3,"win_rate":0,"timestamp":1550354967,"path_taken":["M","?","?","M","?","R","?","?","T","R","?","?","?","M","R","BOSS","M","M","$","M","?","R","?","?","T","R","M","R","?","M","R","BOSS","M","M","?","?","M"],"build_version":"2019-01-23","purchased_purges":1,"victory":false,"max_hp_per_floor":[80,80,80,80,80,80,80,80,80,80,80,80,80,80,80,80,80,80,80,80,80,80,80,80,80,80,80,80,80,80,80,80,80,80,80,80,80,80,80],"card_choices":[{"not_picked":["Anger","Battle Trance"],"picked":"Flex","floor":1},{"not_picked":["Intimidate","Havoc"],"picked":"Seeing Red","floor":2},{"not_picked":["Rage","Havoc"],"picked":"Searing Blow","floor":4},{"not_picked":["Havoc","Fire Breathing"],"picked":"Warcry","floor":5},{"not_picked":["Body Slam","Carnage"],"picked":"Shrug It Off","floor":11},{"not_picked":["Disarm","Headbutt"],"picked":"Dual Wield","floor":14},{"not_picked":["Barricade","Juggernaut"],"picked":"Limit Break","floor":16},{"not_picked":["Evolve","Inflame"],"picked":"Headbutt+1","floor":18},{"not_picked":["Body Slam","Fire Breathing","Anger+1"],"picked":"SKIP","floor":19},{"not_picked":["Entrench+1","Anger+1"],"picked":"Rampage+1","floor":21},{"not_picked":["Rupture","Thunderclap","Searing Blow"],"picked":"SKIP","floor":25},{"not_picked":["Havoc+1","Pommel Strike","Fire Breathing"],"picked":"SKIP","floor":28},{"not_picked":["Shrug It Off","Shockwave"],"picked":"Feed","floor":31},{"not_picked":["Impervious","Immolate"],"picked":"Exhume","floor":33},{"not_picked":["Sword Boomerang+1","Feel No Pain+1","Twin Strike+1"],"picked":"SKIP","floor":35},{"not_picked":["Feel No Pain","Havoc+1"],"picked":"Infernal Blade","floor":36}],"player_experience":1498364,"relics_obtained":[],"event_choices":[{"damage_healed":0,"gold_gain":0,"player_choice":"Got Potions","damage_taken":0,"max_hp_gain":0,"max_hp_loss":0,"event_name":"Lab","floor":3,"gold_loss":0},{"damage_healed":0,"gold_gain":0,"player_choice":"Fled","damage_taken":0,"max_hp_gain":0,"max_hp_loss":0,"event_name":"Scrap Ooze","floor":7,"gold_loss":0},{"damage_healed":0,"gold_gain":0,"player_choice":"Ignored","damage_taken":0,"max_hp_gain":0,"max_hp_loss":0,"event_name":"Golden Idol","floor":13,"gold_loss":0},{"damage_healed":0,"gold_gain":0,"player_choice":"Forge","damage_taken":0,"max_hp_gain":0,"max_hp_loss":0,"event_name":"Accursed Blacksmith","floor":24,"gold_loss":0,"cards_upgraded":["Searing Blow"]},{"damage_healed":0,"gold_gain":0,"player_choice":"Ignored","damage_taken":0,"max_hp_gain":0,"max_hp_loss":0,"event_name":"Ghosts","floor":30,"gold_loss":0},{"damage_healed":0,"gold_gain":999,"player_choice":"Gold","damage_taken":0,"max_hp_gain":0,"max_hp_loss":0,"event_name":"MindBloom","floor":37,"gold_loss":0,"cards_obtained":["Normality","Normality"]},{"cards_removed":["Bash"],"damage_healed":0,"gold_gain":0,"player_choice":"Removed Attack","damage_taken":0,"max_hp_gain":0,"max_hp_loss":0,"event_name":"Falling","floor":38,"gold_loss":0}],"is_beta":false,"boss_relics":[{"not_picked":["Runic Pyramid","Philosopher\u0027s Stone","White Beast Statue"]},{"not_picked":["Calling Bell","Fusion Hammer","Eternal Feather"]}],"items_purged_floors":[12],"is_endless":false,"potions_floor_spawned":[2,11,14,28,31,33,35,36],"killed_by":"Transient","ascension_level":0}