{"gold_per_floor":[113,113,38,59,9,42,65,100,126,111],"floor_reached":10,"playtime":933,"items_purged":["Injury"],"score":80,"play_id":"e118a1cf-b901-4ed6-aeaf-a932c624c54d","local_time":"20180910204803","is_ascension_mode":true,"campfire_choices":[],"neow_cost":"","seed_source_timestamp":623796772350618,"circlet_count":0,"master_deck":["Strike_B","Strike_B","Strike_B","Strike_B","Defend_B","Defend_B","Defend_B","Zap","Dualcast","White Noise","Conserve Battery","Chill","Creative AI"],"relics":["Cracked Core","Golden Idol","Potion Belt","Omamori","Juzu Bracelet"],"potions_floor_usage":[8,8,10],"damage_taken":[{"damage":4,"enemies":"2 Louse","floor":1,"turns":3},{"damage":0,"enemies":"Jaw Worm","floor":4,"turns":3},{"damage":46,"enemies":"Gremlin Nob","floor":6,"turns":5},{"damage":0,"enemies":"Cultist","floor":7,"turns":3},{"damage":23,"enemies":"3 Sentries","floor":8,"turns":12},{"damage":5,"enemies":"Looter","floor":10,"turns":1}],"seed_played":"-7638893629297341315","potions_obtained":[{"floor":1,"key":"Poison Potion"},{"floor":4,"key":"Weak Potion"},{"floor":7,"key":"Swift Potion"}],"is_trial":false,"path_per_floor":["M","?","$","M","?","E","M","E","T"],"character_chosen":"DEFECT","items_purchased":[],"campfire_rested":0,"item_purchase_floors":[],"current_hp_per_floor":[71,71,71,71,71,25,25,2,2,0],"gold":111,"neow_bonus":"","is_prod":false,"is_daily":false,"chose_seed":false,"campfire_upgraded":0,"win_rate":0,"timestamp":1536637683,"path_taken":["M","?","?","M","?","E","M","E","T","M"],"build_version":"2018-09-06","purchased_purges":1,"victory":false,"max_hp_per_floor":[75,75,75,75,75,75,75,75,75,75],"card_choices":[{"not_picked":["Double Energy","Auto Shields"],"picked":"White Noise","floor":1},{"not_picked":["Barrage","Double Energy","Gash"],"picked":"SKIP","floor":4},{"not_picked":["Melter","Beam Cell"],"picked":"Conserve Battery","floor":6},{"not_picked":["Beam Cell","Chaos"],"picked":"Chill","floor":7},{"not_picked":["Conserve Battery","Streamline"],"picked":"Creative AI","floor":8}],"player_experience":47938,"relics_obtained":[{"floor":6,"key":"Potion Belt"},{"floor":8,"key":"Omamori"},{"floor":9,"key":"Juzu Bracelet"}],"event_choices":[{"event_name":"Golden Idol","player_choice":"Take Wound","floor":2,"damage_taken":0},{"event_name":"The Cleric","player_choice":"Card Removal","floor":5,"damage_taken":0}],"is_beta":false,"boss_relics":[],"items_purged_floors":[3],"is_endless":false,"potions_floor_spawned":[1,4,7],"killed_by":"Looter","ascension_level":1}