{"gold_per_floor":[117,36,36,211,231,231,263,263,263,297,297,328,339,289,289,393,393],"floor_reached":17,"playtime":5776,"items_purged":[],"score":276,"play_id":"baec594c-d0d8-4522-ad91-68e4d8f304c6","local_time":"20181020183255","is_ascension_mode":true,"campfire_choices":[{"data":"Footwork","floor":6,"key":"SMITH"},{"floor":8,"key":"REST"},{"floor":11,"key":"REST"},{"data":"Tools of the Trade","floor":15,"key":"SMITH"}],"neow_cost":"NONE","seed_source_timestamp":861881044532066,"circlet_count":0,"master_deck":["Defend_G","Defend_G","Defend_G","Defend_G","Defend_G","Strike_G","Strike_G","Strike_G","Strike_G","Survivor","Neutralize","Tools of the Trade+1","Poisoned Stab","Footwork+1","Dodge and Roll","Bane","Masterful Stab","Underhanded Strike","Calculated Gamble","Adrenaline"],"relics":["Ring of the Snake","Anchor","Bottled Tornado","Darkstone Periapt","Kunai","Busted Crown"],"potions_floor_usage":[],"damage_taken":[{"damage":0,"enemies":"Jaw Worm","floor":1,"turns":6},{"damage":0,"enemies":"Cultist","floor":5,"turns":4},{"damage":28,"enemies":"Gremlin Nob","floor":7,"turns":6},{"damage":19,"enemies":"3 Sentries","floor":10,"turns":14},{"damage":13,"enemies":"Lagavulin","floor":12,"turns":12},{"damage":0,"enemies":"Small Slimes","floor":13,"turns":3},{"damage":0,"enemies":"The Guardian","floor":16,"turns":16}],"seed_played":"5543806551928668650","potions_obtained":[{"floor":1,"key":"SkillPotion"},{"floor":16,"key":"SkillPotion"}],"is_trial":false,"path_per_floor":["M","$","?","?","M","R","E","R","T","E","R","E","M","?","R","B"],"character_chosen":"THE_SILENT","items_purchased":["Footwork"],"campfire_rested":2,"item_purchase_floors":[2],"current_hp_per_floor":[70,70,70,70,70,70,42,63,63,44,65,52,52,52,52,52,66],"gold":393,"neow_bonus":"ONE_RANDOM_RARE_CARD","is_prod":false,"is_daily":false,"chose_seed":false,"campfire_upgraded":2,"win_rate":0,"timestamp":1540081975,"path_taken":["M","$","?","?","M","R","E","R","T","E","R","E","M","?","R","BOSS"],"build_version":"2018-10-18","purchased_purges":0,"victory":false,"max_hp_per_floor":[70,70,70,70,70,70,70,70,70,70,70,70,70,70,70,70,70],"card_choices":[{"not_picked":["Predator","Dodge and Roll"],"picked":"Poisoned Stab","floor":1},{"not_picked":["Setup","Blade Dance"],"picked":"Dodge and Roll","floor":5},{"not_picked":["Dagger Spray","Accuracy"],"picked":"Bane","floor":7},{"not_picked":["Cloak And Dagger","Endless Agony"],"picked":"Masterful Stab","floor":10},{"not_picked":["Grand Finale","Quick Slash"],"picked":"Underhanded Strike","floor":12},{"not_picked":["Predator","Dagger Spray"],"picked":"Calculated Gamble","floor":13},{"not_picked":["Glass Knife","Unload"],"picked":"Adrenaline","floor":16}],"player_experience":736427,"relics_obtained":[{"floor":7,"key":"Anchor"},{"floor":9,"key":"Bottled Tornado"},{"floor":10,"key":"Darkstone Periapt"},{"floor":12,"key":"Kunai"}],"event_choices":[{"cards_removed":["Strike_G"],"damage_healed":0,"gold_gain":0,"player_choice":"Offered Basic","damage_taken":0,"max_hp_gain":0,"max_hp_loss":0,"event_name":"Bonfire Elementals","floor":3,"gold_loss":0},{"damage_healed":0,"gold_gain":175,"player_choice":"AGREE","damage_taken":0,"max_hp_gain":0,"max_hp_loss":0,"event_name":"Liars Game","floor":4,"gold_loss":0,"cards_obtained":["Doubt"]},{"cards_removed":["Doubt"],"damage_healed":0,"gold_gain":0,"player_choice":"Card Removal","damage_taken":0,"max_hp_gain":0,"max_hp_loss":0,"event_name":"The Cleric","floor":14,"gold_loss":50}],"is_beta":false,"boss_relics":[{"not_picked":["Tiny House","Pandora\u0027s Box"],"picked":"Busted Crown"}],"items_purged_floors":[],"is_endless":false,"potions_floor_spawned":[1,16],"ascension_level":5}