{"gold_per_floor":[144,189,189,234,279,324,324,414,414,589,589,589,634,757,757,1057,1057,1102,1147,354,354,354,354,404,494,494,494,494,494,494,539,539,839,839,884,1883,1883,1928,1928,1928],"floor_reached":41,"playtime":1977,"items_purged":[],"score":882,"play_id":"49e49585-811a-4ce0-8551-31ff4574ae21","local_time":"20180804200846","daily_mods":["Specialized","Cursed Run","Midas"],"is_ascension_mode":false,"campfire_choices":[{"floor":7,"key":"REST"},{"floor":12,"key":"REST"},{"floor":15,"key":"REST"},{"floor":23,"key":"REST"},{"floor":30,"key":"REST"},{"floor":32,"key":"REST"}],"neow_cost":"","seed_source_timestamp":287157770139307,"circlet_count":0,"master_deck":["Strike_B","Strike_B","Strike_B","Strike_B","Defend_B","Defend_B","Defend_B","Defend_B","Zap","Dualcast","Thunder Strike","Thunder Strike","Thunder Strike","Thunder Strike","Thunder Strike","Cold Snap","Stack","Regret","Redo","Defragment","Reprogram","Coolheaded","Clumsy","Doubt","Go for the Eyes","Ball Lightning","Parasite","Echo Form","Normality","Pain","Parasite","Loop+1","Sweeping Beam","Static Discharge","Streamline","Swift Strike","Leap","Turbo","Writhe","RitualDagger","Stack+1","Parasite","Injury","Melter","Clumsy","Rainbow","BootSequence+1","Normality","Normality","Swift Strike","Madness","Dramatic Entrance","Sweeping Beam","Pain"],"special_seed":17748,"relics":["Cursed Key","Darkstone Periapt","Du-Vu Doll","Emotion Chip","Thread and Needle","Anchor","Blue Candle","Lantern","Calling Bell","Bag of Marbles","Meat on the Bone","Nunchaku","Blood Vial","HandDrill","Bag of Preparation","Boot","Gremlin Horn","Ornamental Fan","Nilry\u0027s Codex","Torii","Eternal Feather"],"potions_floor_usage":[16,16,19,33,40,40,40],"damage_taken":[{"damage":0,"enemies":"2 Louse","floor":1,"turns":3},{"damage":7,"enemies":"Jaw Worm","floor":2,"turns":4},{"damage":3,"enemies":"Cultist","floor":4,"turns":5},{"damage":12,"enemies":"Large Slime","floor":5,"turns":7},{"damage":25,"enemies":"2 Fungi Beasts","floor":6,"turns":5},{"damage":10,"enemies":"3 Sentries","floor":8,"turns":6},{"damage":3,"enemies":"Exordium Wildlife","floor":13,"turns":3},{"damage":2,"enemies":"3 Sentries","floor":14,"turns":7},{"damage":21,"enemies":"Slime Boss","floor":16,"turns":10},{"damage":21,"enemies":"Chosen","floor":18,"turns":5},{"damage":23,"enemies":"3 Byrds","floor":19,"turns":5},{"damage":27,"enemies":"Slavers","floor":25,"turns":3},{"damage":15,"enemies":"Centurion and Healer","floor":31,"turns":5},{"damage":70,"enemies":"Collector","floor":33,"turns":7},{"damage":6,"enemies":"Flame Bruiser 1 Orb","floor":35,"turns":5},{"damage":1,"enemies":"3 Shapes","floor":38,"turns":1},{"damage":121,"enemies":"Donu and Deca","floor":40,"turns":7}],"seed_played":"5740276892654429722","potions_obtained":[{"floor":1,"key":"SteroidPotion"},{"floor":8,"key":"FearPotion"},{"floor":14,"key":"SkillPotion"},{"floor":16,"key":"AttackPotion"},{"floor":18,"key":"FearPotion"},{"floor":31,"key":"PowerPotion"},{"floor":33,"key":"SkillPotion"},{"floor":38,"key":"Ancient Potion"}],"is_trial":false,"path_per_floor":["M","M","?","M","M","M","R","E","T","?","?","R","M","?","R","B",null,"M","M","$","?","?","R","?","E","T","?","T","?","R","M","R","B",null,"M","?","?","M","?","B"],"character_chosen":"DEFECT","items_purchased":["Blood Vial","Static Discharge","Streamline","Swift Strike","HandDrill","Bag of Preparation","Leap","Turbo"],"campfire_rested":6,"item_purchase_floors":[20,20,20,20,20,20,20,20],"current_hp_per_floor":[75,68,74,71,59,34,58,48,54,60,53,80,77,75,93,78,117,96,73,73,79,73,109,109,84,90,74,80,80,120,107,135,83,141,135,147,137,138,138,37],"gold":1928,"neow_bonus":"","is_prod":false,"is_daily":true,"chose_seed":false,"campfire_upgraded":0,"win_rate":0,"timestamp":1533434926,"path_taken":["M","M","?","M","M","M","R","E","T","?","?","R","M","?","R","BOSS","M","M","$","?","?","R","?","E","T","?","?","?","R","?","R","BOSS","M","?","?","M","?","BOSS"],"build_version":"2018-08-02","purchased_purges":0,"victory":true,"max_hp_per_floor":[75,75,81,81,81,81,81,81,87,93,93,93,93,93,93,99,117,117,117,117,123,123,123,123,123,129,129,135,135,135,135,135,141,141,141,153,153,153,153,159],"card_choices":[{"not_picked":["Go for the Eyes","Compile Driver"],"picked":"Cold Snap","floor":1},{"not_picked":["Rebound","Steam"],"picked":"Stack","floor":2},{"not_picked":["Creative AI","Leap"],"picked":"Redo","floor":4},{"not_picked":["Stack","Storm"],"picked":"Defragment","floor":5},{"not_picked":["Barrage","Skim"],"picked":"Reprogram","floor":6},{"not_picked":["Scrape","Barrage"],"picked":"Coolheaded","floor":8},{"not_picked":["Leap","Heatsinks"],"picked":"Go for the Eyes","floor":13},{"not_picked":["Stack","Turbo"],"picked":"Ball Lightning","floor":14},{"not_picked":["All For One","Fission"],"picked":"Echo Form","floor":16},{"not_picked":["Auto Shields","Go for the Eyes"],"picked":"Loop+1","floor":18},{"not_picked":["Glacier","FTL"],"picked":"Sweeping Beam","floor":19},{"not_picked":["Conserve Battery+1","Reboot"],"picked":"Stack+1","floor":25},{"not_picked":["Force Field","Reprogram+1"],"picked":"Melter","floor":31},{"not_picked":["Electrodynamics","Buffer"],"picked":"Rainbow","floor":33},{"not_picked":["Rebound","Turbo+1"],"picked":"BootSequence+1","floor":35},{"not_picked":["Flash of Steel","Finesse"],"picked":"Swift Strike","floor":37},{"not_picked":["Magnetism","Good Instincts"],"picked":"Madness","floor":37},{"not_picked":["Flash of Steel","Blind"],"picked":"Dramatic Entrance","floor":37},{"not_picked":["Turbo","Redo"],"picked":"Sweeping Beam","floor":38}],"player_experience":192075,"relics_obtained":[{"floor":8,"key":"Thread and Needle"},{"floor":9,"key":"Anchor"},{"floor":14,"key":"Lantern"},{"floor":17,"key":"Bag of Marbles"},{"floor":17,"key":"Meat on the Bone"},{"floor":17,"key":"Nunchaku"},{"floor":25,"key":"Gremlin Horn"},{"floor":26,"key":"Ornamental Fan"},{"floor":27,"key":"Nilry\u0027s Codex"},{"floor":28,"key":"Torii"}],"event_choices":[{"event_name":"Big Fish","player_choice":"Box","floor":3,"damage_taken":0},{"event_name":"Liars Game","player_choice":"agreed","floor":10,"damage_taken":0},{"event_name":"Scrap Ooze","player_choice":"success","floor":11,"damage_taken":7},{"event_name":"Dead Adventurer","player_choice":"Searched \u00271\u0027 times","floor":14,"damage_taken":0},{"event_name":"The Mausoleum","player_choice":"Yes","floor":21,"damage_taken":0},{"event_name":"Nest","player_choice":"Joined the Cult","floor":22,"damage_taken":0},{"event_name":"The Joust","player_choice":"Bet on Murderer","floor":24,"damage_taken":0},{"event_name":"Cursed Tome","player_choice":"Obtained Book","floor":27,"damage_taken":0},{"event_name":"Ghosts","player_choice":"Ignored","floor":29,"damage_taken":0},{"event_name":"MindBloom","player_choice":"Gold","floor":36,"damage_taken":0},{"event_name":"SensoryStone","player_choice":"Memory 3","floor":37,"damage_taken":0},{"event_name":"SecretPortal","player_choice":"Took Portal.","floor":39,"damage_taken":0}],"is_beta":false,"boss_relics":[{"not_picked":["Inserter","Busted Crown"],"picked":"Calling Bell"},{"not_picked":["Snecko Eye","Philosopher\u0027s Stone"],"picked":"Eternal Feather"}],"items_purged_floors":[],"is_endless":false,"potions_floor_spawned":[1,8,14,16,18,31,33,38],"ascension_level":0}