{"gold_per_floor":[119,119,394,409,427,459,105,105,105,139,155,155,155,35,35,133,133,148,148,148,175,17,48,48,48,100,135,135,168,179,194,194,290,290,310,321,335,80,96,96,124,358,370,415,427,470,482,549,561,573],"floor_reached":51,"playtime":9948,"items_purged":["Regret"],"score":1013,"play_id":"910c97a5-b2dc-465d-936c-7e0cf9d24643","local_time":"20190412005822","is_ascension_mode":true,"campfire_choices":[{"data":"Gash","floor":12.0,"key":"SMITH"},{"floor":15.0,"key":"REST"},{"data":"Fission","floor":24.0,"key":"SMITH"},{"data":"Discovery","floor":28.0,"key":"SMITH"},{"data":"Dualcast","floor":32.0,"key":"SMITH"},{"data":"Echo Form","floor":40.0,"key":"SMITH"},{"data":"Gash","floor":47,"key":"SMITH"},{"floor":49,"key":"REST"}],"neow_cost":"TEN_PERCENT_HP_LOSS","seed_source_timestamp":44475630892686,"circlet_count":0,"master_deck":["Strike_B","Strike_B+1","Defend_B","Defend_B+1","Zap","Dualcast+1","Gash+1","Fission+1","Conserve Battery","Steam Power","Biased Cognition","Scrape","Sweeping Beam","Beam Cell","Discovery+1","Reboot","Sweeping Beam+1","Turbo+1","Cold Snap+1","Ghostly","Ghostly","Ghostly","Ghostly","Ghostly","Electrodynamics","Gash+1","Gash","FTL","FTL+1","Beam Cell","Echo Form+1","FTL","Beam Cell","Gash","Gash+1","Beam Cell","Scrape","Scrape","Core Surge"],"special_seed":0,"relics":["Cracked Core","FossilizedHelix","Gambling Chip","Lee\u0027s Waffle","Pantograph","Torii","Vajra","Astrolabe","Red Mask","Omamori","Strawberry","Bag of Preparation","Question Card","Black Star","DollysMirror","MawBank","Dead Branch","Calipers","Bottled Tornado","Ice Cream","Bronze Scales","Smiling Mask","Nunchaku"],"potions_floor_usage":[46,50],"damage_taken":[{"damage":0.0,"enemies":"Small Slimes","floor":1.0,"turns":3.0},{"damage":0.0,"enemies":"Cultist","floor":4.0,"turns":3.0},{"damage":2.0,"enemies":"2 Louse","floor":5.0,"turns":3.0},{"damage":34.0,"enemies":"Lagavulin","floor":6.0,"turns":9.0},{"damage":20.0,"enemies":"3 Sentries","floor":10.0,"turns":14.0},{"damage":0.0,"enemies":"2 Fungi Beasts","floor":11.0,"turns":3.0},{"damage":31.0,"enemies":"Hexaghost","floor":16.0,"turns":8.0},{"damage":0.0,"enemies":"3 Byrds","floor":18.0,"turns":3.0},{"damage":7.0,"enemies":"Masked Bandits","floor":21.0,"turns":6.0},{"damage":6.0,"enemies":"Gremlin Leader","floor":23.0,"turns":7.0},{"damage":0.0,"enemies":"Slavers","floor":27.0,"turns":6.0},{"damage":7.0,"enemies":"Book of Stabbing","floor":29.0,"turns":6.0},{"damage":0.0,"enemies":"Shell Parasite","floor":30.0,"turns":4.0},{"damage":2.0,"enemies":"3 Cultists","floor":31.0,"turns":3.0},{"damage":44.0,"enemies":"Champ","floor":33.0,"turns":12.0},{"damage":0.0,"enemies":"Orb Walker","floor":35.0,"turns":1.0},{"damage":0.0,"enemies":"3 Shapes","floor":36.0,"turns":4.0},{"damage":0.0,"enemies":"Spire Growth","floor":37.0,"turns":4.0},{"damage":3.0,"enemies":"Transient","floor":39.0,"turns":5.0},{"damage":6.0,"enemies":"Reptomancer","floor":41.0,"turns":6.0},{"damage":1.0,"enemies":"Nemesis","floor":44.0,"turns":7.0},{"damage":9,"enemies":"Giant Head","floor":46,"turns":7},{"damage":20,"enemies":"2 Orb Walkers","floor":48,"turns":4},{"damage":11,"enemies":"Awakened One","floor":50,"turns":9}],"seed_played":"-5016475424379788397","potions_obtained":[{"floor":4.0,"key":"EssenceOfSteel"},{"floor":10.0,"key":"SteroidPotion"},{"floor":11.0,"key":"FearPotion"},{"floor":27.0,"key":"SneckoOil"},{"floor":29.0,"key":"SpeedPotion"},{"floor":31.0,"key":"Block Potion"},{"floor":33.0,"key":"Fire Potion"},{"floor":44.0,"key":"FearPotion"},{"floor":46,"key":"Poison Potion"}],"is_trial":false,"path_per_floor":["M","?","?","M","M","E","$","?","T","E","M","R","?","$","R","B",null,"M","?","?","?","$","E","R","$","T","E","R","E","M","M","R","B",null,"M","M","M","$","M","R","E","?","T","E","?","E","R","?","R","B",null],"character_chosen":"DEFECT","items_purchased":["Lee\u0027s Waffle","FocusPotion","Beam Cell","Discovery","Electrodynamics","Gash","DollysMirror"],"campfire_rested":2,"item_purchase_floors":[7,7,14,14,22,38,38],"current_hp_per_floor":[68,68,68,68,66,32,75,60,60,40,40,40,37,37,59,44,75,75,61,40,33,33,27,27,27,34,34,34,27,27,25,25,3,47,47,47,47,47,44,44,38,38,38,37,47,38,38,18,32,36],"gold":585,"neow_bonus":"ONE_RARE_RELIC","is_prod":false,"is_daily":false,"chose_seed":false,"campfire_upgraded":6,"win_rate":0,"timestamp":1554998302,"path_taken":["M","?","?","?","M","E","$","?","T","E","M","R","?","$","R","BOSS","M","?","?","?","$","E","R","$","T","E","R","E","?","M","R","BOSS","M","M","?","$","M","R","E","?","T","E","?","E","R","?","R","BOSS"],"build_version":"2019-01-23","purchased_purges":1,"victory":true,"max_hp_per_floor":[68,68,68,68,68,68,75,75,75,75,75,75,75,75,75,75,75,75,80,40,40,40,40,40,40,47,47,47,47,47,47,47,47,47,47,47,47,47,47,47,47,47,47,47,47,47,47,47,47,47],"card_choices":[{"not_picked":["Cold Snap","Hologram"],"picked":"Gash","floor":1.0},{"not_picked":["Ball Lightning","Rebound"],"picked":"Conserve Battery","floor":4.0},{"not_picked":["Barrage","Stack"],"picked":"Steam Power","floor":5.0},{"not_picked":["Hologram","Rebound"],"picked":"Biased Cognition","floor":6.0},{"not_picked":["Ball Lightning","Heatsinks"],"picked":"Scrape","floor":10.0},{"not_picked":["Ball Lightning","Barrage"],"picked":"Sweeping Beam","floor":11.0},{"not_picked":["Biased Cognition","Thunder Strike"],"picked":"Reboot","floor":16.0},{"not_picked":["Stack+1","Auto Shields","Barrage+1"],"picked":"SKIP","floor":18.0},{"not_picked":["Hello World","Rebound"],"picked":"Gash","floor":23.0},{"not_picked":["Loop","Rip and Tear"],"picked":"Gash","floor":27.0},{"not_picked":["Cold Snap","Rebound"],"picked":"FTL","floor":29.0},{"not_picked":["Rebound","White Noise","Force Field"],"picked":"FTL+1","floor":30.0},{"not_picked":["Fusion+1","Darkness","Sweeping Beam+1"],"picked":"Beam Cell","floor":31.0},{"not_picked":["Amplify","Thunder Strike","Rainbow"],"picked":"Echo Form","floor":33.0},{"not_picked":["Cold Snap","Stack","Genetic Algorithm+1","Compile Driver"],"picked":"SKIP","floor":35.0},{"not_picked":["Auto Shields+1","Reprogram+1","BootSequence+1"],"picked":"FTL","floor":36.0},{"not_picked":["Ball Lightning+1","Rebound+1","Sunder+1"],"picked":"Beam Cell","floor":37.0},{"not_picked":["Steam","Leap","Barrage"],"picked":"Beam Cell","floor":39.0},{"not_picked":["Machine Learning","Cold Snap+1","Leap+1","Redo"],"picked":"SKIP","floor":41.0},{"not_picked":["Compile Driver","Stack","Blizzard+1"],"picked":"Scrape","floor":44.0},{"not_picked":["Go for the Eyes+1","Streamline+1","Tempest+1"],"picked":"Scrape","floor":46},{"not_picked":["Aggregate+1","Genetic Algorithm+1","Fusion"],"picked":"Core Surge","floor":48}],"player_experience":148510,"relics_obtained":[{"floor":6.0,"key":"Gambling Chip"},{"floor":9.0,"key":"Pantograph"},{"floor":10.0,"key":"Torii"},{"floor":21.0,"key":"Red Mask"},{"floor":23.0,"key":"Omamori"},{"floor":26.0,"key":"Strawberry"},{"floor":27.0,"key":"Bag of Preparation"},{"floor":29.0,"key":"Question Card"},{"floor":41.0,"key":"MawBank"},{"floor":41.0,"key":"Dead Branch"},{"floor":43.0,"key":"Calipers"},{"floor":44.0,"key":"Bottled Tornado"},{"floor":44.0,"key":"Ice Cream"},{"floor":46,"key":"Bronze Scales"},{"floor":46,"key":"Smiling Mask"},{"floor":48,"key":"Nunchaku"}],"event_choices":[{"damage_healed":0.0,"max_hp_gain":0.0,"max_hp_loss":0.0,"gold_gain":0.0,"cards_transformed":["Strike_B"],"event_name":"Living Wall","player_choice":"Change","floor":2.0,"gold_loss":0.0,"damage_taken":0.0,"cards_obtained":["Fission"]},{"damage_healed":0.0,"max_hp_gain":0.0,"max_hp_loss":0.0,"gold_gain":275.0,"event_name":"Golden Shrine","player_choice":"Desecrate","floor":3.0,"gold_loss":0.0,"damage_taken":0.0,"cards_obtained":["Regret"]},{"damage_healed":0.0,"max_hp_gain":0.0,"max_hp_loss":0.0,"gold_gain":0.0,"event_name":"Shining Light","player_choice":"Entered Light","floor":8.0,"gold_loss":0.0,"damage_taken":15.0,"cards_upgraded":["Defend_B","Strike_B"]},{"damage_healed":0.0,"max_hp_gain":0.0,"max_hp_loss":0.0,"gold_gain":0.0,"event_name":"Scrap Ooze","player_choice":"Success","floor":13.0,"gold_loss":0.0,"damage_taken":3.0,"relics_obtained":["Vajra"]},{"damage_healed":0.0,"max_hp_gain":5.0,"max_hp_loss":0.0,"gold_gain":0.0,"event_name":"Forgotten Altar","player_choice":"Shed Blood","floor":19.0,"gold_loss":0.0,"damage_taken":19.0},{"damage_healed":0.0,"max_hp_gain":0.0,"max_hp_loss":40.0,"gold_gain":0.0,"event_name":"Ghosts","player_choice":"Became a Ghost","floor":20.0,"gold_loss":0.0,"damage_taken":0.0,"cards_obtained":["Ghostly","Ghostly","Ghostly","Ghostly","Ghostly"]},{"damage_healed":0.0,"max_hp_gain":0.0,"max_hp_loss":0.0,"gold_gain":0.0,"event_name":"Masked Bandits","player_choice":"Fought Bandits","floor":21.0,"gold_loss":0.0,"damage_taken":0.0},{"damage_healed":0.0,"max_hp_gain":0.0,"max_hp_loss":0.0,"gold_gain":222.0,"event_name":"Tomb of Lord Red Mask","player_choice":"Wore Mask","floor":42.0,"gold_loss":0.0,"damage_taken":0.0},{"damage_healed":12.0,"max_hp_gain":0.0,"max_hp_loss":0.0,"gold_gain":0.0,"event_name":"Winding Halls","player_choice":"Writhe","floor":45.0,"gold_loss":0.0,"damage_taken":0.0,"cards_obtained":["Writhe"]},{"damage_healed":0,"gold_gain":0,"player_choice":"Fight","damage_taken":0,"max_hp_gain":0,"max_hp_loss":0,"event_name":"Mysterious Sphere","floor":48,"gold_loss":0}],"is_beta":false,"boss_relics":[{"not_picked":["Runic Pyramid","Orrery"],"picked":"Astrolabe"},{"not_picked":["Eternal Feather","Velvet Choker"],"picked":"Black Star"}],"items_purged_floors":[7],"is_endless":false,"potions_floor_spawned":[4,10,11,27,29,31,33,44,46],"ascension_level":3}