{"gold_per_floor":[218,228,21,41,41,71,71,106,176,205,234,246,278,310,322,406,418,442,470,482,6,6,36,36,53,353,353,363,381,481,500,500,574,574,586,596,646,665,682,700,169,169,169,184,184],"floor_reached":45,"playtime":2854,"items_purged":["Strike_R"],"score":857,"play_id":"abf140ed-f172-443a-8d1f-4af5c4c1a089","local_time":"20190407123723","is_ascension_mode":true,"campfire_choices":[{"data":"Inflame","floor":7,"key":"SMITH"},{"data":"Perfected Strike","floor":15,"key":"SMITH"},{"data":"Shockwave","floor":24,"key":"SMITH"},{"data":"Pommel Strike","floor":27,"key":"SMITH"},{"data":"Power Through","floor":32,"key":"SMITH"}],"neow_cost":"NONE","seed_source_timestamp":1946101700881395,"circlet_count":0,"master_deck":["AscendersBane","Strike_R","Strike_R","Strike_R","Strike_R+1","Defend_R","Defend_R","Defend_R","Defend_R","Bash+1","Pommel Strike+1","Shockwave+1","Inflame+1","Perfected Strike+1","Pommel Strike+1","Shrug It Off","Impervious","Feel No Pain","Pummel","Flame Barrier","Seeing Red","Feel No Pain","Spot Weakness","True Grit","Disarm","Power Through+1","Juggernaut","Entrench+1","Shrug It Off","Ghostly Armor","Feel No Pain","Fiend Fire","Second Wind","Battle Trance","Feed","Madness","Madness"],"relics":["Black Blood","Lantern","Bird Faced Urn","Blood Vial","Ornamental Fan","MawBank","Velvet Choker","Membership Card","Whetstone","Pantograph","Enchiridion","Meat on the Bone","Old Coin","Du-Vu Doll","Matryoshka","Letter Opener","Paper Frog","Dream Catcher"],"potions_floor_usage":[6,10,16],"damage_taken":[{"damage":2,"enemies":"Jaw Worm","floor":1,"turns":3},{"damage":7,"enemies":"Small Slimes","floor":2,"turns":4},{"damage":7,"enemies":"2 Louse","floor":4,"turns":3},{"damage":21,"enemies":"Gremlin Nob","floor":6,"turns":4},{"damage":25,"enemies":"Lagavulin","floor":8,"turns":7},{"damage":29,"enemies":"Gremlin Nob","floor":10,"turns":4},{"damage":13,"enemies":"Red Slaver","floor":11,"turns":5},{"damage":26,"enemies":"Exordium Wildlife","floor":13,"turns":4},{"damage":6,"enemies":"Looter","floor":14,"turns":2},{"damage":15,"enemies":"Hexaghost","floor":16,"turns":8},{"damage":16,"enemies":"3 Byrds","floor":18,"turns":7},{"damage":0,"enemies":"Chosen","floor":19,"turns":4},{"damage":35,"enemies":"Book of Stabbing","floor":23,"turns":6},{"damage":4,"enemies":"Centurion and Healer","floor":25,"turns":6},{"damage":0,"enemies":"Chosen and Byrds","floor":28,"turns":4},{"damage":0,"enemies":"Snake Plant","floor":29,"turns":4},{"damage":19,"enemies":"Colosseum Slavers","floor":30,"turns":4},{"damage":0,"enemies":"Colosseum Nobs","floor":30,"turns":4},{"damage":6,"enemies":"3 Cultists","floor":31,"turns":5},{"damage":27,"enemies":"Automaton","floor":33,"turns":14},{"damage":7,"enemies":"3 Shapes","floor":35,"turns":6},{"damage":5,"enemies":"Orb Walker","floor":36,"turns":4},{"damage":0,"enemies":"Writhing Mass","floor":38,"turns":13},{"damage":16,"enemies":"4 Shapes","floor":39,"turns":6},{"damage":30,"enemies":"Transient","floor":40,"turns":5},{"damage":16,"enemies":"Writhing Mass","floor":44,"turns":11},{"damage":81,"enemies":"Nemesis","floor":45,"turns":10}],"seed_played":"3277404124631497734","potions_obtained":[{"floor":1,"key":"LiquidBronze"},{"floor":8,"key":"SteroidPotion"},{"floor":13,"key":"Poison Potion"},{"floor":16,"key":"SteroidPotion"},{"floor":29,"key":"Fire Potion"}],"is_trial":false,"path_per_floor":["?","?","?","?","?","?","M","$","?"],"character_chosen":"IRONCLAD","items_purchased":["Lantern","Strength Potion","Membership Card","Flame Barrier","Seeing Red","Feel No Pain","Whetstone","Pantograph","Feel No Pain","Fiend Fire","Letter Opener","Paper Frog","Second Wind","Battle Trance","Feed"],"campfire_rested":0,"item_purchase_floors":[3,3,21,21,21,21,21,21,41,41,41,41,41,41,41],"current_hp_per_floor":[72,71,71,70,70,55,55,38,38,17,14,39,23,25,25,20,61,55,63,63,63,42,21,21,45,45,45,61,75,75,75,75,56,70,75,75,75,75,75,59,59,45,45,56,0],"gold":184,"neow_bonus":"HUNDRED_GOLD","is_prod":false,"is_daily":false,"chose_seed":false,"campfire_upgraded":5,"win_rate":0,"timestamp":1554655043,"path_taken":["M","M","$","M","?","E","R","E","T","E","M","?","M","M","R","BOSS","M","M","?","$","?","E","R","M","T","R","M","M","?","M","R","BOSS","M","M","?","?","M","M","?","?","T","M","E"],"build_version":"2019-01-23","purchased_purges":1,"victory":false,"max_hp_per_floor":[75,75,75,75,75,75,75,75,75,75,75,75,75,75,75,75,75,75,75,75,75,75,75,75,75,75,75,75,75,75,75,75,75,75,75,75,75,75,75,75,75,75,75,78,78],"card_choices":[{"not_picked":["Power Through","Rupture"],"picked":"Pommel Strike","floor":1},{"not_picked":["Armaments","Evolve"],"picked":"Shockwave","floor":2},{"not_picked":["Intimidate","Second Wind","Clash"],"picked":"SKIP","floor":4},{"not_picked":["Sentinel","Body Slam"],"picked":"Inflame","floor":6},{"not_picked":["Body Slam","Iron Wave"],"picked":"Perfected Strike","floor":8},{"not_picked":["Searing Blow","Bludgeon"],"picked":"Pommel Strike","floor":10},{"not_picked":["Rage","Cleave"],"picked":"Shrug It Off","floor":11},{"not_picked":["Reckless Charge","Dual Wield","Heavy Blade"],"picked":"SKIP","floor":13},{"not_picked":["Cleave","Evolve","Rampage"],"picked":"SKIP","floor":14},{"not_picked":["Berserk","Exhume"],"picked":"Impervious","floor":16},{"not_picked":["Pommel Strike","Warcry"],"picked":"Feel No Pain","floor":18},{"not_picked":["Blood for Blood","Cleave"],"picked":"Pummel","floor":19},{"not_picked":["Iron Wave","Clash","Body Slam"],"picked":"SKIP","floor":23},{"not_picked":["Rupture","Double Tap","Flex"],"picked":"SKIP","floor":25},{"not_picked":["Body Slam","Pommel Strike"],"picked":"Spot Weakness","floor":28},{"not_picked":["Headbutt","Burning Pact"],"picked":"True Grit","floor":29},{"not_picked":["True Grit+1","Reckless Charge"],"picked":"Disarm","floor":30},{"not_picked":["Havoc","Power Through","Flex"],"picked":"SKIP","floor":31},{"not_picked":["Havoc","Flex"],"picked":"Power Through","floor":31},{"not_picked":["Exhume","Feed"],"picked":"Juggernaut","floor":33},{"not_picked":["Body Slam","Wild Strike","Warcry"],"picked":"SKIP","floor":35},{"not_picked":["Thunderclap","Cleave"],"picked":"Entrench+1","floor":36},{"not_picked":["Perfected Strike","Iron Wave+1"],"picked":"Shrug It Off","floor":38},{"not_picked":["Demon Form","Headbutt+1"],"picked":"Ghostly Armor","floor":39},{"not_picked":["Reckless Charge+1","Clash","Sever Soul"],"picked":"SKIP","floor":40},{"not_picked":["Shockwave","Ghostly Armor+1","Pommel Strike"],"picked":"SKIP","floor":44}],"player_experience":1585282,"relics_obtained":[{"floor":6,"key":"Bird Faced Urn"},{"floor":8,"key":"Blood Vial"},{"floor":9,"key":"Ornamental Fan"},{"floor":10,"key":"MawBank"},{"floor":22,"key":"Enchiridion"},{"floor":23,"key":"Meat on the Bone"},{"floor":26,"key":"Old Coin"},{"floor":30,"key":"Du-Vu Doll"},{"floor":30,"key":"Matryoshka"},{"floor":43,"key":"Dream Catcher"}],"event_choices":[{"damage_healed":0,"gold_gain":0,"player_choice":"Grow","damage_taken":0,"max_hp_gain":0,"max_hp_loss":0,"event_name":"Living Wall","floor":5,"gold_loss":0,"cards_upgraded":["Bash"]},{"damage_healed":25,"gold_gain":0,"player_choice":"Banana","damage_taken":0,"max_hp_gain":0,"max_hp_loss":0,"event_name":"Big Fish","floor":12,"gold_loss":0},{"damage_healed":0,"gold_gain":0,"player_choice":"Ignored","damage_taken":0,"max_hp_gain":0,"max_hp_loss":0,"event_name":"Vampires","floor":20,"gold_loss":0},{"damage_healed":0,"gold_gain":0,"player_choice":"Obtained Book","damage_taken":21,"max_hp_gain":0,"max_hp_loss":0,"event_name":"Cursed Tome","floor":22,"gold_loss":0},{"damage_healed":0,"gold_gain":0,"player_choice":"Fight","damage_taken":0,"max_hp_gain":0,"max_hp_loss":0,"event_name":"Colosseum","floor":30,"gold_loss":0},{"damage_healed":0,"gold_gain":0,"player_choice":"Fought Nobs","damage_taken":0,"max_hp_gain":0,"max_hp_loss":0,"event_name":"Colosseum","floor":30,"gold_loss":0},{"damage_healed":0,"gold_gain":50,"player_choice":"Pray","damage_taken":0,"max_hp_gain":0,"max_hp_loss":0,"event_name":"Golden Shrine","floor":37,"gold_loss":0},{"damage_healed":0,"gold_gain":0,"player_choice":"Embrace Madness","damage_taken":14,"max_hp_gain":0,"max_hp_loss":0,"event_name":"Winding Halls","floor":42,"gold_loss":0,"cards_obtained":["Madness","Madness"]}],"is_beta":false,"boss_relics":[{"not_picked":["Black Star","Calling Bell"],"picked":"Velvet Choker"},{"not_picked":["Orrery","Empty Cage"],"picked":"Black Blood"}],"items_purged_floors":[41],"is_endless":false,"potions_floor_spawned":[1,8,13,16,18,25,29,30,31,33,35,40,44],"killed_by":"Nemesis","ascension_level":15}