{"gold_per_floor":[116,127,127,202,121,154,154,154,154,187,187,203,203,233,233,334,334,347,347,357,371,50,85,85,85,85,99,118,147,158,184,184,289,289,306,317,227,241,44,44,79,97,146,176,195,110,110,60,60,60],"floor_reached":51,"playtime":3233,"items_purged":["Strike_R","Defend_R","Strike_R","Strike_R"],"score":1132,"play_id":"db4bfe69-80ed-4477-aa54-ccc328739b8d","local_time":"20190126114851","is_ascension_mode":true,"campfire_choices":[{"data":"Whirlwind","floor":8,"key":"SMITH"},{"data":"Fiend Fire","floor":11,"key":"SMITH"},{"data":"Defend_R","floor":13,"key":"SMITH"},{"data":"Bash","floor":15,"key":"SMITH"},{"data":"Barricade","floor":24,"key":"SMITH"},{"data":"Headbutt","floor":32,"key":"SMITH"},{"data":"Juggernaut","floor":40,"key":"SMITH"},{"data":"Rampage","floor":47,"key":"SMITH"},{"floor":49,"key":"REST"}],"neow_cost":"NONE","seed_source_timestamp":1171942912432554,"circlet_count":0,"master_deck":["Strike_R+1","Defend_R+1","Defend_R","Defend_R","Bash+1","Clothesline+1","Whirlwind+1","Fiend Fire+1","Impervious+1","Burning Pact+1","Barricade+1","Headbutt+1","Shrug It Off+1","Shrug It Off+1","Battle Trance+1","True Grit+1","Evolve+1","Juggernaut+1","Parasite","Parasite","Power Through+1","Parasite","Ghostly Armor+1","Entrench+1","Exhume+1","Rampage+1"],"relics":["Burning Blood","NeowsBlessing","Bottled Lightning","Kunai","Toxic Egg 2","Darkstone Periapt","Odd Mushroom","Velvet Choker","Bottled Flame","Ancient Tea Set","Bag of Marbles","Art of War","Paper Frog","Calling Bell","Smiling Mask","Mummified Hand","Unceasing Top","Dream Catcher","Lantern","Pen Nib","Meat on the Bone"],"potions_floor_usage":[23,29,33,38,50],"damage_taken":[{"damage":0,"enemies":"2 Louse","floor":1,"turns":1},{"damage":0,"enemies":"Small Slimes","floor":2,"turns":1},{"damage":0,"enemies":"Lagavulin","floor":6,"turns":1},{"damage":26,"enemies":"Gremlin Nob","floor":10,"turns":4},{"damage":4,"enemies":"Cultist","floor":12,"turns":3},{"damage":9,"enemies":"The Mushroom Lair","floor":14,"turns":2},{"damage":37,"enemies":"The Guardian","floor":16,"turns":15},{"damage":0,"enemies":"Chosen","floor":18,"turns":5},{"damage":4,"enemies":"3 Byrds","floor":20,"turns":4},{"damage":10,"enemies":"Centurion and Healer","floor":21,"turns":6},{"damage":23,"enemies":"Gremlin Leader","floor":23,"turns":4},{"damage":0,"enemies":"Snecko","floor":27,"turns":7},{"damage":1,"enemies":"3 Cultists","floor":28,"turns":3},{"damage":0,"enemies":"Slavers","floor":29,"turns":1},{"damage":7,"enemies":"Snake Plant","floor":30,"turns":9},{"damage":10,"enemies":"Gremlin Leader","floor":31,"turns":6},{"damage":5,"enemies":"Champ","floor":33,"turns":15},{"damage":0,"enemies":"Orb Walker","floor":35,"turns":3},{"damage":20,"enemies":"3 Darklings","floor":36,"turns":7},{"damage":19,"enemies":"Writhing Mass","floor":38,"turns":9},{"damage":14,"enemies":"Reptomancer","floor":41,"turns":9},{"damage":0,"enemies":"Maw","floor":42,"turns":12},{"damage":12,"enemies":"Giant Head","floor":44,"turns":15},{"damage":5,"enemies":"Spire Growth","floor":45,"turns":8},{"damage":57,"enemies":"Awakened One","floor":50,"turns":39}],"seed_played":"6194872271613055147","potions_obtained":[{"floor":1,"key":"AttackPotion"},{"floor":10,"key":"Energy Potion"},{"floor":12,"key":"Dexterity Potion"},{"floor":27,"key":"BloodPotion"},{"floor":29,"key":"BloodPotion"},{"floor":31,"key":"EssenceOfSteel"},{"floor":35,"key":"Ancient Potion"},{"floor":44,"key":"Regen Potion"}],"is_trial":false,"path_per_floor":["M","M","?","?","$","E","?","R","T","E","R","M","R","?","R","B",null,"M","?","M","M","$","E","R","?","T","M","M","E","M","E","R","B",null,"M","M","?","M","$","R","E","M","T","E","M","$","R","$","R","B",null],"character_chosen":"IRONCLAD","items_purchased":["Whirlwind","Bottled Flame","Dream Catcher","Rampage"],"campfire_rested":1,"item_purchase_floors":[5,22,39,46],"current_hp_per_floor":[78,80,80,69,69,75,75,75,75,55,55,57,57,54,54,23,66,72,72,74,70,70,53,53,53,53,59,64,70,69,65,65,66,95,98,84,84,86,86,86,78,84,84,78,79,79,79,79,104,68],"gold":60,"neow_bonus":"THREE_ENEMY_KILL","is_prod":false,"is_daily":false,"chose_seed":false,"campfire_upgraded":8,"win_rate":0,"timestamp":1548532131,"path_taken":["M","M","?","?","$","E","?","R","T","E","R","M","R","?","R","BOSS","M","?","?","M","$","E","R","?","T","M","?","E","M","E","R","BOSS","M","M","?","M","$","R","E","?","T","E","M","$","R","?","R","BOSS"],"build_version":"2019-01-23","purchased_purges":4,"victory":true,"max_hp_per_floor":[80,80,80,80,80,80,80,80,80,80,80,80,80,80,80,80,80,80,80,80,80,80,80,80,80,80,80,80,80,80,80,80,80,98,98,98,98,104,104,104,104,104,104,104,104,104,104,104,104,104],"card_choices":[{"not_picked":["Burning Pact","Shockwave"],"picked":"Clothesline","floor":1},{"not_picked":["Warcry","Wild Strike","Anger"],"picked":"SKIP","floor":2},{"not_picked":["Fiend Fire","Warcry","Clothesline"],"picked":"SKIP","floor":6},{"not_picked":["Warcry","Clothesline"],"picked":"Fiend Fire","floor":6},{"not_picked":["Warcry+1","Iron Wave"],"picked":"Impervious+1","floor":10},{"not_picked":["Armaments+1","Rage+1","Fire Breathing"],"picked":"SKIP","floor":12},{"not_picked":["Infernal Blade+1","Seeing Red+1"],"picked":"Burning Pact+1","floor":14},{"not_picked":["Offering+1","Berserk"],"picked":"Barricade","floor":16},{"not_picked":["Thunderclap","Rupture"],"picked":"Headbutt","floor":18},{"not_picked":["Warcry+1","Heavy Blade+1"],"picked":"Shrug It Off+1","floor":20},{"not_picked":["Anger","Bludgeon","Clash"],"picked":"SKIP","floor":21},{"not_picked":["Rampage","Twin Strike+1"],"picked":"Shrug It Off+1","floor":23},{"not_picked":["Pummel","Clash","Perfected Strike"],"picked":"SKIP","floor":27},{"not_picked":["Havoc+1","Sever Soul"],"picked":"Battle Trance+1","floor":28},{"not_picked":["Fire Breathing","Dark Embrace"],"picked":"True Grit+1","floor":29},{"not_picked":["Shrug It Off+1","Rampage+1"],"picked":"Evolve+1","floor":30},{"not_picked":["Thunderclap","Hemokinesis","Sword Boomerang"],"picked":"SKIP","floor":31},{"not_picked":["Demon Form","Bludgeon"],"picked":"Juggernaut","floor":33},{"not_picked":["Headbutt","Flex+1"],"picked":"Power Through+1","floor":35},{"not_picked":["Sword Boomerang+1","Corruption+1","Power Through+1"],"picked":"SKIP","floor":36},{"not_picked":["Wild Strike+1","Whirlwind+1"],"picked":"Ghostly Armor+1","floor":38},{"not_picked":["Sever Soul","Corruption"],"picked":"Entrench+1","floor":41},{"not_picked":["Havoc+1","Armaments+1","Wild Strike+1"],"picked":"SKIP","floor":42},{"not_picked":["Cleave","Havoc+1"],"picked":"Exhume+1","floor":44},{"not_picked":["Sword Boomerang+1","Clash+1","Anger+1"],"picked":"SKIP","floor":45}],"player_experience":310760,"relics_obtained":[{"floor":6,"key":"Bottled Lightning"},{"floor":9,"key":"Toxic Egg 2"},{"floor":10,"key":"Darkstone Periapt"},{"floor":14,"key":"Odd Mushroom"},{"floor":23,"key":"Ancient Tea Set"},{"floor":26,"key":"Bag of Marbles"},{"floor":29,"key":"Art of War"},{"floor":31,"key":"Paper Frog"},{"floor":34,"key":"Smiling Mask"},{"floor":34,"key":"Mummified Hand"},{"floor":34,"key":"Unceasing Top"},{"floor":41,"key":"Lantern"},{"floor":43,"key":"Pen Nib"},{"floor":44,"key":"Meat on the Bone"}],"event_choices":[{"damage_healed":0,"gold_gain":0,"player_choice":"Grow","damage_taken":0,"max_hp_gain":0,"max_hp_loss":0,"event_name":"Living Wall","floor":3,"gold_loss":0,"cards_upgraded":["Clothesline"]},{"damage_healed":0,"gold_gain":75,"player_choice":"Gather Gold","damage_taken":11,"max_hp_gain":0,"max_hp_loss":0,"event_name":"World of Goop","floor":4,"gold_loss":0},{"damage_healed":0,"gold_gain":0,"player_choice":"Searched \u00272\u0027 times","damage_taken":0,"relics_obtained":["Kunai"],"max_hp_gain":0,"max_hp_loss":0,"event_name":"Dead Adventurer","floor":7,"gold_loss":0},{"damage_healed":0,"gold_gain":0,"player_choice":"Fought Mushrooms","damage_taken":0,"max_hp_gain":0,"max_hp_loss":0,"event_name":"Mushrooms","floor":14,"gold_loss":0},{"cards_removed":["Strike_R"],"damage_healed":0,"gold_gain":0,"player_choice":"Offered Basic","damage_taken":0,"max_hp_gain":0,"max_hp_loss":0,"event_name":"Bonfire Elementals","floor":19,"gold_loss":0},{"damage_healed":0,"gold_gain":0,"player_choice":"Ignored","damage_taken":0,"max_hp_gain":0,"max_hp_loss":0,"event_name":"N\u0027loth","floor":25,"gold_loss":0},{"cards_removed":["Regret"],"damage_healed":0,"gold_gain":0,"player_choice":"Upgrade and Remove","damage_taken":0,"max_hp_gain":0,"max_hp_loss":0,"event_name":"Designer","floor":37,"gold_loss":90,"cards_upgraded":["Strike_R"]}],"is_beta":false,"boss_relics":[{"not_picked":["Orrery","Tiny House"],"picked":"Velvet Choker"},{"not_picked":["Astrolabe","Philosopher\u0027s Stone"],"picked":"Calling Bell"}],"items_purged_floors":[22,39,46,48],"is_endless":false,"potions_floor_spawned":[1,10,12,16,27,28,29,31,35,44,45],"ascension_level":8}