{"gold_per_floor":[116,116,129,146,156,189,189,189,271,303,318,331,406,406,406,502,502,521,86,102,122,139,139,171,189,238,3,18,18,30,48,48,152,152,172,185,203,220,232,232,261,261,261,278,353,4,15,15,15,15],"floor_reached":51,"playtime":4644,"items_purged":["Strike_R","Writhe"],"score":767,"play_id":"583f269f-1c81-4edd-989c-365a886268c4","local_time":"20180721215045","is_ascension_mode":false,"campfire_choices":[{"data":"Corruption","floor":7,"key":"SMITH"},{"floor":15,"key":"REST"},{"data":"Barricade","floor":23,"key":"SMITH"},{"data":"Havoc","floor":29,"key":"SMITH"},{"data":"Warcry","floor":32,"key":"SMITH"},{"data":"Burning Pact","floor":40,"key":"SMITH"},{"data":"Body Slam","floor":49,"key":"SMITH"}],"neow_cost":"NONE","seed_source_timestamp":116809206317159,"circlet_count":0,"master_deck":["Defend_R","Defend_R","Defend_R","Defend_R","Bash","Immolate","Iron Wave","Corruption+1","Power Through","Feel No Pain","Warcry+1","Twin Strike","Feel No Pain","Flex","Infernal Blade","Barricade+1","Ghostly Armor+1","Uppercut+1","Immolate+1","Metallicize+1","Shrug It Off","True Grit","Havoc+1","Armaments+1","Battle Trance","Feel No Pain+1","Searing Blow","Thinking Ahead","Havoc+1","Flame Barrier","Berserk","Burning Pact+1","Burning Pact+1","Body Slam+1","Madness","Madness","Intimidate+1","Shrug It Off","Burning Pact+1","Writhe"],"relics":["Burning Blood","Paper Frog","Tiny Chest","Oddly Smooth Stone","Self Forming Clay","Astrolabe","Dead Branch","Juzu Bracelet","Happy Flower","Cursed Key","Frozen Egg 2","Kunai","Medical Kit","Gambling Chip"],"potions_floor_usage":[4,10,16,21,21,37,50],"damage_taken":[{"damage":6,"enemies":"Small Slimes","floor":1,"turns":4},{"damage":6,"enemies":"Cultist","floor":3,"turns":3},{"damage":0,"enemies":"2 Louse","floor":4,"turns":2},{"damage":13,"enemies":"Lots of Slimes","floor":5,"turns":2},{"damage":5,"enemies":"Lagavulin","floor":6,"turns":8},{"damage":11,"enemies":"3 Sentries","floor":10,"turns":6},{"damage":6,"enemies":"2 Fungi Beasts","floor":11,"turns":2},{"damage":13,"enemies":"Gremlin Gang","floor":12,"turns":5},{"damage":64,"enemies":"The Guardian","floor":16,"turns":17},{"damage":20,"enemies":"Spheric Guardian","floor":18,"turns":8},{"damage":3,"enemies":"3 Byrds","floor":20,"turns":6},{"damage":3,"enemies":"Snake Plant","floor":21,"turns":4},{"damage":15,"enemies":"Snecko","floor":22,"turns":5},{"damage":23,"enemies":"Slavers","floor":24,"turns":5},{"damage":0,"enemies":"Centurion and Healer","floor":25,"turns":7},{"damage":11,"enemies":"Sentry and Sphere","floor":28,"turns":5},{"damage":0,"enemies":"3 Cultists","floor":30,"turns":4},{"damage":0,"enemies":"Snake Plant","floor":31,"turns":3},{"damage":16,"enemies":"Collector","floor":33,"turns":8},{"damage":0,"enemies":"Orb Walker","floor":35,"turns":2},{"damage":3,"enemies":"3 Shapes","floor":36,"turns":5},{"damage":5,"enemies":"Transient","floor":37,"turns":5},{"damage":0,"enemies":"4 Shapes","floor":38,"turns":4},{"damage":6,"enemies":"3 Darklings","floor":39,"turns":6},{"damage":3,"enemies":"Giant Head","floor":41,"turns":4},{"damage":6,"enemies":"Flame Bruiser 2 Orb","floor":44,"turns":2},{"damage":8,"enemies":"Transient","floor":47,"turns":4},{"damage":22,"enemies":"Donu and Deca","floor":50,"turns":5}],"seed_played":"4637270951902916952","potions_obtained":[{"floor":1,"key":"SkillPotion"},{"floor":5,"key":"Fire Potion"},{"floor":10,"key":"FairyPotion"},{"floor":11,"key":"Weak Potion"},{"floor":18,"key":"Poison Potion"},{"floor":20,"key":"LiquidBronze"},{"floor":30,"key":"SkillPotion"},{"floor":31,"key":"Dexterity Potion"},{"floor":37,"key":"Poison Potion"},{"floor":41,"key":"Ancient Potion"}],"is_trial":false,"path_per_floor":["M","?","M","M","M","E","R","?","T","E","M","M","?","T","R","B",null,"M","$","M","M","M","R","E","M","T","$","M","R","M","M","R","B",null,"M","M","M","M","M","R","E","?","T","M","?","$","M","T","R","B"],"character_chosen":"IRONCLAD","items_purchased":["Dead Branch","Shrug It Off","True Grit","Thinking Ahead","Havoc","Medical Kit","Shrug It Off"],"campfire_rested":1,"item_purchase_floors":[19,19,19,27,27,46,46],"current_hp_per_floor":[80,80,80,80,73,74,74,74,74,69,69,62,51,51,75,17,80,66,66,82,83,80,80,63,69,69,69,64,64,70,76,76,66,83,83,83,83,83,83,83,83,73,73,73,65,65,63,63,63,47],"gold":15,"neow_bonus":"ONE_RANDOM_RARE_CARD","is_prod":false,"is_daily":false,"chose_seed":false,"campfire_upgraded":6,"win_rate":0,"timestamp":1532224245,"path_taken":["M","?","M","M","?","E","R","?","T","E","M","M","?","?","R","BOSS","M","$","M","M","?","R","E","M","T","$","M","R","M","M","R","BOSS","M","M","M","M","M","R","E","?","T","M","?","$","M","?","R","BOSS"],"build_version":"2018-07-19","purchased_purges":2,"victory":true,"max_hp_per_floor":[80,80,80,80,80,80,80,80,80,80,80,80,80,80,80,80,80,80,80,83,83,83,83,83,83,83,83,83,83,83,83,83,83,83,83,83,83,83,83,83,83,83,83,83,83,83,83,83,83,83],"card_choices":[{"not_picked":["Armaments","Anger"],"picked":"Clash","floor":1},{"not_picked":["Iron Wave","Twin Strike"],"picked":"Corruption","floor":3},{"not_picked":["Heavy Blade","Dual Wield"],"picked":"Power Through","floor":4},{"not_picked":["Perfected Strike","Searing Blow"],"picked":"Feel No Pain","floor":5},{"not_picked":["Wild Strike","Sword Boomerang"],"picked":"Warcry","floor":6},{"not_picked":["Wild Strike","Pommel Strike"],"picked":"Feel No Pain","floor":10},{"not_picked":["Fiend Fire","Pommel Strike"],"picked":"Flex","floor":11},{"not_picked":["Armaments","Shrug It Off"],"picked":"Infernal Blade","floor":12},{"not_picked":["Exhume","Juggernaut"],"picked":"Barricade","floor":16},{"not_picked":["Twin Strike","Uppercut+1"],"picked":"Metallicize+1","floor":18},{"not_picked":["Hemokinesis","Thunderclap"],"picked":"Havoc+1","floor":20},{"not_picked":["Iron Wave","Intimidate"],"picked":"Armaments+1","floor":21},{"not_picked":["Armaments","Sword Boomerang+1"],"picked":"Battle Trance","floor":22},{"not_picked":["Hemokinesis+1","Armaments"],"picked":"Feel No Pain+1","floor":24},{"not_picked":["Perfected Strike+1","Thunderclap"],"picked":"Searing Blow","floor":25},{"not_picked":["Headbutt","Armaments+1"],"picked":"Flame Barrier","floor":28},{"not_picked":["Evolve","Thunderclap+1","Double Tap"],"picked":"SKIP","floor":30},{"not_picked":["Clash","Whirlwind","Iron Wave"],"picked":"SKIP","floor":31},{"not_picked":["Feed","Limit Break"],"picked":"Berserk","floor":33},{"not_picked":["Reckless Charge","Heavy Blade+1"],"picked":"Burning Pact+1","floor":35},{"not_picked":["Clash","Iron Wave+1","Armaments"],"picked":"SKIP","floor":36},{"not_picked":["Rampage+1","Second Wind"],"picked":"Burning Pact","floor":37},{"not_picked":["Heavy Blade+1","Pummel+1","Barricade"],"picked":"SKIP","floor":38},{"not_picked":["Headbutt","Clothesline+1","Cleave+1"],"picked":"SKIP","floor":39},{"not_picked":["Metallicize+1","Clothesline+1"],"picked":"Body Slam","floor":41},{"not_picked":["Pommel Strike","Heavy Blade"],"picked":"Intimidate+1","floor":44},{"not_picked":["Body Slam","Pommel Strike"],"picked":"Burning Pact+1","floor":47}],"player_experience":117371,"relics_obtained":[{"floor":6,"key":"Paper Frog"},{"floor":9,"key":"Tiny Chest"},{"floor":10,"key":"Oddly Smooth Stone"},{"floor":14,"key":"Self Forming Clay"},{"floor":24,"key":"Juzu Bracelet"},{"floor":26,"key":"Happy Flower"},{"floor":41,"key":"Frozen Egg 2"},{"floor":43,"key":"Kunai"},{"floor":48,"key":"Gambling Chip"}],"event_choices":[{"event_name":"NoteForYourself","player_choice":"Took Card","floor":2,"damage_taken":0},{"event_name":"Transmorgrifier","player_choice":"Transform","floor":8,"damage_taken":0},{"event_name":"World of Goop","player_choice":"Gather Gold","floor":13,"damage_taken":0},{"event_name":"Winding Halls","player_choice":"Embrace Madness","floor":42,"damage_taken":0},{"event_name":"FaceTrader","player_choice":"Touch","floor":45,"damage_taken":0}],"is_beta":true,"boss_relics":[{"not_picked":["Calling Bell","Black Blood"],"picked":"Astrolabe"},{"not_picked":["Busted Crown","Runic Pyramid"],"picked":"Cursed Key"}],"items_purged_floors":[19,46],"is_endless":false,"potions_floor_spawned":[1,5,10,11,18,20,30,31,36,37,41,47],"ascension_level":0}