{"gold_per_floor":[112,128,128,128,139,139,172,172,172,7,7,7,25,42,42,121,121,141,141,141,155,173,173],"floor_reached":23,"playtime":1198,"items_purged":[],"score":507,"play_id":"a161c358-c5ff-4e11-b23b-f36df6e3ff4e","local_time":"20190409222807","is_ascension_mode":true,"campfire_choices":[{"data":"Shockwave","floor":6.0,"key":"SMITH"},{"data":"Metallicize","floor":11.0,"key":"SMITH"},{"data":"Bash","floor":15.0,"key":"SMITH"}],"neow_cost":"NONE","seed_source_timestamp":2396622875743739,"circlet_count":0,"master_deck":["AscendersBane","Strike_R","Strike_R","Strike_R","Strike_R","Strike_R+1","Defend_R+1","Defend_R","Defend_R","Defend_R","Bash+1","Cleave","Shockwave+1","Shrug It Off","Metallicize+1","Disarm+1","Shrug It Off","Iron Wave","Feed","Doubt","Shame","Doubt","Anger","Shame","Writhe","True Grit+1","Feel No Pain"],"special_seed":0,"relics":["Burning Blood","Blue Candle","Centennial Puzzle","Kunai","Calling Bell","Pen Nib","Letter Opener","Magic Flower","Boot","Torii"],"potions_floor_usage":[23,23],"damage_taken":[{"damage":6.0,"enemies":"Jaw Worm","floor":1.0,"turns":5.0},{"damage":10.0,"enemies":"2 Louse","floor":2.0,"turns":2.0},{"damage":0.0,"enemies":"Small Slimes","floor":5.0,"turns":3.0},{"damage":25.0,"enemies":"Lagavulin","floor":7.0,"turns":7.0},{"damage":4.0,"enemies":"Exordium Wildlife","floor":13.0,"turns":5.0},{"damage":4.0,"enemies":"Lots of Slimes","floor":14.0,"turns":3.0},{"damage":56.0,"enemies":"Slime Boss","floor":16.0,"turns":17.0},{"damage":18.0,"enemies":"Shell Parasite","floor":18.0,"turns":14.0},{"damage":32.0,"enemies":"3 Byrds","floor":21.0,"turns":8.0},{"damage":33.0,"enemies":"Centurion and Healer","floor":22.0,"turns":10.0},{"damage":48,"enemies":"3 Cultists","floor":23,"turns":5}],"seed_played":"6701425510044709365","potions_obtained":[{"floor":1.0,"key":"Energy Potion"},{"floor":5.0,"key":"Regen Potion"},{"floor":7.0,"key":"Ancient Potion"},{"floor":14.0,"key":"Fire Potion"},{"floor":22.0,"key":"Poison Potion"}],"is_trial":false,"path_per_floor":["M","M","?","?","M","R","E","T","T","$","R","?","M","M","R","B",null,"M","?","?","M","M","M"],"character_chosen":"IRONCLAD","items_purchased":["Metallicize","Disarm"],"campfire_rested":0,"item_purchase_floors":[10,10],"current_hp_per_floor":[75,71,46,51,57,57,53,53,53,53,53,53,55,57,57,7,67,63,63,63,45,26,0],"gold":173,"neow_bonus":"TEN_PERCENT_HP_BONUS","is_prod":false,"is_daily":false,"chose_seed":false,"campfire_upgraded":3,"win_rate":0,"timestamp":1554863287,"path_taken":["M","M","?","?","M","R","E","?","T","$","R","?","M","M","R","BOSS","M","?","?","M","M","M"],"build_version":"2019-04-04","purchased_purges":0,"victory":false,"max_hp_per_floor":[82,82,82,87,87,87,87,87,87,87,87,87,87,87,87,87,87,90,90,90,93,96,99],"card_choices":[{"not_picked":["Dual Wield","Infernal Blade"],"picked":"Cleave","floor":1.0},{"not_picked":["Twin Strike","Blood for Blood"],"picked":"Shockwave","floor":2.0},{"not_picked":["Body Slam","Fire Breathing","True Grit"],"picked":"SKIP","floor":5.0},{"not_picked":["Wild Strike","Fire Breathing"],"picked":"Shrug It Off","floor":7.0},{"not_picked":["Havoc","Clash"],"picked":"Shrug It Off","floor":13.0},{"not_picked":["Armaments","Sword Boomerang"],"picked":"Iron Wave","floor":14.0},{"not_picked":["Immolate","Impervious"],"picked":"Feed","floor":16.0},{"not_picked":["Clothesline","Sword Boomerang"],"picked":"Anger","floor":18.0},{"not_picked":["Armaments","Perfected Strike+1"],"picked":"True Grit+1","floor":21.0},{"not_picked":["Wild Strike","Armaments+1"],"picked":"Feel No Pain","floor":22.0}],"player_experience":1500152,"relics_obtained":[{"floor":7.0,"key":"Blue Candle"},{"floor":8.0,"key":"Centennial Puzzle"},{"floor":9.0,"key":"Kunai"},{"floor":17.0,"key":"Pen Nib"},{"floor":17.0,"key":"Letter Opener"},{"floor":17.0,"key":"Magic Flower"}],"event_choices":[{"damage_healed":0.0,"max_hp_gain":0.0,"max_hp_loss":0.0,"gold_gain":0.0,"event_name":"Shining Light","player_choice":"Entered Light","floor":3.0,"gold_loss":0.0,"damage_taken":25.0,"cards_upgraded":["Strike_R","Defend_R"]},{"damage_healed":0.0,"max_hp_gain":5.0,"max_hp_loss":0.0,"gold_gain":0.0,"event_name":"Big Fish","player_choice":"Donut","floor":4.0,"gold_loss":0.0,"damage_taken":0.0},{"damage_healed":0.0,"max_hp_gain":0.0,"max_hp_loss":0.0,"gold_gain":0.0,"event_name":"Living Wall","player_choice":"Grow","floor":12.0,"gold_loss":0.0,"damage_taken":0.0,"cards_upgraded":["Disarm"]},{"damage_healed":0.0,"max_hp_gain":0.0,"max_hp_loss":0.0,"gold_gain":0.0,"event_name":"Addict","player_choice":"Stole Relic","floor":19.0,"gold_loss":0.0,"damage_taken":0.0,"relics_obtained":["Boot"],"cards_obtained":["Shame"]},{"damage_healed":0.0,"max_hp_gain":0.0,"max_hp_loss":0.0,"gold_gain":0.0,"event_name":"The Mausoleum","player_choice":"Opened","floor":20.0,"gold_loss":0.0,"damage_taken":0.0,"relics_obtained":["Torii"],"cards_obtained":["Writhe"]}],"is_beta":true,"boss_relics":[{"not_picked":["Runic Cube","Tiny House"],"picked":"Calling Bell"}],"items_purged_floors":[],"is_endless":false,"potions_floor_spawned":[1,5,7,14,22],"killed_by":"3 Cultists","ascension_level":20}