{"gold_per_floor":[119,194,214,225,245,245,265,147,199,214,214,164,183,27,27,125,125,141,166,185,196,53,53,87,102,127,127,75,75],"floor_reached":29,"playtime":987,"items_purged":[],"score":262,"play_id":"b3d13f24-bbed-46a1-8dd1-c8d083d43dd1","local_time":"20190216105749","is_ascension_mode":false,"campfire_choices":[{"data":"Venomology","floor":6,"key":"SMITH"},{"data":"Envenom","floor":15,"key":"SMITH"},{"data":"Cloak And Dagger","floor":23,"key":"SMITH"}],"neow_cost":"NONE","seed_source_timestamp":61195597232903,"circlet_count":0,"master_deck":["Defend_G","Defend_G","Defend_G","Defend_G","Defend_G","Survivor","Neutralize","Finesse","Slice","Backstab","Dash","Venomology+1","Blade Dance","Cloak And Dagger+1","Caltrops","Dagger Spray","Envenom+1","Die Die Die","Blade Dance+1","Backflip+1","Dagger Spray","Blade Dance","Swift Strike","Leg Sweep","Well Laid Plans","Bite","Bite","Bite","Bite","Bite","Dagger Spray"],"relics":["Ring of the Snake"],"potions_floor_usage":[16,16,18,20,20,21,21,24,24,25],"damage_taken":[{"damage":0,"enemies":"Small Slimes","floor":1,"turns":4},{"damage":0,"enemies":"2 Louse","floor":3,"turns":3},{"damage":0,"enemies":"Jaw Worm","floor":4,"turns":4},{"damage":0,"enemies":"Red Slaver","floor":5,"turns":3},{"damage":0,"enemies":"Lots of Slimes","floor":7,"turns":5},{"damage":0,"enemies":"3 Louse","floor":10,"turns":3},{"damage":0,"enemies":"Large Slime","floor":13,"turns":5},{"damage":33,"enemies":"The Guardian","floor":16,"turns":13},{"damage":11,"enemies":"2 Thieves","floor":18,"turns":4},{"damage":5,"enemies":"Spheric Guardian","floor":20,"turns":4},{"damage":10,"enemies":"Centurion and Healer","floor":21,"turns":10},{"damage":21,"enemies":"Book of Stabbing","floor":24,"turns":7},{"damage":26,"enemies":"Snecko","floor":25,"turns":5},{"damage":6,"enemies":"Colosseum Slavers","floor":29,"turns":1}],"seed_played":"-3086550745733012682","potions_obtained":[{"floor":1,"key":"Explosive Potion"},{"floor":4,"key":"GhostInAJar"},{"floor":7,"key":"Block Potion"},{"floor":10,"key":"Regen Potion"},{"floor":18,"key":"Swift Potion"},{"floor":25,"key":"Explosive Potion"}],"is_trial":false,"path_per_floor":["M","?","M","M","M","R","M","$","T","M","?","?","M","$","R","B",null,"M","T","M","M","$","R","E","M","T","?","$","?"],"character_chosen":"THE_SILENT","items_purchased":["Cloak And Dagger","Caltrops","Envenom","Blade Dance","Swift Strike","Dagger Spray"],"campfire_rested":0,"item_purchase_floors":[8,8,14,22,22,28],"current_hp_per_floor":[70,59,59,59,59,59,59,59,59,59,59,59,59,59,59,38,70,59,59,59,49,49,49,28,2,2,2,2,0],"gold":75,"neow_bonus":"RANDOM_COLORLESS","is_prod":false,"is_daily":false,"chose_seed":false,"campfire_upgraded":3,"win_rate":0,"timestamp":1550339869,"path_taken":["M","?","M","M","M","R","M","$","T","M","?","?","M","?","R","BOSS","M","?","M","?","$","R","E","M","T","?","$","?"],"build_version":"2019-01-23","purchased_purges":0,"victory":false,"max_hp_per_floor":[70,70,70,70,70,70,70,70,70,70,70,70,70,70,70,70,70,70,70,70,70,70,70,70,70,70,49,49,49],"card_choices":[{"not_picked":["Quick Slash","Prepared"],"picked":"Slice","floor":1},{"not_picked":["All Out Attack","Terror"],"picked":"Backstab","floor":3},{"not_picked":["Eviscerate","Tactician"],"picked":"Dash","floor":4},{"not_picked":["Blur","Deflect"],"picked":"Venomology","floor":5},{"not_picked":["Quick Slash","Underhanded Strike"],"picked":"Blade Dance","floor":7},{"not_picked":["Bouncing Flask","Poisoned Stab","Dagger Throw"],"picked":"SKIP","floor":10},{"not_picked":["Noxious Fumes","Bane"],"picked":"Dagger Spray","floor":13},{"not_picked":["Doppelganger","Night Terror"],"picked":"Die Die Die","floor":16},{"not_picked":["Prepared","Endless Agony"],"picked":"Blade Dance+1","floor":18},{"not_picked":["Bane","PiercingWail+1"],"picked":"Backflip+1","floor":20},{"not_picked":["PiercingWail","Prepared"],"picked":"Dagger Spray","floor":21},{"not_picked":["Caltrops+1","Acrobatics+1"],"picked":"Leg Sweep","floor":24},{"not_picked":["All Out Attack","Outmaneuver+1"],"picked":"Well Laid Plans","floor":25}],"player_experience":1496119,"relics_obtained":[],"event_choices":[{"damage_healed":0,"gold_gain":75,"player_choice":"Gather Gold","damage_taken":11,"max_hp_gain":0,"max_hp_loss":0,"event_name":"World of Goop","floor":2,"gold_loss":0},{"damage_healed":0,"gold_gain":0,"player_choice":"Fled","damage_taken":0,"max_hp_gain":0,"max_hp_loss":0,"event_name":"Scrap Ooze","floor":11,"gold_loss":0},{"cards_removed":["Strike_G"],"damage_healed":0,"gold_gain":0,"player_choice":"Card Removal","damage_taken":0,"max_hp_gain":0,"max_hp_loss":0,"event_name":"The Cleric","floor":12,"gold_loss":50},{"damage_healed":0,"gold_gain":0,"player_choice":"Became a vampire","damage_taken":0,"max_hp_gain":0,"max_hp_loss":21,"event_name":"Vampires","floor":27,"gold_loss":0,"cards_obtained":["Bite","Bite","Bite","Bite","Bite"]},{"damage_healed":0,"gold_gain":0,"player_choice":"Fight","damage_taken":0,"max_hp_gain":0,"max_hp_loss":0,"event_name":"Colosseum","floor":29,"gold_loss":0}],"is_beta":false,"boss_relics":[{"not_picked":["Velvet Choker","Coffee Dripper","Calling Bell"]}],"items_purged_floors":[],"is_endless":false,"potions_floor_spawned":[1,4,7,10,18,25],"killed_by":"Colosseum Slavers","ascension_level":0}