{"gold_per_floor":[111,61,336,356,38,38,38,38,38,70,70,95,115,127,127,231,231,248,248,70,70,70,97,97,130,130,163,181,181,181,200,200,200],"floor_reached":33,"playtime":1134,"items_purged":["Regret"],"score":409,"play_id":"d7ec3742-d634-4530-9664-7d4aaf52fab3","local_time":"20180911101430","is_ascension_mode":true,"campfire_choices":[{"data":"Envenom","floor":6,"key":"SMITH"},{"data":"1","floor":11,"key":"LIFT"},{"floor":15,"key":"REST"},{"floor":24,"key":"REST"},{"floor":29,"key":"REST"},{"floor":32,"key":"REST"}],"neow_cost":"NONE","seed_source_timestamp":485490428160091,"circlet_count":0,"master_deck":["Defend_G","Defend_G","Defend_G","Defend_G","Defend_G","Survivor","Neutralize","Deadly Poison","Dagger Throw","Envenom+1","Catalyst","Bane","Blur","Riddle With Holes","Dodge and Roll+1","Deadly Poison+1","Dagger Spray+1","Bite","Bite","Bite","Bite","Bite","Backflip+1","Dodge and Roll+1","Deep Breath+1","Dodge and Roll+1","Noxious Fumes","Pain","Sucker Punch+1","Caltrops","Dagger Spray+1"],"relics":["Ring of the Snake","NeowsBlessing","Girya","Pear","Bag of Marbles","Toxic Egg 2","Cursed Key","Ancient Tea Set","Darkstone Periapt","Dead Branch","Ornamental Fan"],"potions_floor_usage":[16,16,18,25,25,33],"damage_taken":[{"damage":0,"enemies":"Jaw Worm","floor":1,"turns":1},{"damage":0,"enemies":"Small Slimes","floor":4,"turns":1},{"damage":0,"enemies":"Lagavulin","floor":10,"turns":1},{"damage":26,"enemies":"3 Sentries","floor":12,"turns":9},{"damage":0,"enemies":"Cultist","floor":13,"turns":2},{"damage":6,"enemies":"2 Fungi Beasts","floor":14,"turns":3},{"damage":10,"enemies":"Hexaghost","floor":16,"turns":6},{"damage":2,"enemies":"Chosen","floor":18,"turns":4},{"damage":29,"enemies":"Slavers","floor":23,"turns":6},{"damage":6,"enemies":"Gremlin Leader","floor":25,"turns":3},{"damage":36,"enemies":"Book of Stabbing","floor":27,"turns":6},{"damage":22,"enemies":"Spheric Guardian","floor":28,"turns":6},{"damage":19,"enemies":"3 Cultists","floor":31,"turns":5},{"damage":58,"enemies":"Automaton","floor":33,"turns":8}],"seed_played":"-1964019128744881431","potions_obtained":[{"floor":12,"key":"SpeedPotion"},{"floor":13,"key":"SteroidPotion"},{"floor":14,"key":"SpeedPotion"},{"floor":16,"key":"SpeedPotion"},{"floor":23,"key":"Weak Potion"},{"floor":28,"key":"Fire Potion"},{"floor":31,"key":"Dexterity Potion"}],"is_trial":false,"path_per_floor":["M","?","?","M","$","R","?","?","T","E","R","E","M","M","R","B",null,"M","?","$","$","?","E","R","E","T","E","M","R","?","M","R"],"character_chosen":"THE_SILENT","items_purchased":["Envenom","Catalyst","Bane","Backflip+1","Dodge and Roll+1","Deep Breath+1"],"campfire_rested":4,"item_purchase_floors":[5,5,5,20,20,20],"current_hp_per_floor":[70,70,70,70,70,70,70,70,80,80,80,54,54,48,72,62,80,78,56,56,56,47,28,46,46,52,24,14,34,34,23,43,0],"gold":200,"neow_bonus":"THREE_ENEMY_KILL","is_prod":false,"is_daily":false,"chose_seed":false,"campfire_upgraded":1,"win_rate":0,"timestamp":1536682470,"path_taken":["M","?","?","?","$","R","?","?","T","E","R","E","M","M","R","BOSS","M","?","?","$","?","E","R","E","T","E","M","R","?","?","R","BOSS"],"build_version":"2018-09-06","purchased_purges":1,"victory":false,"max_hp_per_floor":[70,70,70,70,70,70,70,70,80,80,80,80,80,80,80,80,80,80,56,56,56,61,61,61,61,67,67,67,67,67,67,67,67],"card_choices":[{"not_picked":["Slice","Bane"],"picked":"Deadly Poison","floor":1},{"not_picked":["PiercingWail","A Thousand Cuts"],"picked":"Dagger Throw","floor":4},{"not_picked":["Quick Slash","Heel Hook"],"picked":"Blur","floor":10},{"not_picked":["Blade Dance","Outmaneuver"],"picked":"Riddle With Holes","floor":12},{"not_picked":["Heel Hook","Blade Dance+1"],"picked":"Dodge and Roll+1","floor":13},{"not_picked":["Terror+1","Dagger Throw"],"picked":"Deadly Poison+1","floor":14},{"not_picked":["Noxious Fumes","Quick Slash"],"picked":"Dagger Spray+1","floor":18},{"not_picked":["Distraction+1","Quick Slash"],"picked":"Dodge and Roll+1","floor":23},{"not_picked":["Flechettes","Underhanded Strike"],"picked":"Noxious Fumes","floor":25},{"not_picked":["Masterful Stab+1","Skewer"],"picked":"Sucker Punch+1","floor":27},{"not_picked":["Dagger Throw","Masterful Stab"],"picked":"Caltrops","floor":28},{"not_picked":["Underhanded Strike+1","Bouncing Flask+1"],"picked":"Dagger Spray+1","floor":31}],"player_experience":502802,"relics_obtained":[{"floor":9,"key":"Pear"},{"floor":10,"key":"Bag of Marbles"},{"floor":12,"key":"Toxic Egg 2"},{"floor":23,"key":"Ancient Tea Set"},{"floor":25,"key":"Darkstone Periapt"},{"floor":26,"key":"Dead Branch"},{"floor":27,"key":"Ornamental Fan"}],"event_choices":[{"event_name":"The Cleric","player_choice":"Card Removal","floor":2,"damage_taken":0},{"event_name":"Golden Shrine","player_choice":"Desecrate","floor":3,"damage_taken":0},{"event_name":"Dead Adventurer","player_choice":"Searched \u00271\u0027 times","floor":7,"damage_taken":0},{"event_name":"Wheel of Change","player_choice":"Full Heal","floor":8,"damage_taken":0},{"event_name":"Vampires","player_choice":"Became a vampire","floor":19,"damage_taken":0},{"event_name":"Forgotten Altar","player_choice":"Shed Blood","floor":22,"damage_taken":0},{"event_name":"Cursed Tome","player_choice":"Ignored","floor":30,"damage_taken":0}],"is_beta":false,"boss_relics":[{"not_picked":["WristBlade","HoveringKite"],"picked":"Cursed Key"}],"items_purged_floors":[5],"is_endless":false,"potions_floor_spawned":[12,13,14,16,23,28,31],"killed_by":"Automaton","ascension_level":3}