{"gold_per_floor":[116,126,140,150,150,75,88,118,118,165,197,176,222,244,256,368,380,403,430,461,489,501],"floor_reached":22,"playtime":2273,"items_purged":["Regret"],"score":202,"play_id":"fcf6fc43-2ebc-4469-a6ca-e5659368cd71","local_time":"20190131152750","is_ascension_mode":false,"campfire_choices":[{"floor":15,"key":"REST"}],"neow_cost":"NONE","seed_source_timestamp":231297318040316,"circlet_count":0,"master_deck":["Strike_B","Defend_B","Defend_B","Defend_B","Zap","Dualcast","All For One","White Noise","Ball Lightning","Gash","Ball Lightning","Biased Cognition","Ball Lightning+1","FTL+1","Rip and Tear+1","Gash","Rebound+1","Rip and Tear+1"],"relics":["Cracked Core","Regal Pillow","Letter Opener","MawBank","Omamori","Pen Nib","Astrolabe"],"potions_floor_usage":[13,21,21,21],"damage_taken":[{"damage":7,"enemies":"Small Slimes","floor":1,"turns":3},{"damage":0,"enemies":"2 Louse","floor":2,"turns":3},{"damage":4,"enemies":"Cultist","floor":3,"turns":5},{"damage":6,"enemies":"Exordium Thugs","floor":4,"turns":3},{"damage":5,"enemies":"3 Louse","floor":7,"turns":3},{"damage":20,"enemies":"Gremlin Nob","floor":10,"turns":4},{"damage":3,"enemies":"2 Fungi Beasts","floor":11,"turns":3},{"damage":21,"enemies":"Lagavulin","floor":13,"turns":7},{"damage":5,"enemies":"Looter","floor":14,"turns":2},{"damage":39,"enemies":"Slime Boss","floor":16,"turns":9},{"damage":20,"enemies":"3 Byrds","floor":18,"turns":3},{"damage":0,"enemies":"Spheric Guardian","floor":19,"turns":2},{"damage":21,"enemies":"Snake Plant","floor":20,"turns":3},{"damage":12,"enemies":"Shelled Parasite and Fungi","floor":21,"turns":2},{"damage":22,"enemies":"Centurion and Healer","floor":22,"turns":3}],"seed_played":"628313469566939681","potions_obtained":[{"floor":3,"key":"Dexterity Potion"},{"floor":4,"key":"Energy Potion"},{"floor":10,"key":"Regen Potion"},{"floor":13,"key":"AttackPotion"},{"floor":16,"key":"SkillPotion"},{"floor":21,"key":"Energy Potion"}],"is_trial":false,"path_per_floor":["?","?","?"],"character_chosen":"DEFECT","items_purchased":[],"campfire_rested":1,"item_purchase_floors":[],"current_hp_per_floor":[68,68,64,58,58,58,53,53,53,33,30,30,14,9,46,7,75,55,55,34,22,0],"gold":501,"neow_bonus":"TRANSFORM_CARD","is_prod":false,"is_daily":false,"chose_seed":false,"campfire_upgraded":0,"win_rate":0.0,"timestamp":1548966470,"path_taken":["M","M","M","M","?","$","M","?","T","E","M","?","E","M","R","BOSS","M","M","M","M","M"],"build_version":"2019-01-23","purchased_purges":1,"victory":false,"max_hp_per_floor":[75,75,75,75,75,75,75,75,75,75,75,75,75,75,75,75,75,75,75,75,75,75],"card_choices":[{"not_picked":["Leap","Glacier","Undo"],"picked":"SKIP","floor":1},{"not_picked":["Barrage","Conserve Battery"],"picked":"White Noise","floor":2},{"not_picked":["White Noise","Double Energy"],"picked":"Ball Lightning","floor":3},{"not_picked":["Barrage","Darkness","Stack"],"picked":"SKIP","floor":4},{"not_picked":["Force Field","Redo"],"picked":"Gash","floor":7},{"not_picked":["Meteor Strike","Consume","Steam Power"],"picked":"SKIP","floor":10},{"not_picked":["Streamline","Glacier"],"picked":"Ball Lightning","floor":11},{"not_picked":["Redo","Go for the Eyes","Steam"],"picked":"SKIP","floor":13},{"not_picked":["Darkness","Compile Driver","Melter"],"picked":"SKIP","floor":14},{"not_picked":["Buffer","Core Surge"],"picked":"Biased Cognition","floor":16},{"not_picked":["Recycle","Storm","Go for the Eyes"],"picked":"SKIP","floor":18},{"not_picked":["BootSequence","Steam"],"picked":"Gash","floor":19},{"not_picked":["Steam","Skim"],"picked":"Rebound+1","floor":20},{"not_picked":["Barrage","Rebound"],"picked":"Rip and Tear+1","floor":21}],"player_experience":79458,"relics_obtained":[{"floor":9,"key":"MawBank"},{"floor":10,"key":"Omamori"},{"floor":13,"key":"Pen Nib"}],"event_choices":[{"damage_healed":0,"gold_gain":0,"player_choice":"Box","damage_taken":0,"relics_obtained":["Regal Pillow"],"max_hp_gain":0,"max_hp_loss":0,"event_name":"Big Fish","floor":5,"gold_loss":0,"cards_obtained":["Regret"]},{"damage_healed":0,"gold_gain":30,"player_choice":"Searched \u00273\u0027 times","damage_taken":0,"relics_obtained":["Letter Opener"],"max_hp_gain":0,"max_hp_loss":0,"event_name":"Dead Adventurer","floor":8,"gold_loss":0},{"damage_healed":0,"gold_gain":0,"player_choice":"Left Gold","damage_taken":0,"max_hp_gain":0,"max_hp_loss":0,"event_name":"World of Goop","floor":12,"gold_loss":33}],"is_beta":false,"boss_relics":[{"not_picked":["Black Star","Philosopher\u0027s Stone"],"picked":"Astrolabe"}],"items_purged_floors":[6],"is_endless":false,"potions_floor_spawned":[3,4,10,13,14,16,20,21],"killed_by":"Centurion and Healer","ascension_level":0}