{"gold_per_floor":[112,62,62,79,96,130,142,329,364,376,97,111,131,161,161,262,262,274,234,252,11,86,86],"floor_reached":23,"playtime":658,"items_purged":["Doubt","Strike_B"],"score":336,"play_id":"b4fa57bf-0b8e-4af9-bbb0-8cf107e6ea95","local_time":"20190117002416","is_ascension_mode":true,"campfire_choices":[{"data":"Gash","floor":7.0,"key":"SMITH"},{"floor":15.0,"key":"REST"}],"neow_cost":"NONE","seed_source_timestamp":114551868803585,"circlet_count":0,"master_deck":["AscendersBane","Strike_B","Strike_B","Defend_B","Defend_B","Defend_B","Defend_B","Zap","Dualcast","Melter","White Noise","Sunder","Gash+1","FTL","Flash of Steel","Gash","Steam","All For One","Leap+1","Turbo+1","Gash+1"],"special_seed":0,"relics":["Cracked Core","NeowsBlessing","MawBank","Bronze Scales","The Courier","Black Star","DollysMirror"],"potions_floor_usage":[20,23,23],"damage_taken":[{"damage":0.0,"enemies":"Jaw Worm","floor":1.0,"turns":1.0},{"damage":0.0,"enemies":"2 Louse","floor":4.0,"turns":1.0},{"damage":0.0,"enemies":"Cultist","floor":5.0,"turns":1.0},{"damage":15.0,"enemies":"3 Sentries","floor":6.0,"turns":6.0},{"damage":27.0,"enemies":"Large Slime","floor":12.0,"turns":5.0},{"damage":1.0,"enemies":"Exordium Wildlife","floor":13.0,"turns":2.0},{"damage":0.0,"enemies":"Gremlin Nob","floor":14.0,"turns":2.0},{"damage":45.0,"enemies":"Slime Boss","floor":16.0,"turns":9.0},{"damage":39.0,"enemies":"Shell Parasite","floor":18.0,"turns":5.0},{"damage":0,"enemies":"3 Byrds","floor":20,"turns":2},{"damage":17,"enemies":"Book of Stabbing","floor":23,"turns":2}],"seed_played":"8053442052565432664","potions_obtained":[{"floor":1.0,"key":"SpeedPotion"},{"floor":3.0,"key":"Ancient Potion"},{"floor":3.0,"key":"Poison Potion"},{"floor":3.0,"key":"Energy Potion"},{"floor":12.0,"key":"Energy Potion"},{"floor":13.0,"key":"FearPotion"},{"floor":14.0,"key":"Poison Potion"},{"floor":19.0,"key":"Fire Potion"},{"floor":19.0,"key":"Swift Potion"},{"floor":19.0,"key":"GamblersBrew"},{"floor":20,"key":"Poison Potion"}],"is_trial":false,"path_per_floor":["M","?","?","M","M","E","R","?","T","$","$","M","M","E","R","B",null,"M","?","M","$","?","E"],"character_chosen":"DEFECT","items_purchased":["FTL","Flash of Steel","AttackPotion","DollysMirror"],"campfire_rested":1,"item_purchase_floors":[11,11,11,21],"current_hp_per_floor":[68,68,68,68,68,53,53,53,53,53,53,26,25,25,47,2,57,18,18,18,18,11,0],"gold":86,"neow_bonus":"THREE_ENEMY_KILL","is_prod":false,"is_daily":false,"chose_seed":false,"campfire_upgraded":1,"win_rate":0,"timestamp":1547702656,"path_taken":["M","?","?","M","?","E","R","?","T","?","$","M","M","E","R","BOSS","M","?","?","$","?","E"],"build_version":"2019-01-16","purchased_purges":2,"victory":false,"max_hp_per_floor":[75,75,75,75,75,75,75,75,75,75,75,75,75,75,75,75,75,75,75,75,75,75,75],"card_choices":[{"not_picked":["FTL","Redo"],"picked":"Melter","floor":1.0},{"not_picked":["Compile Driver","Cold Snap"],"picked":"White Noise","floor":4.0},{"not_picked":["Capacitor","Reprogram"],"picked":"Sunder","floor":5.0},{"not_picked":["Redo","Auto Shields"],"picked":"Gash","floor":6.0},{"not_picked":["Loop","Consume","Static Discharge"],"picked":"SKIP","floor":12.0},{"not_picked":["Steam","Glacier"],"picked":"Gash","floor":13.0},{"not_picked":["Hello World","Doom and Gloom"],"picked":"Steam","floor":14.0},{"not_picked":["Machine Learning","Seek"],"picked":"All For One","floor":16.0},{"not_picked":["Conserve Battery+1","Sweeping Beam"],"picked":"Leap+1","floor":18.0},{"not_picked":["Ball Lightning","Sweeping Beam"],"picked":"Turbo+1","floor":20}],"player_experience":511094,"relics_obtained":[{"floor":6.0,"key":"MawBank"},{"floor":9.0,"key":"Bronze Scales"},{"floor":14.0,"key":"The Courier"}],"event_choices":[{"cards_removed":["Strike_B"],"damage_healed":0.0,"max_hp_gain":0.0,"max_hp_loss":0.0,"gold_gain":0.0,"event_name":"The Cleric","player_choice":"Card Removal","floor":2.0,"gold_loss":50.0,"damage_taken":0.0},{"damage_healed":0.0,"max_hp_gain":0.0,"max_hp_loss":0.0,"gold_gain":0.0,"event_name":"Lab","player_choice":"Got Potions","floor":3.0,"gold_loss":0.0,"damage_taken":0.0},{"damage_healed":0.0,"max_hp_gain":0.0,"max_hp_loss":0.0,"gold_gain":175.0,"event_name":"Liars Game","player_choice":"AGREE","floor":8.0,"gold_loss":0.0,"damage_taken":0.0,"cards_obtained":["Doubt"]},{"damage_healed":0.0,"max_hp_gain":0.0,"max_hp_loss":0.0,"gold_gain":0.0,"event_name":"The Woman in Blue","player_choice":"Bought 3 Potions","floor":19.0,"gold_loss":0.0,"damage_taken":0.0},{"damage_healed":0,"gold_gain":75,"player_choice":"Touch","damage_taken":7,"max_hp_gain":0,"max_hp_loss":0,"event_name":"FaceTrader","floor":22,"gold_loss":0}],"is_beta":true,"boss_relics":[{"not_picked":["Coffee Dripper","Runic Pyramid"],"picked":"Black Star"}],"items_purged_floors":[11,21],"is_endless":false,"potions_floor_spawned":[1,12,13,14,20],"killed_by":"Book of Stabbing","ascension_level":10}