{"gold_per_floor":[117,117,135,153,164,164,193,210,237,237,294,307,307,336,336,435,435,448,460,19,19,38,38,38,66,89,120,28,42,42,72,72,169,169,179,189,27,51,51],"floor_reached":39,"playtime":2019,"items_purged":["Doubt"],"score":537,"play_id":"e37bfa23-4034-4fdc-9453-dc3b28d7e8d2","local_time":"20180805152520","is_ascension_mode":true,"campfire_choices":[{"data":"Streamline","floor":6,"key":"SMITH"},{"floor":13,"key":"REST"},{"data":"White Noise","floor":15,"key":"SMITH"},{"floor":23,"key":"REST"},{"data":"Electrodynamics","floor":30,"key":"SMITH"},{"floor":32,"key":"REST"}],"neow_cost":"NONE","seed_source_timestamp":364475091704730,"circlet_count":0,"master_deck":["Zap","Dualcast+1","Cold Snap","Streamline+1","Cold Snap","Cold Snap","Melter","Self Repair+1","Rebound","Conserve Battery","Sweeping Beam","White Noise+1","Electrodynamics+1","Clumsy","Pain","Defragment+1","Leap+1","Redo","Loop","Leap","Conserve Battery","Blizzard+1","Capacitor","Coolheaded","Defragment","Redo","Sweeping Beam","Leap","Seek","Heatsinks","Rebound","Fusion","Recycle","BootSequence","Rebound","Heatsinks","Rebound","Doom and Gloom+1","Redo+1","Static Discharge","Madness"],"relics":["Cracked Core","The Courier","Regal Pillow","Tiny Chest","Anchor","Calling Bell","War Paint","Kunai","Calipers","ClockworkSouvenir","Bronze Scales","Nilry\u0027s Codex","Red Mask","Orichalcum","Ancient Tea Set","Girya","Pandora\u0027s Box","Bag of Marbles"],"potions_floor_usage":[3,7,7,14,19,25,27,31],"damage_taken":[{"damage":5,"enemies":"2 Louse","floor":1,"turns":3},{"damage":0,"enemies":"Cultist","floor":3,"turns":1},{"damage":4,"enemies":"Jaw Worm","floor":4,"turns":3},{"damage":17,"enemies":"Blue Slaver","floor":5,"turns":3},{"damage":0,"enemies":"Gremlin Nob","floor":7,"turns":3},{"damage":11,"enemies":"2 Fungi Beasts","floor":8,"turns":3},{"damage":27,"enemies":"Lagavulin","floor":11,"turns":5},{"damage":21,"enemies":"Exordium Thugs","floor":12,"turns":5},{"damage":4,"enemies":"3 Sentries","floor":14,"turns":5},{"damage":44,"enemies":"The Guardian","floor":16,"turns":12},{"damage":0,"enemies":"Spheric Guardian","floor":18,"turns":3},{"damage":14,"enemies":"3 Byrds","floor":19,"turns":3},{"damage":20,"enemies":"Snake Plant","floor":22,"turns":4},{"damage":0,"floor":25,"turns":2},{"damage":28,"enemies":"Slavers","floor":27,"turns":3},{"damage":8,"enemies":"Snecko","floor":29,"turns":5},{"damage":25,"enemies":"Book of Stabbing","floor":31,"turns":5},{"damage":33,"enemies":"Collector","floor":33,"turns":11},{"damage":25,"enemies":"3 Shapes","floor":35,"turns":6},{"damage":50,"enemies":"3 Darklings","floor":36,"turns":6},{"damage":15,"enemies":"Transient","floor":39,"turns":2}],"seed_played":"-1052955440155110568","potions_obtained":[{"floor":2,"key":"Dexterity Potion"},{"floor":2,"key":"Ancient Potion"},{"floor":2,"key":"AttackPotion"},{"floor":5,"key":"FearPotion"},{"floor":12,"key":"FocusPotion"},{"floor":16,"key":"LiquidBronze"},{"floor":19,"key":"PowerPotion"},{"floor":25,"key":"Poison Potion"},{"floor":31,"key":"Swift Potion"}],"is_trial":false,"path_per_floor":["M","?","M","M","M","R","E","M","T","?","E","M","R","E","R","B",null,"M","M","$","?","M","R","?","?","T","E","$","M","R","E","R","B",null,"M","M","$","T"],"character_chosen":"DEFECT","items_purchased":["Redo","ClockworkSouvenir","Bronze Scales","Loop","Leap","Conserve Battery","Defragment","Redo","Static Discharge","Madness"],"campfire_rested":3,"item_purchase_floors":[20,20,20,20,20,20,28,28,37,37],"current_hp_per_floor":[70,70,70,66,49,49,49,45,45,45,28,17,54,60,60,16,75,75,71,71,57,37,76,60,70,70,52,52,54,54,39,78,45,80,55,15,15,15,0],"gold":51,"neow_bonus":"THREE_CARDS","is_prod":false,"is_daily":false,"chose_seed":false,"campfire_upgraded":3,"win_rate":0,"timestamp":1533504320,"path_taken":["M","?","M","M","M","R","E","M","T","?","E","?","R","E","R","BOSS","M","M","$","?","M","R","?","?","T","E","$","M","R","E","R","BOSS","M","M","$","?","M"],"build_version":"2018-08-02","purchased_purges":1,"victory":false,"max_hp_per_floor":[75,75,75,75,75,75,75,75,75,75,75,75,75,75,75,75,75,75,75,75,80,80,80,80,80,80,80,80,80,80,80,80,80,80,80,80,80,80,80],"card_choices":[{"not_picked":["Loop","Stack"],"picked":"Cold Snap","floor":0},{"not_picked":["Gash","Sunder"],"picked":"Streamline","floor":1},{"not_picked":["Streamline","Coolheaded"],"picked":"Cold Snap","floor":3},{"not_picked":["Steam","Heatsinks"],"picked":"Cold Snap","floor":4},{"not_picked":["Beam Cell","Barrage"],"picked":"Melter","floor":5},{"not_picked":["Fission","Melter"],"picked":"Self Repair","floor":7},{"not_picked":["Glacier","Streamline"],"picked":"Rebound","floor":8},{"not_picked":["Turbo","Lockon"],"picked":"Conserve Battery","floor":11},{"not_picked":["Compile Driver","Hyperbeam"],"picked":"Sweeping Beam","floor":12},{"not_picked":["Steam","Hello World"],"picked":"White Noise","floor":14},{"not_picked":["All For One","Seek"],"picked":"Electrodynamics","floor":16},{"not_picked":["Chill","Compile Driver"],"picked":"Defragment+1","floor":18},{"not_picked":["Turbo+1","Hello World+1"],"picked":"Leap+1","floor":19},{"not_picked":["Auto Shields+1","Fusion"],"picked":"Blizzard+1","floor":22},{"not_picked":["Seek","Tempest+1"],"picked":"Capacitor","floor":25},{"not_picked":["Scrape","Reprogram"],"picked":"Coolheaded","floor":27},{"not_picked":["Streamline","Compile Driver"],"picked":"Sweeping Beam","floor":29},{"not_picked":["Barrage","Sunder+1"],"picked":"Leap","floor":31},{"not_picked":["Machine Learning","Amplify"],"picked":"Seek","floor":33},{"not_picked":["Ball Lightning","Stack"],"picked":"Doom and Gloom+1","floor":35},{"not_picked":["Steam+1","Blizzard"],"picked":"Redo+1","floor":36}],"player_experience":204292,"relics_obtained":[{"floor":7,"key":"The Courier"},{"floor":9,"key":"Regal Pillow"},{"floor":11,"key":"Tiny Chest"},{"floor":14,"key":"Anchor"},{"floor":17,"key":"War Paint"},{"floor":17,"key":"Kunai"},{"floor":17,"key":"Calipers"},{"floor":24,"key":"Nilry\u0027s Codex"},{"floor":25,"key":"Red Mask"},{"floor":26,"key":"Orichalcum"},{"floor":27,"key":"Ancient Tea Set"},{"floor":31,"key":"Girya"},{"floor":38,"key":"Bag of Marbles"}],"event_choices":[{"event_name":"The Lab","player_choice":"Got Potions","floor":2,"damage_taken":0},{"event_name":"Living Wall","player_choice":"Grow","floor":10,"damage_taken":0},{"event_name":"Forgotten Altar","player_choice":"Shed Blood","floor":21,"damage_taken":0},{"event_name":"Cursed Tome","player_choice":"Obtained Book","floor":24,"damage_taken":0},{"event_name":"Masked Bandits","player_choice":"Fought over 38 gold","floor":25,"damage_taken":0}],"is_beta":false,"boss_relics":[{"not_picked":["Runic Dome","Cursed Key"],"picked":"Calling Bell"},{"not_picked":["Velvet Choker","Eternal Feather"],"picked":"Pandora\u0027s Box"}],"items_purged_floors":[37],"is_endless":false,"potions_floor_spawned":[5,12,16,19,25,31],"killed_by":"Transient","ascension_level":1}