{"path_per_floor":["M","M","$","M","M","R","M","M","T","R","M","E","?","E","R","B",null,"M","$","M","M","?","E","M","R","T","M","T","R","M","$","R","B",null,"M","$","?","M","?","E","R","M","T","?","?","M","$","M","R","B"],"character_chosen":"IRONCLAD","items_purchased":["Frozen Egg 2","Inflame","Pantograph","Dropkick","Shrug It Off","Sentinel","Pummel","Finesse","Shockwave","Strength Potion","Poison Potion"],"gold_per_floor":[362,375,47,61,80,80,94,108,108,108,123,187,242,271,271,366,366,385,50,62,72,72,98,109,109,109,121,175,175,189,48,48,153,153,168,1,1,12,12,41,41,51,78,78,123,139,41,57,57,57],"floor_reached":51,"campfire_rested":2,"playtime":2834,"current_hp_per_floor":[64,64,64,68,53,53,54,53,53,72,69,61,63,63,63,43,72,64,64,55,66,66,49,38,38,38,44,44,44,49,49,49,64,72,72,72,72,70,70,54,54,51,51,42,46,44,44,30,66,40],"items_purged":[],"gold":57,"score":736,"play_id":"6f46341b-2410-4991-a8d9-68844b238d07","local_time":"20180303211209","is_prod":false,"is_daily":false,"is_ascension_mode":false,"campfire_upgraded":6,"timestamp":1520129529,"path_taken":["M","M","$","M","M","R","M","M","T","R","M","E","?","E","R","BOSS","M","$","M","M","?","E","M","R","T","M","?","R","M","?","R","BOSS","M","$","?","M","?","E","R","M","T","?","?","M","$","M","R","BOSS"],"build_version":"2018-03-02-BETA2","purchased_purges":0,"victory":true,"master_deck":["Strike_R+1","Strike_R+1","Strike_R","Strike_R","Defend_R","Defend_R+1","Defend_R","Defend_R","Bash","Shockwave+1","Flex+1","Inflame+1","Heavy Blade+1","Shrug It Off","Pummel","Ghostly Armor","Exhume+1","Feel No Pain+1","Clash","Offering","Clash+1","Dropkick","Shrug It Off+1","Spot Weakness","Fire Breathing+1","Battle Trance","Pummel+1","Shrug It Off","Sentinel","Pummel","Bludgeon","Corruption+1","Finesse","Shockwave+1","Exhume+1","Infernal Blade","True Grit+1","Uppercut+1","Parasite","Madness","Madness","Body Slam","Heavy Blade+1","Flame Barrier+1"],"max_hp_per_floor":[72,72,72,72,72,72,72,72,72,72,72,72,72,72,72,72,72,72,72,72,72,72,72,72,72,72,72,72,72,72,72,72,72,72,72,72,72,72,72,72,72,72,72,72,72,72,72,72,72,72],"relics":["Black Blood","Frozen Egg 2","Mercury Hourglass","Tiny Chest","Dream Catcher","Whetstone","Pantograph","War Paint","Charon\u0027s Ashes","Regal Pillow","Cursed Key","Dodecahedron","Ancient Tea Set","Calipers"],"card_choices":[{"not_picked":["Flex","Body Slam"],"picked":"Shockwave"},{"not_picked":["Pommel Strike","Clothesline"],"picked":"Flex"},{"not_picked":["Headbutt","Pommel Strike"],"picked":"Heavy Blade"},{"not_picked":["Seeing Red","Wild Strike"],"picked":"Shrug It Off"},{"not_picked":["Sword Boomerang","Heavy Blade"],"picked":"Pummel"},{"not_picked":["Perfected Strike","Flame Barrier"],"picked":"Ghostly Armor"},{"not_picked":["Evolve","Rage"],"picked":"Exhume"},{"not_picked":["Cleave","Shrug It Off"],"picked":"Feel No Pain"},{"not_picked":["Intimidate","Cleave"],"picked":"Clash"},{"not_picked":["Bludgeon","Impervious"],"picked":"Offering"},{"not_picked":["Iron Wave","Second Wind"],"picked":"Clash"},{"not_picked":["Thunderclap","Headbutt"],"picked":"Spot Weakness"},{"not_picked":["Armaments","Cleave"],"picked":"Fire Breathing"},{"not_picked":["Pommel Strike","Clothesline"],"picked":"Battle Trance"},{"not_picked":["Twin Strike","Combust"],"picked":"Pummel"},{"not_picked":["Pommel Strike","Uppercut"],"picked":"Shrug It Off"},{"not_picked":["Immolate","Brutality"],"picked":"Bludgeon"},{"not_picked":["Iron Wave","Twin Strike"],"picked":"Corruption"},{"not_picked":["Intimidate","Anger"],"picked":"Infernal Blade"},{"not_picked":["Thunderclap","Iron Wave"],"picked":"True Grit"},{"not_picked":["Pommel Strike","Armaments"],"picked":"Uppercut"},{"not_picked":["Flex","Anger"],"picked":"Body Slam"},{"not_picked":["Burning Pact","Thunderclap"],"picked":"Heavy Blade"},{"not_picked":["Rampage","True Grit"],"picked":"Flame Barrier"}],"player_experience":45800,"potions_floor_usage":[12,14,16,21,21,23,23,27,30,33,40,45,50,50,50],"damage_taken":[{"damage":14.0,"enemies":"Small Slimes","floor":1.0,"turns":3.0},{"damage":6.0,"enemies":"Jaw Worm","floor":2.0,"turns":4.0},{"damage":2.0,"enemies":"Cultist","floor":4.0,"turns":4.0},{"damage":21.0,"enemies":"Large Slime","floor":5.0,"turns":4.0},{"damage":5.0,"enemies":"Blue Slaver","floor":7.0,"turns":3.0},{"damage":7,"enemies":"2 Fungi Beasts","floor":8,"turns":4},{"damage":9,"enemies":"Red Slaver","floor":11,"turns":3},{"damage":14,"enemies":"Lagavulin","floor":12,"turns":5},{"damage":4,"enemies":"Gremlin Nob","floor":13,"turns":3},{"damage":6,"enemies":"3 Sentries","floor":14,"turns":4},{"damage":26,"enemies":"The Guardian","floor":16,"turns":7},{"damage":18,"enemies":"Chosen","floor":18,"turns":4},{"damage":19,"enemies":"2 Thieves","floor":20,"turns":3},{"damage":11,"enemies":"3 Cultists","floor":21,"turns":5},{"damage":39,"enemies":"Book of Stabbing","floor":23,"turns":5},{"damage":21,"enemies":"Snake Plant","floor":24,"turns":3},{"damage":4,"enemies":"Snecko","floor":27,"turns":3},{"damage":17,"enemies":"3 Cultists","floor":30,"turns":5},{"damage":18,"enemies":"Champ","floor":33,"turns":6},{"damage":4,"enemies":"Flame Bruiser 1 Orb","floor":35,"turns":5},{"damage":12,"enemies":"3 Darklings","floor":38,"turns":4},{"damage":26,"enemies":"Nemesis","floor":40,"turns":3},{"damage":13,"enemies":"Sphere and 2 Shapes","floor":42,"turns":4},{"damage":6,"enemies":"Mysterious Sphere","floor":45,"turns":3},{"damage":12,"enemies":"Maw","floor":46,"turns":5},{"damage":24,"enemies":"3 Darklings","floor":48,"turns":3},{"damage":42,"enemies":"Donu and Deca","floor":50,"turns":8}],"event_choices":[{"event_name":"Dead Adventurer","player_choice":"Searched \u00271\u0027 times","floor":13,"damage_taken":0},{"event_name":"The Lab","player_choice":"Got Potions","floor":22,"damage_taken":0},{"event_name":"Duplicator","player_choice":"One dupe","floor":37,"damage_taken":0},{"event_name":"Winding Halls","player_choice":"Embrace Madness","floor":44,"damage_taken":0},{"event_name":"Mysterious Sphere","player_choice":"Fight","floor":45,"damage_taken":0}],"boss_relics":[{"not_picked":["White Beast Statue","Mark of Pain"],"picked":"Black Blood"},{"not_picked":["Runic Dome","Snecko Eye"],"picked":"Cursed Key"}],"potions_floor_spawned":[2,4,8,11,13,16,18,24,27,35,40,46],"seed_played":"-9114845191375664214","ascension_level":0,"is_trial":false}