{"gold_per_floor":[110,110,110,90,103,142,142,175,175,20,120,138,158,149,149,279,279,303,303,292,307,321,321,342,342,365,365,386,386],"floor_reached":29,"playtime":1510,"items_purged":[],"score":341,"play_id":"5b5892da-d2bc-41d1-a293-908fb2626ff0","local_time":"20190131111050","is_ascension_mode":true,"campfire_choices":[{"data":"Noxious Fumes","floor":7,"key":"SMITH"},{"floor":15,"key":"REST"},{"floor":23,"key":"REST"},{"floor":27,"key":"REST"}],"neow_cost":"NONE","seed_source_timestamp":167978090260335,"circlet_count":0,"master_deck":["Defend_G","Defend_G","Defend_G","Defend_G","Strike_G","Strike_G+1","Strike_G","Survivor","Neutralize","Flying Knee+1","Prepared","Noxious Fumes+1","Dodge and Roll","Deflect","Deflect","Deadly Poison","After Image","Crippling Poison+1","Sucker Punch","Backflip","Caltrops+1","Bane","Backflip"],"relics":["Ring of the Snake","NeowsBlessing","Golden Idol","Nunchaku","Ginger","Girya","Blood Vial","Empty Cage","Whetstone"],"potions_floor_usage":[8,16,16,25],"damage_taken":[{"damage":0,"enemies":"Small Slimes","floor":1,"turns":1},{"damage":0,"enemies":"2 Louse","floor":5,"turns":1},{"damage":0,"enemies":"Lagavulin","floor":6,"turns":1},{"damage":37,"enemies":"Gremlin Nob","floor":8,"turns":6},{"damage":0,"enemies":"Cultist","floor":12,"turns":5},{"damage":9,"enemies":"Blue Slaver","floor":13,"turns":4},{"damage":0,"enemies":"Exordium Thugs","floor":14,"turns":4},{"damage":22,"enemies":"Hexaghost","floor":16,"turns":9},{"damage":24,"enemies":"Chosen","floor":18,"turns":7},{"damage":13,"enemies":"2 Thieves","floor":20,"turns":4},{"damage":14,"enemies":"Snake Plant","floor":21,"turns":6},{"damage":14,"enemies":"3 Cultists","floor":22,"turns":5},{"damage":16,"enemies":"Cultist and Chosen","floor":24,"turns":6},{"damage":13,"enemies":"Colosseum Slavers","floor":25,"turns":5},{"damage":18,"enemies":"Shelled Parasite and Fungi","floor":28,"turns":7},{"damage":13,"enemies":"Centurion and Healer","floor":29,"turns":2}],"seed_played":"-3521552840282485271","potions_obtained":[{"floor":4,"key":"FairyPotion"},{"floor":6,"key":"GhostInAJar"},{"floor":8,"key":"PowerPotion"},{"floor":12,"key":"SteroidPotion"},{"floor":14,"key":"PowerPotion"},{"floor":21,"key":"SteroidPotion"},{"floor":24,"key":"AttackPotion"},{"floor":28,"key":"FearPotion"}],"is_trial":false,"path_per_floor":["M","?","?","?","M","E","R","E","T","$","?","M","M","M","R","B",null,"M","?","M","M","M","R","M","?","T","R","M","M"],"character_chosen":"THE_SILENT","items_purchased":["Blood Vial"],"campfire_rested":3,"item_purchase_floors":[10],"current_hp_per_floor":[63,63,63,63,63,63,63,26,26,26,26,28,21,23,44,24,59,37,37,26,14,2,23,9,6,6,27,11,0],"gold":386,"neow_bonus":"THREE_ENEMY_KILL","is_prod":false,"is_daily":false,"chose_seed":false,"campfire_upgraded":1,"win_rate":0,"timestamp":1548958250,"path_taken":["M","?","?","?","?","E","R","E","T","$","?","M","M","M","R","BOSS","M","?","?","?","M","R","?","?","T","R","M","M"],"build_version":"2019-01-23","purchased_purges":0,"victory":false,"max_hp_per_floor":[70,70,70,70,70,70,70,70,70,70,70,70,70,70,70,70,70,70,70,70,70,70,70,70,70,70,70,70,70],"card_choices":[{"not_picked":["Slice","Acrobatics"],"picked":"Flying Knee","floor":1},{"not_picked":["Dagger Spray","Underhanded Strike"],"picked":"Prepared","floor":5},{"not_picked":["Dodge and Roll","Backflip"],"picked":"Noxious Fumes","floor":6},{"not_picked":["Glass Knife","Riddle With Holes"],"picked":"Dodge and Roll","floor":8},{"not_picked":["Deadly Poison","Expertise"],"picked":"Deflect","floor":12},{"not_picked":["Quick Slash","Dodge and Roll"],"picked":"Deflect","floor":13},{"not_picked":["Infinite Blades","Eviscerate"],"picked":"Deadly Poison","floor":14},{"not_picked":["A Thousand Cuts","Storm of Steel"],"picked":"After Image","floor":16},{"not_picked":["Poisoned Stab","Well Laid Plans"],"picked":"Crippling Poison+1","floor":18},{"not_picked":["Dodge and Roll","Deflect"],"picked":"Sucker Punch","floor":20},{"not_picked":["PiercingWail","All Out Attack"],"picked":"Backflip","floor":21},{"not_picked":["After Image","Outmaneuver"],"picked":"Caltrops+1","floor":22},{"not_picked":["Slice","Prepared"],"picked":"Bane","floor":24},{"not_picked":["Deflect","Bane"],"picked":"Backflip","floor":28}],"player_experience":1347800,"relics_obtained":[{"floor":6,"key":"Nunchaku"},{"floor":8,"key":"Ginger"},{"floor":9,"key":"Girya"},{"floor":26,"key":"Whetstone"}],"event_choices":[{"cards_removed":["Strike_G"],"damage_healed":0,"gold_gain":0,"player_choice":"Forget","damage_taken":0,"max_hp_gain":0,"max_hp_loss":0,"event_name":"Living Wall","floor":2,"gold_loss":0},{"damage_healed":0,"gold_gain":0,"player_choice":"Take Wound","damage_taken":0,"relics_obtained":["Golden Idol"],"max_hp_gain":0,"max_hp_loss":0,"event_name":"Golden Idol","floor":3,"gold_loss":0,"cards_obtained":["Injury"]},{"damage_healed":0,"gold_gain":0,"player_choice":"Bought 1 Potion","damage_taken":0,"max_hp_gain":0,"max_hp_loss":0,"event_name":"The Woman in Blue","floor":4,"gold_loss":0},{"damage_healed":0,"gold_gain":100,"player_choice":"Gold","damage_taken":0,"max_hp_gain":0,"max_hp_loss":0,"event_name":"Wheel of Change","floor":11,"gold_loss":0},{"cards_removed":["Defend_G"],"damage_healed":0,"gold_gain":0,"player_choice":"Purged","damage_taken":0,"max_hp_gain":0,"max_hp_loss":0,"event_name":"Purifier","floor":19,"gold_loss":0},{"damage_healed":0,"gold_gain":0,"player_choice":"Fight","damage_taken":0,"max_hp_gain":0,"max_hp_loss":0,"event_name":"Colosseum","floor":25,"gold_loss":0},{"damage_healed":0,"gold_gain":0,"player_choice":"Fled From Nobs","damage_taken":0,"max_hp_gain":0,"max_hp_loss":0,"event_name":"Colosseum","floor":25,"gold_loss":0}],"is_beta":false,"boss_relics":[{"not_picked":["Snecko Eye","Orrery"],"picked":"Empty Cage"}],"items_purged_floors":[],"is_endless":false,"potions_floor_spawned":[6,8,12,14,21,24,28],"killed_by":"Centurion and Healer","ascension_level":6}