{"gold_per_floor":[14,29,29,45,57,89,59,59,59,59,76,102,102,121,121,218,218,229,152,70,87,100,128,128,145,214,214,214,314,314,334,334,438,438,454,471,471,0,0,28,42,54,122,149,166,166],"floor_reached":46,"playtime":2845,"items_purged":[],"score":564,"play_id":"7954c542-703b-43ec-b310-047fec425491","local_time":"20180730172700","is_ascension_mode":false,"campfire_choices":[{"floor":8,"key":"REST"},{"floor":10,"key":"REST"},{"data":"Redo","floor":13,"key":"SMITH"},{"floor":15,"key":"REST"},{"data":"Defragment","floor":24,"key":"SMITH"},{"floor":30,"key":"REST"},{"floor":32,"key":"REST"}],"neow_cost":"NO_GOLD","seed_source_timestamp":341810642153744,"circlet_count":0,"master_deck":["Strike_B","Strike_B","Strike_B","Defend_B","Defend_B","Defend_B","Defend_B","Zap","Dualcast","Seek","Conserve Battery","Ball Lightning","Conserve Battery","Conserve Battery","Beam Cell","Reprogram","Redo+1","Defragment+1","Stack+1","J.A.X.","Self Repair","Sweeping Beam+1","Static Discharge+1","Redo","Leap","Necronomicurse","Chaos","Machine Learning","Static Discharge+1","Defragment","Capacitor","Ball Lightning","Coolheaded","Redo+1","Darkness+1","Rebound+1","Cold Snap","White Noise+1"],"relics":["FrozenCore","Dodecahedron","Nunchaku","Thread and Needle","Bronze Scales","Pantograph","Mercury Hourglass","Necronomicon","Inserter","StoneCalendar","Gambling Chip","Pear","Strawberry"],"potions_floor_usage":[12,21,22,23,28,33,41,44,46],"damage_taken":[{"damage":0,"enemies":"2 Louse","floor":1,"turns":3},{"damage":0,"enemies":"Small Slimes","floor":2,"turns":3},{"damage":0,"enemies":"Cultist","floor":4,"turns":3},{"damage":7,"enemies":"2 Fungi Beasts","floor":5,"turns":3},{"damage":27,"enemies":"Lagavulin","floor":6,"turns":6},{"damage":0,"enemies":"Red Slaver","floor":11,"turns":4},{"damage":11,"enemies":"Gremlin Nob","floor":12,"turns":4},{"damage":0,"enemies":"Looter","floor":14,"turns":2},{"damage":20,"enemies":"Slime Boss","floor":16,"turns":7},{"damage":0,"enemies":"Shell Parasite","floor":18,"turns":5},{"damage":0,"enemies":"3 Byrds","floor":21,"turns":3},{"damage":4,"enemies":"Snake Plant","floor":22,"turns":4},{"damage":24,"enemies":"Slavers","floor":23,"turns":5},{"damage":26,"enemies":"Slaver and Parasite","floor":25,"turns":6},{"damage":0,"enemies":"3 Cultists","floor":28,"turns":1},{"damage":11,"enemies":"Snake Plant","floor":31,"turns":5},{"damage":37,"enemies":"Automaton","floor":33,"turns":9},{"damage":9,"enemies":"3 Shapes","floor":35,"turns":4},{"damage":38,"enemies":"Flame Bruiser 1 Orb","floor":36,"turns":5},{"damage":45,"enemies":"2 Orb Walkers","floor":40,"turns":5},{"damage":11,"enemies":"Maw","floor":41,"turns":8},{"damage":21,"enemies":"Sphere and 2 Shapes","floor":42,"turns":7},{"damage":20,"enemies":"Nemesis","floor":44,"turns":7},{"damage":14,"enemies":"3 Darklings","floor":45,"turns":4},{"damage":20,"enemies":"4 Shapes","floor":46,"turns":3}],"seed_played":"-8353135824517196886","potions_obtained":[{"floor":2,"key":"Fire Potion"},{"floor":12,"key":"FearPotion"},{"floor":14,"key":"LiquidBronze"},{"floor":16,"key":"Swift Potion"},{"floor":21,"key":"Weak Potion"},{"floor":23,"key":"SmokeBomb"},{"floor":36,"key":"Fire Potion"},{"floor":40,"key":"SkillPotion"},{"floor":45,"key":"EssenceOfSteel"}],"is_trial":false,"path_per_floor":["M","M","?","M","M","E","?","R","T","R","M","E","R","M","R","B",null,"M","?","$","M","M","E","R","M","T","?","M","?","R","M","R","B",null,"M","M","?","$","?","E","M","M","T","E","M"],"character_chosen":"DEFECT","items_purchased":["Self Repair","Capacitor","Ball Lightning","StoneCalendar","Coolheaded"],"campfire_rested":5,"item_purchase_floors":[20,38,38,38,38],"current_hp_per_floor":[75,75,42,42,35,8,8,30,30,52,52,41,41,41,63,43,75,75,75,75,75,75,65,65,39,39,23,23,23,45,41,63,45,75,66,35,85,85,85,47,43,29,39,26,19,0],"gold":166,"neow_bonus":"THREE_RARE_CARDS","is_prod":false,"is_daily":false,"chose_seed":false,"campfire_upgraded":2,"win_rate":0,"timestamp":1532993220,"path_taken":["M","M","?","M","?","E","?","R","T","R","M","E","R","M","R","BOSS","M","?","$","M","M","E","R","M","T","?","M","?","R","M","R","BOSS","M","M","?","$","?","E","M","M","T","E","M","M"],"build_version":"2018-07-26","purchased_purges":0,"victory":false,"max_hp_per_floor":[75,75,75,75,75,75,75,75,75,75,75,75,75,75,75,75,75,75,75,75,75,75,75,75,75,75,75,75,75,75,75,75,75,75,75,75,85,85,85,85,85,85,95,102,102,102],"card_choices":[{"not_picked":["Amplify","Reboot"],"picked":"Seek","floor":0},{"not_picked":["Stack","Darkness"],"picked":"Conserve Battery","floor":1},{"not_picked":["Go for the Eyes","Sweeping Beam"],"picked":"Ball Lightning","floor":2},{"not_picked":["Recycle","Tempest"],"picked":"Conserve Battery","floor":4},{"not_picked":["Hologram","Scrape"],"picked":"Conserve Battery","floor":5},{"not_picked":["Recycle","Undo"],"picked":"Beam Cell","floor":6},{"not_picked":["Stack","Rebound"],"picked":"Reprogram","floor":11},{"not_picked":["Reboot","Beam Cell"],"picked":"Redo","floor":12},{"not_picked":["Gash","Ball Lightning"],"picked":"Defragment","floor":14},{"not_picked":["Amplify","Meteor Strike"],"picked":"Echo Form","floor":16},{"not_picked":["Barrage","Turbo"],"picked":"Stack+1","floor":18},{"not_picked":["Sunder","Streamline"],"picked":"Sweeping Beam+1","floor":21},{"not_picked":["Undo+1","Scrape"],"picked":"Static Discharge+1","floor":22},{"not_picked":["Compile Driver","Steam Power"],"picked":"Redo","floor":23},{"not_picked":["Go for the Eyes","Aggregate"],"picked":"Leap","floor":25},{"not_picked":["Undo","Blizzard"],"picked":"Chaos","floor":31},{"not_picked":["Echo Form","Core Surge"],"picked":"Machine Learning","floor":33},{"not_picked":["Scrape+1","Conserve Battery"],"picked":"Static Discharge+1","floor":35},{"not_picked":["Compile Driver","Hologram"],"picked":"Defragment","floor":36},{"not_picked":["Loop","Hologram+1"],"picked":"Redo+1","floor":40},{"not_picked":["Recycle+1","Cold Snap"],"picked":"Darkness+1","floor":41},{"not_picked":["Streamline","Redo"],"picked":"Rebound+1","floor":42},{"not_picked":["Rebound","Hyperbeam"],"picked":"Cold Snap","floor":44},{"not_picked":["Go for the Eyes+1","FTL"],"picked":"White Noise+1","floor":45}],"player_experience":109058,"relics_obtained":[{"floor":6,"key":"Nunchaku"},{"floor":9,"key":"Thread and Needle"},{"floor":12,"key":"Bronze Scales"},{"floor":23,"key":"Pantograph"},{"floor":26,"key":"Mercury Hourglass"},{"floor":27,"key":"Necronomicon"},{"floor":40,"key":"Gambling Chip"},{"floor":43,"key":"Pear"},{"floor":44,"key":"Strawberry"}],"event_choices":[{"event_name":"Scrap Ooze","player_choice":"success","floor":3,"damage_taken":33},{"event_name":"The Woman in Blue","player_choice":"Bought 2 Potions","floor":7,"damage_taken":0},{"event_name":"Drug Dealer","player_choice":"Got JAXXED","floor":19,"damage_taken":0},{"event_name":"Cursed Tome","player_choice":"Obtained Book","floor":27,"damage_taken":0},{"event_name":"Golden Shrine","player_choice":"Pray","floor":29,"damage_taken":0},{"event_name":"Bonfire Elementals","player_choice":"RARE","floor":37,"damage_taken":0},{"event_name":"Falling","player_choice":"Removed Attack","floor":39,"damage_taken":0}],"is_beta":false,"boss_relics":[{"not_picked":["Philosopher\u0027s Stone","Busted Crown"],"picked":"FrozenCore"},{"not_picked":["Velvet Choker","Cursed Key"],"picked":"Inserter"}],"items_purged_floors":[],"is_endless":false,"potions_floor_spawned":[2,12,14,16,18,21,23,36,40,45],"killed_by":"4 Shapes","ascension_level":0}