{"gold_per_floor":[111,121,121,71,71,99,112,142,142,58,58,58,68,86,86,186,186,198,473,483,496,512,512],"floor_reached":23,"playtime":716,"items_purged":[],"score":228,"play_id":"ec7c6f84-59c9-40da-a690-42c53b546cd6","local_time":"20181118182459","is_ascension_mode":false,"campfire_choices":[{"data":"Demon Form","floor":11,"key":"SMITH"},{"floor":15,"key":"REST"}],"neow_cost":"NONE","seed_source_timestamp":434067698944675,"circlet_count":0,"master_deck":["Strike_R","Strike_R","Strike_R","Strike_R","Defend_R","Defend_R","Defend_R","Defend_R","Bash","Thunderclap","Reckless Charge+1","Spot Weakness","Rage","Demon Form+1","Twin Strike","Burning Pact","Pommel Strike","Feel No Pain","Impervious","Body Slam+1","Regret","Sword Boomerang"],"relics":["Burning Blood","NeowsBlessing","Nunchaku","Ornamental Fan","Shuriken","Busted Crown"],"potions_floor_usage":[16,20,21,23],"damage_taken":[{"damage":0,"enemies":"Jaw Worm","floor":1,"turns":1},{"damage":0,"enemies":"Small Slimes","floor":2,"turns":1},{"damage":0,"enemies":"Lagavulin","floor":6,"turns":1},{"damage":7,"enemies":"2 Louse","floor":7,"turns":2},{"damage":29,"enemies":"Gremlin Nob","floor":8,"turns":5},{"damage":7,"enemies":"Red Slaver","floor":13,"turns":3},{"damage":11,"enemies":"Looter","floor":14,"turns":3},{"damage":33,"enemies":"Slime Boss","floor":16,"turns":8},{"damage":15,"enemies":"2 Thieves","floor":18,"turns":4},{"damage":3,"enemies":"Chosen","floor":20,"turns":6},{"damage":12,"enemies":"Shelled Parasite and Fungi","floor":21,"turns":5},{"damage":42,"enemies":"Snecko","floor":22,"turns":7},{"damage":32,"enemies":"Gremlin Leader","floor":23,"turns":8}],"seed_played":"7102349642640840990","potions_obtained":[{"floor":1,"key":"SpeedPotion"},{"floor":13,"key":"PowerPotion"},{"floor":14,"key":"Energy Potion"},{"floor":16,"key":"SkillPotion"},{"floor":18,"key":"Dexterity Potion"},{"floor":21,"key":"SpeedPotion"}],"is_trial":false,"path_per_floor":["M","M","?","?","?","E","M","E","T","$","R","T","M","M","R","B",null,"M","?","M","M","M","E"],"character_chosen":"IRONCLAD","items_purchased":["Twin Strike","Burning Pact"],"campfire_rested":1,"item_purchase_floors":[10,10],"current_hp_per_floor":[80,80,80,80,80,80,79,56,56,56,56,56,55,50,74,47,80,71,71,74,68,32,0],"gold":512,"neow_bonus":"THREE_ENEMY_KILL","is_prod":false,"is_daily":false,"chose_seed":false,"campfire_upgraded":1,"win_rate":0,"timestamp":1542590699,"path_taken":["M","M","?","?","?","E","M","E","T","?","R","?","?","M","R","BOSS","M","?","M","?","M","E"],"build_version":"2018-11-15","purchased_purges":0,"victory":false,"max_hp_per_floor":[80,80,80,80,80,80,80,80,80,80,80,80,80,80,80,80,80,80,80,80,80,80,80],"card_choices":[{"not_picked":["Evolve","Headbutt"],"picked":"Thunderclap","floor":1},{"not_picked":["Second Wind","True Grit"],"picked":"Reckless Charge","floor":2},{"not_picked":["Disarm","Hemokinesis"],"picked":"Spot Weakness","floor":6},{"not_picked":["True Grit","Armaments"],"picked":"Rage","floor":7},{"not_picked":["Power Through","Sever Soul"],"picked":"Demon Form","floor":8},{"not_picked":["Hemokinesis","True Grit"],"picked":"Pommel Strike","floor":13},{"not_picked":["Entrench","Rupture"],"picked":"Feel No Pain","floor":14},{"not_picked":["Exhume","Bludgeon"],"picked":"Impervious","floor":16},{"not_picked":[],"picked":"Body Slam+1","floor":18},{"not_picked":["Armaments"],"picked":"SKIP","floor":20},{"not_picked":["Clash+1"],"picked":"SKIP","floor":21},{"not_picked":[],"picked":"Sword Boomerang","floor":22}],"player_experience":1092488,"relics_obtained":[{"floor":6,"key":"Nunchaku"},{"floor":8,"key":"Ornamental Fan"},{"floor":12,"key":"Shuriken"}],"event_choices":[{"damage_healed":0,"gold_gain":0,"player_choice":"Grow","damage_taken":0,"max_hp_gain":0,"max_hp_loss":0,"event_name":"Living Wall","floor":3,"gold_loss":0,"cards_upgraded":["Reckless Charge"]},{"cards_removed":["Strike_R"],"damage_healed":0,"gold_gain":0,"player_choice":"Card Removal","damage_taken":0,"max_hp_gain":0,"max_hp_loss":0,"event_name":"The Cleric","floor":4,"gold_loss":50},{"damage_healed":0,"gold_gain":0,"player_choice":"Ignored","damage_taken":0,"max_hp_gain":0,"max_hp_loss":0,"event_name":"Shining Light","floor":5,"gold_loss":0},{"damage_healed":0,"gold_gain":275,"player_choice":"Desecrate","damage_taken":0,"max_hp_gain":0,"max_hp_loss":0,"event_name":"Golden Shrine","floor":19,"gold_loss":0,"cards_obtained":["Regret"]}],"is_beta":false,"boss_relics":[{"not_picked":["Orrery","Pandora\u0027s Box"],"picked":"Busted Crown"}],"items_purged_floors":[],"is_endless":false,"potions_floor_spawned":[1,13,14,16,18,21],"killed_by":"Gremlin Leader","ascension_level":0}