{"gold_per_floor":[114,130,100,100,118,144,144,163,163,174,174,174,192,192,192,311,311,334,96,96,115,115,149,149,173,198,222,30,54,75,75,75,75],"floor_reached":33,"playtime":1086,"items_purged":[],"score":294,"play_id":"1111a08e-ca90-485b-9392-172699efe4f5","local_time":"20190201154123","is_ascension_mode":false,"campfire_choices":[{"data":"Perfected Strike","floor":7,"key":"SMITH"},{"data":"Shrug It Off","floor":15,"key":"SMITH"},{"floor":24,"key":"REST"},{"floor":32,"key":"REST"}],"neow_cost":"NONE","seed_source_timestamp":271036599070736,"circlet_count":0,"master_deck":["Strike_R","Strike_R","Strike_R","Strike_R","Strike_R","Defend_R","Defend_R","Defend_R","Defend_R","Bash","Perfected Strike+1","Thunderclap","Shrug It Off","Shrug It Off+1","Cleave","Pommel Strike","Twin Strike","Havoc+1","Cleave","Clothesline","Body Slam","Wild Strike","True Grit","Cleave","RitualDagger","Shrug It Off+1","Shrug It Off","Clothesline+1"],"relics":["Burning Blood","NeowsBlessing","Potion Belt","Meat on the Bone","Golden Idol","Orrery","Bag of Marbles","Singing Bowl","StoneCalendar","War Paint","Lee\u0027s Waffle"],"potions_floor_usage":[6,16,16,18,23,23,25,30],"damage_taken":[{"damage":0,"enemies":"Cultist","floor":1,"turns":1},{"damage":0,"enemies":"Jaw Worm","floor":2,"turns":1},{"damage":0,"enemies":"Small Slimes","floor":5,"turns":1},{"damage":22,"enemies":"3 Sentries","floor":6,"turns":8},{"damage":10,"enemies":"3 Louse","floor":8,"turns":4},{"damage":13,"enemies":"Gremlin Gang","floor":10,"turns":5},{"damage":1,"enemies":"2 Fungi Beasts","floor":13,"turns":4},{"damage":22,"enemies":"Slime Boss","floor":16,"turns":8},{"damage":22,"enemies":"3 Byrds","floor":18,"turns":5},{"damage":14,"enemies":"Spheric Guardian","floor":21,"turns":4},{"damage":34,"enemies":"Gremlin Leader","floor":23,"turns":7},{"damage":24,"enemies":"Centurion and Healer","floor":25,"turns":7},{"damage":9,"enemies":"3 Cultists","floor":27,"turns":5},{"damage":40,"enemies":"Sentry and Sphere","floor":29,"turns":7},{"damage":21,"enemies":"Shelled Parasite and Fungi","floor":30,"turns":4},{"damage":119,"enemies":"Automaton","floor":33,"turns":12}],"seed_played":"-2670817422531224031","potions_obtained":[{"floor":2,"key":"AttackPotion"},{"floor":3,"key":"Strength Potion"},{"floor":3,"key":"Explosive Potion"},{"floor":8,"key":"AttackPotion"},{"floor":13,"key":"SkillPotion"},{"floor":16,"key":"Strength Potion"},{"floor":18,"key":"Weak Potion"},{"floor":27,"key":"Fire Potion"}],"is_trial":false,"path_per_floor":["M","M","?","$","M","E","R","M","T","M","?","?","M","?","R","B",null,"M","$","?","M","T","E","R","M","T","M","$","M","M","?","R","B"],"character_chosen":"IRONCLAD","items_purchased":["Bag of Marbles","True Grit","Cleave","Lee\u0027s Waffle"],"campfire_rested":2,"item_purchase_floors":[19,19,19,28],"current_hp_per_floor":[80,80,80,80,80,64,64,60,60,53,53,53,58,58,58,54,80,64,64,58,50,50,34,58,54,54,51,89,55,54,54,81,0],"gold":75,"neow_bonus":"THREE_ENEMY_KILL","is_prod":false,"is_daily":false,"chose_seed":false,"campfire_upgraded":2,"win_rate":0,"timestamp":1549060883,"path_taken":["M","?","?","?","M","E","R","M","T","?","?","?","?","?","R","BOSS","M","$","?","M","?","E","R","M","T","M","$","?","M","?","R","BOSS"],"build_version":"2019-01-23","purchased_purges":0,"victory":false,"max_hp_per_floor":[80,80,80,80,80,80,80,80,80,80,80,80,80,80,80,80,80,80,80,80,80,80,80,80,82,82,82,89,89,91,91,91,91],"card_choices":[{"not_picked":["Blood for Blood","Clash"],"picked":"Perfected Strike","floor":1},{"not_picked":["Metallicize","Reckless Charge"],"picked":"Thunderclap","floor":2},{"not_picked":["Dual Wield","Headbutt"],"picked":"Shrug It Off","floor":5},{"not_picked":["Bloodletting","Sword Boomerang"],"picked":"Shrug It Off","floor":6},{"not_picked":["Sword Boomerang","Bludgeon","Evolve"],"picked":"SKIP","floor":8},{"not_picked":["Spot Weakness","Burning Pact"],"picked":"Cleave","floor":10},{"not_picked":["Headbutt","Inflame"],"picked":"Pommel Strike","floor":13},{"not_picked":["Combust","Metallicize"],"picked":"Twin Strike","floor":17},{"not_picked":["Uppercut","Power Through"],"picked":"Havoc","floor":17},{"not_picked":["Dual Wield","Warcry"],"picked":"Cleave","floor":17},{"not_picked":["Thunderclap","Flex"],"picked":"Clothesline","floor":17},{"not_picked":["Exhume","Sentinel"],"picked":"Body Slam","floor":17},{"not_picked":["Sword Boomerang","Inflame"],"picked":"Wild Strike","floor":18},{"not_picked":["Evolve+1","Rupture","Battle Trance"],"picked":"SKIP","floor":21},{"not_picked":["Clash","Bludgeon"],"picked":"Shrug It Off","floor":23},{"not_picked":["Heavy Blade","Shockwave","Headbutt"],"picked":"Singing Bowl","floor":25},{"not_picked":["Body Slam","Fire Breathing+1"],"picked":"Shrug It Off","floor":27},{"not_picked":["Cleave","Havoc"],"picked":"Clothesline+1","floor":29},{"not_picked":["Limit Break","Clash","Body Slam"],"picked":"Singing Bowl","floor":30}],"player_experience":1359986,"relics_obtained":[{"floor":6,"key":"Potion Belt"},{"floor":9,"key":"Meat on the Bone"},{"floor":22,"key":"Singing Bowl"},{"floor":23,"key":"StoneCalendar"},{"floor":26,"key":"War Paint"}],"event_choices":[{"damage_healed":0,"gold_gain":0,"player_choice":"Bought 2 Potions","damage_taken":0,"max_hp_gain":0,"max_hp_loss":0,"event_name":"The Woman in Blue","floor":3,"gold_loss":0},{"damage_healed":0,"gold_gain":0,"player_choice":"Take Wound","damage_taken":0,"relics_obtained":["Golden Idol"],"max_hp_gain":0,"max_hp_loss":0,"event_name":"Golden Idol","floor":11,"gold_loss":0,"cards_obtained":["Injury"]},{"damage_healed":0,"gold_gain":0,"player_choice":"Ignored","damage_taken":0,"max_hp_gain":0,"max_hp_loss":0,"event_name":"NoteForYourself","floor":12,"gold_loss":0},{"cards_removed":["Injury"],"damage_healed":0,"gold_gain":0,"player_choice":"Purged","damage_taken":0,"max_hp_gain":0,"max_hp_loss":0,"event_name":"Purifier","floor":14,"gold_loss":0},{"damage_healed":0,"gold_gain":0,"player_choice":"Joined the Cult","damage_taken":6,"max_hp_gain":0,"max_hp_loss":0,"event_name":"Nest","floor":20,"gold_loss":0,"cards_obtained":["RitualDagger"]},{"damage_healed":0,"gold_gain":0,"player_choice":"Ignored","damage_taken":0,"max_hp_gain":0,"max_hp_loss":0,"event_name":"Cursed Tome","floor":31,"gold_loss":0}],"is_beta":false,"boss_relics":[{"not_picked":["Runic Dome","Tiny House"],"picked":"Orrery"}],"items_purged_floors":[],"is_endless":false,"potions_floor_spawned":[2,8,13,16,18,27],"killed_by":"Automaton","ascension_level":0}