{"gold_per_floor":[216,291,3,18,18,43,58,84,84,84],"floor_reached":10,"playtime":823,"items_purged":[],"score":95,"play_id":"cdbc65a1-76a9-40cd-bcce-85c0eb969398","local_time":"20190319132634","is_ascension_mode":true,"campfire_choices":[],"neow_cost":"NONE","seed_source_timestamp":309485298325758,"circlet_count":0,"master_deck":["Strike_B","Strike_B","Strike_B","Strike_B","Defend_B","Defend_B","Defend_B","Defend_B","Zap","Dualcast","Ball Lightning","Genetic Algorithm+1","Cold Snap"],"relics":["Cracked Core","Girya","Toxic Egg 2","Art of War","Ornamental Fan"],"potions_floor_usage":[8,10],"damage_taken":[{"damage":2,"enemies":"Jaw Worm","floor":1,"turns":4},{"damage":0,"enemies":"Cultist","floor":4,"turns":3},{"damage":25,"enemies":"Lagavulin","floor":6,"turns":7},{"damage":0,"enemies":"Small Slimes","floor":7,"turns":3},{"damage":29,"enemies":"3 Sentries","floor":8,"turns":7},{"damage":4,"enemies":"The Mushroom Lair","floor":10,"turns":1}],"seed_played":"-3210273138154758306","potions_obtained":[{"floor":6,"key":"EssenceOfSteel"},{"floor":8,"key":"PowerPotion"}],"is_trial":false,"path_per_floor":["?","?","M","?"],"character_chosen":"DEFECT","items_purchased":["Girya"],"campfire_rested":0,"item_purchase_floors":[3],"current_hp_per_floor":[73,62,62,62,55,30,30,1,1,0],"gold":84,"neow_bonus":"HUNDRED_GOLD","is_prod":false,"is_daily":false,"chose_seed":false,"campfire_upgraded":0,"win_rate":0,"timestamp":1553016394,"path_taken":["M","?","$","M","?","E","?","E","T","?"],"build_version":"2019-01-23","purchased_purges":0,"victory":false,"max_hp_per_floor":[75,75,75,75,75,75,75,75,75,75],"card_choices":[{"not_picked":["Streamline","Blizzard"],"picked":"Ball Lightning","floor":1},{"not_picked":["Redo","Streamline","Turbo"],"picked":"SKIP","floor":4},{"not_picked":["Fusion","Rebound"],"picked":"Genetic Algorithm","floor":6},{"not_picked":["Sweeping Beam","Hologram+1"],"picked":"Cold Snap","floor":7},{"not_picked":["Beam Cell","Recycle+1","Heatsinks"],"picked":"SKIP","floor":8}],"player_experience":787299,"relics_obtained":[{"floor":6,"key":"Toxic Egg 2"},{"floor":8,"key":"Art of War"},{"floor":9,"key":"Ornamental Fan"}],"event_choices":[{"damage_healed":0,"gold_gain":75,"player_choice":"Gather Gold","damage_taken":11,"max_hp_gain":0,"max_hp_loss":0,"event_name":"World of Goop","floor":2,"gold_loss":0},{"damage_healed":0,"gold_gain":0,"player_choice":"Damaged","damage_taken":7,"max_hp_gain":0,"max_hp_loss":0,"event_name":"Wheel of Change","floor":5,"gold_loss":0},{"damage_healed":0,"gold_gain":0,"player_choice":"Fought Mushrooms","damage_taken":0,"max_hp_gain":0,"max_hp_loss":0,"event_name":"Mushrooms","floor":10,"gold_loss":0}],"is_beta":false,"boss_relics":[],"items_purged_floors":[],"is_endless":false,"potions_floor_spawned":[6,8],"killed_by":"The Mushroom Lair","ascension_level":5}