{"gold_per_floor":[116,127,145,33,108,108,133,144,144,144,158,171,171,171,171,171],"floor_reached":16,"playtime":6580,"items_purged":["Strike_G"],"score":112,"play_id":"e0ff6ac7-74ff-4903-9466-002bd2e4c183","local_time":"20190202153437","is_ascension_mode":true,"campfire_choices":[{"floor":6,"key":"REST"},{"floor":15,"key":"REST"}],"neow_cost":"NONE","seed_source_timestamp":400213029998050,"circlet_count":0,"master_deck":["Defend_G","Defend_G","Defend_G","Defend_G","Defend_G","Strike_G","Strike_G+1","Strike_G","Strike_G","Survivor","Neutralize","Night Terror","Deadly Poison","Backstab","Caltrops","Caltrops","Bouncing Flask+1","Prepared","Backstab"],"relics":["Ring of the Snake","Gremlin Horn","Sundial","Bottled Flame"],"potions_floor_usage":[12,12,16],"damage_taken":[{"damage":7,"enemies":"Small Slimes","floor":1,"turns":6},{"damage":0,"enemies":"2 Louse","floor":2,"turns":4},{"damage":0,"enemies":"Jaw Worm","floor":3,"turns":5},{"damage":37,"enemies":"3 Sentries","floor":7,"turns":16},{"damage":1,"enemies":"3 Louse","floor":8,"turns":4},{"damage":3,"enemies":"Blue Slaver","floor":11,"turns":3},{"damage":9,"enemies":"Large Slime","floor":12,"turns":6},{"damage":41,"enemies":"Slime Boss","floor":16,"turns":7}],"seed_played":"6010395875851899103","potions_obtained":[{"floor":7,"key":"Swift Potion"},{"floor":11,"key":"PowerPotion"},{"floor":12,"key":"GamblersBrew"}],"is_trial":false,"path_per_floor":["?","?","T","?"],"character_chosen":"THE_SILENT","items_purchased":["Caltrops"],"campfire_rested":2,"item_purchase_floors":[4],"current_hp_per_floor":[63,63,63,63,52,70,33,32,32,18,15,6,6,6,27,0],"gold":171,"neow_bonus":"ONE_RANDOM_RARE_CARD","is_prod":false,"is_daily":false,"chose_seed":false,"campfire_upgraded":0,"win_rate":0,"timestamp":1549139677,"path_taken":["M","M","M","$","?","R","E","M","T","?","M","M","?","?","R","BOSS"],"build_version":"2019-01-23","purchased_purges":1,"victory":false,"max_hp_per_floor":[70,70,70,70,70,70,70,70,70,70,70,70,70,70,70,70],"card_choices":[{"not_picked":["Outmaneuver","Dagger Throw"],"picked":"Deadly Poison","floor":1},{"not_picked":["Sucker Punch","Underhanded Strike"],"picked":"Backstab","floor":2},{"not_picked":["Bouncing Flask","Heel Hook"],"picked":"Caltrops","floor":3},{"not_picked":["Dagger Throw","Cloak And Dagger"],"picked":"Bouncing Flask","floor":7},{"not_picked":["Blade Dance","Acrobatics"],"picked":"Prepared","floor":8},{"not_picked":["Dagger Throw","Footwork"],"picked":"Backstab","floor":11},{"not_picked":["Dagger Throw","Bane","All Out Attack"],"picked":"SKIP","floor":12}],"player_experience":162113,"relics_obtained":[{"floor":7,"key":"Gremlin Horn"},{"floor":9,"key":"Sundial"},{"floor":13,"key":"Bottled Flame"}],"event_choices":[{"damage_healed":0,"gold_gain":75,"player_choice":"Gather Gold","damage_taken":11,"max_hp_gain":0,"max_hp_loss":0,"event_name":"World of Goop","floor":5,"gold_loss":0},{"damage_healed":0,"gold_gain":0,"player_choice":"Entered Light","damage_taken":14,"max_hp_gain":0,"max_hp_loss":0,"event_name":"Shining Light","floor":10,"gold_loss":0,"cards_upgraded":["Bouncing Flask","Strike_G"]},{"damage_healed":0,"gold_gain":0,"player_choice":"Ignored","damage_taken":0,"max_hp_gain":0,"max_hp_loss":0,"event_name":"Liars Game","floor":14,"gold_loss":0}],"is_beta":false,"boss_relics":[],"items_purged_floors":[4],"is_endless":false,"potions_floor_spawned":[7,11,12],"killed_by":"Slime Boss","ascension_level":2}