{"gold_per_floor":[119,135,135,135,29,61,75,85,140,151,178,191,202,37,37,132,132,152,165,44,44,61,61,95,95,150,150],"floor_reached":27,"playtime":1422,"items_purged":[],"score":257,"play_id":"84096746-d380-48cf-891e-52c4e89382cd","local_time":"20180821161707","is_ascension_mode":true,"campfire_choices":[{"floor":15,"key":"REST"},{"data":"A Thousand Cuts","floor":23,"key":"SMITH"}],"neow_cost":"NONE","seed_source_timestamp":398592670389654,"circlet_count":0,"master_deck":["Survivor","Neutralize","Concentrate","Deflect","Poisoned Stab","Backstab","Dodge and Roll","Prepared","Slice","Underhanded Strike","Footwork","Accuracy","Poisoned Stab","Cloak And Dagger","Flash of Steel","Crippling Poison","Expertise","Quick Slash","Backstab","Dodge and Roll","Backflip","Crippling Poison","Infinite Blades","Calculated Gamble","Outmaneuver","A Thousand Cuts+1","Endless Agony+1","Tactician","All Out Attack","Poisoned Stab","Deflect+1","Noxious Fumes"],"relics":["Pandora\u0027s Box","Paper Crane","Vajra","Oddly Smooth Stone","Eternal Feather","Peace Pipe","Tiny Chest"],"potions_floor_usage":[10,16,16,24,27,27],"damage_taken":[{"damage":0,"enemies":"Jaw Worm","floor":1,"turns":4},{"damage":2,"enemies":"Small Slimes","floor":2,"turns":3},{"damage":9,"enemies":"Gremlin Nob","floor":6,"turns":5},{"damage":5,"enemies":"2 Louse","floor":7,"turns":2},{"damage":3,"enemies":"2 Fungi Beasts","floor":8,"turns":3},{"damage":2,"enemies":"Exordium Thugs","floor":10,"turns":3},{"damage":10,"enemies":"3 Sentries","floor":11,"turns":6},{"damage":0,"enemies":"Gremlin Gang","floor":12,"turns":4},{"damage":0,"enemies":"Looter","floor":13,"turns":1},{"damage":5,"enemies":"The Guardian","floor":16,"turns":13},{"damage":12,"enemies":"Spheric Guardian","floor":18,"turns":4},{"damage":1,"enemies":"Chosen","floor":19,"turns":6},{"damage":15,"enemies":"Centurion and Healer","floor":22,"turns":5},{"damage":40,"enemies":"Gremlin Leader","floor":24,"turns":7},{"damage":29,"enemies":"Slavers","floor":27,"turns":2}],"seed_played":"-6427822187829115027","potions_obtained":[{"floor":1,"key":"Energy Potion"},{"floor":8,"key":"Fruit Juice"},{"floor":11,"key":"GamblersBrew"},{"floor":13,"key":"Regen Potion"},{"floor":19,"key":"GamblersBrew"},{"floor":22,"key":"Fire Potion"}],"is_trial":false,"path_per_floor":["M","M","?","?","$","E","M","M","T","M","E","M","M","$","R","B",null,"M","M","$","?","M","R","E","?","T"],"character_chosen":"THE_SILENT","items_purchased":["Flash of Steel","Infinite Blades","Calculated Gamble","Outmaneuver","All Out Attack","Poisoned Stab"],"campfire_rested":1,"item_purchase_floors":[5,14,14,14,20,20],"current_hp_per_floor":[70,68,68,68,68,59,54,51,51,54,44,44,44,44,66,73,75,63,62,62,62,47,65,25,25,25,0],"gold":150,"neow_bonus":"BOSS_RELIC","is_prod":false,"is_daily":false,"chose_seed":false,"campfire_upgraded":1,"win_rate":0,"timestamp":1534889827,"path_taken":["M","M","?","?","$","E","M","M","T","?","E","M","M","$","R","BOSS","M","M","$","?","M","R","E","?","T","E"],"build_version":"2018-08-16","purchased_purges":0,"victory":false,"max_hp_per_floor":[70,70,70,70,70,70,70,70,70,75,75,75,75,75,75,75,75,75,75,75,75,75,75,75,75,75,75],"card_choices":[{"not_picked":["Tactician","Underhanded Strike"],"picked":"Poisoned Stab","floor":1},{"not_picked":["Slice","Dagger Spray"],"picked":"Cloak And Dagger","floor":2},{"not_picked":["Choke","Blade Dance"],"picked":"Crippling Poison","floor":6},{"not_picked":["Acrobatics","Deflect"],"picked":"Expertise","floor":7},{"not_picked":["PiercingWail","Acrobatics"],"picked":"Quick Slash","floor":8},{"not_picked":["Underhanded Strike","Dagger Throw"],"picked":"Backstab","floor":10},{"not_picked":["Tools of the Trade","Bane"],"picked":"Dodge and Roll","floor":11},{"not_picked":["Outmaneuver","Dash"],"picked":"Backflip","floor":12},{"not_picked":["Slice","Masterful Stab"],"picked":"Crippling Poison","floor":13},{"not_picked":["Night Terror","Storm of Steel"],"picked":"A Thousand Cuts","floor":16},{"not_picked":["Outmaneuver","Backflip"],"picked":"Endless Agony+1","floor":18},{"not_picked":["Dagger Spray","PiercingWail"],"picked":"Tactician","floor":19},{"not_picked":["Calculated Gamble","Dagger Throw"],"picked":"Deflect+1","floor":22},{"not_picked":["A Thousand Cuts","Bane"],"picked":"Noxious Fumes","floor":24}],"player_experience":293345,"relics_obtained":[{"floor":6,"key":"Paper Crane"},{"floor":9,"key":"Vajra"},{"floor":11,"key":"Oddly Smooth Stone"},{"floor":24,"key":"Peace Pipe"},{"floor":26,"key":"Tiny Chest"}],"event_choices":[{"event_name":"Liars Game","player_choice":"disagreed","floor":3,"damage_taken":0},{"event_name":"The Cleric","player_choice":"Leave","floor":4,"damage_taken":0},{"event_name":"Addict","player_choice":"Ignored","floor":21,"damage_taken":0},{"event_name":"Purifier","player_choice":"Skipped","floor":25,"damage_taken":0}],"is_beta":false,"boss_relics":[{"not_picked":["White Beast Statue","Philosopher\u0027s Stone"],"picked":"Eternal Feather"}],"items_purged_floors":[],"is_endless":false,"potions_floor_spawned":[1,8,11,13,19,22],"killed_by":"Slavers","ascension_level":1}