{"gold_per_floor":[118,137,87,104,104,137,157,157,157,168,168,178,178,510,510,612,612,623,107,123,123,134,159,159,159,159,159,193,193,21,39,39,135,135,150,162,162,162,0,0,30,30,57,57,74,101,61,80,80,80],"floor_reached":51,"playtime":15151,"items_purged":[],"score":778,"play_id":"766fd33a-9704-4e9b-b978-e4a185b96577","local_time":"20190407201541","is_ascension_mode":false,"campfire_choices":[{"floor":8.0,"key":"REST"},{"data":"A Thousand Cuts","floor":11.0,"key":"SMITH"},{"floor":15,"key":"REST"},{"floor":25,"key":"REST"},{"floor":27,"key":"REST"},{"floor":32,"key":"REST"},{"floor":40,"key":"REST"},{"floor":42,"key":"REST"},{"floor":44,"key":"REST"},{"floor":49,"key":"REST"}],"neow_cost":"NONE","seed_source_timestamp":0,"circlet_count":0,"master_deck":["Survivor","Neutralize","Acrobatics+1","Poisoned Stab","Blur","A Thousand Cuts+1","Crippling Poison","Flying Knee","Noxious Fumes","After Image","After Image","Setup","PiercingWail+1","Dagger Throw","Footwork","Skewer","Setup","Tools of the Trade","Dash","Poisoned Stab","Noxious Fumes","Chrysalis","Mind Blast","PiercingWail+1","Blur","Deflect+1","RitualDagger","Bouncing Flask+1","Apotheosis","Backflip+1","Burst","Deadly Poison","PiercingWail","Thinking Ahead","Chrysalis","Sucker Punch+1","Catalyst+1","Terror"],"special_seed":0,"relics":["Ring of the Snake","NeowsBlessing","Bronze Scales","Incense Burner","Mercury Hourglass","Old Coin","Pandora\u0027s Box","Matryoshka","War Paint","Omamori","Bag of Preparation","Singing Bowl","Boot","Sundial","Lizard Tail","Red Mask","Thread and Needle","Lantern","Dream Catcher","Bird Faced Urn"],"potions_floor_usage":[20,22,22,33,35,36,46,46,48,50,50,50],"damage_taken":[{"damage":0.0,"enemies":"2 Louse","floor":1.0,"turns":1.0},{"damage":0.0,"enemies":"Cultist","floor":2.0,"turns":1.0},{"damage":0.0,"enemies":"Jaw Worm","floor":4.0,"turns":1.0},{"damage":20.0,"enemies":"3 Sentries","floor":6.0,"turns":12.0},{"damage":5.0,"enemies":"2 Fungi Beasts","floor":7.0,"turns":4.0},{"damage":1.0,"enemies":"Large Slime","floor":10.0,"turns":4.0},{"damage":2.0,"enemies":"Blue Slaver","floor":12.0,"turns":3.0},{"damage":13.0,"enemies":"Lagavulin","floor":14.0,"turns":5.0},{"damage":9,"enemies":"Hexaghost","floor":16,"turns":9},{"damage":2,"enemies":"Shell Parasite","floor":18,"turns":6},{"damage":13,"enemies":"Spheric Guardian","floor":20,"turns":4},{"damage":16,"enemies":"Shelled Parasite and Fungi","floor":22,"turns":6},{"damage":21,"enemies":"Gremlin Leader","floor":23,"turns":8},{"damage":35,"enemies":"Slavers","floor":28,"turns":5},{"damage":12,"enemies":"Snecko","floor":31,"turns":5},{"damage":40,"enemies":"Collector","floor":33,"turns":9},{"damage":1,"enemies":"3 Darklings","floor":35,"turns":5},{"damage":44,"enemies":"Orb Walker","floor":36,"turns":5},{"damage":62,"enemies":"Nemesis","floor":41,"turns":7},{"damage":38,"enemies":"Jaw Worm Horde","floor":45,"turns":5},{"damage":16,"enemies":"Giant Head","floor":46,"turns":9},{"damage":11,"enemies":"Maw","floor":48,"turns":7},{"damage":32,"enemies":"Time Eater","floor":50,"turns":10}],"seed_played":"-2848713334521385190","potions_obtained":[{"floor":2.0,"key":"SkillPotion"},{"floor":6.0,"key":"Fruit Juice"},{"floor":7.0,"key":"Explosive Potion"},{"floor":10.0,"key":"LiquidBronze"},{"floor":16,"key":"Poison Potion"},{"floor":18,"key":"Poison Potion"},{"floor":31,"key":"Ancient Potion"},{"floor":33,"key":"PowerPotion"},{"floor":35,"key":"FearPotion"},{"floor":41,"key":"SpeedPotion"},{"floor":45,"key":"SkillPotion"},{"floor":47,"key":"GamblersBrew"},{"floor":47,"key":"Energy Potion"},{"floor":47,"key":"GamblersBrew"},{"floor":48,"key":"Weak Potion"}],"is_trial":false,"path_per_floor":["M","M","?","M","?","E","M","R","T","M","R","M","?","E","R","B",null,"M","$","M","?","M","E","?","R","T","R","E","?","$","M","R","B",null,"M","M","$","?","?","R","E","R","T","R","M","E","?","M","R","B",null],"character_chosen":"THE_SILENT","items_purchased":["Matryoshka","Chrysalis","Mind Blast","Apotheosis"],"campfire_rested":9,"item_purchase_floors":[19,19,19,30],"current_hp_per_floor":[70,70,70,70,70,50,45,66,66,70,70,68,73,60,80,71,80,78,78,65,65,49,28,22,46,46,70,35,35,35,23,47,7,80,79,35,35,27,27,51,41,65,65,82,44,30,30,29,56,36],"gold":80,"neow_bonus":"THREE_ENEMY_KILL","is_prod":false,"is_daily":false,"chose_seed":false,"campfire_upgraded":1,"win_rate":0,"timestamp":1554664541,"path_taken":["M","M","?","M","?","E","M","R","T","?","R","M","?","E","R","BOSS","M","$","M","?","M","E","?","R","T","R","E","?","?","?","R","BOSS","M","?","$","?","?","R","E","R","T","R","M","E","?","?","R","BOSS"],"build_version":"2019-01-23","purchased_purges":0,"victory":true,"max_hp_per_floor":[70,70,70,70,70,70,70,70,70,75,75,75,80,80,80,80,80,80,80,80,80,80,80,80,80,80,80,80,80,80,80,80,80,80,80,80,80,82,82,82,82,82,82,82,82,84,84,86,88,88],"card_choices":[{"not_picked":["Bane","Dagger Spray"],"picked":"Acrobatics","floor":1.0},{"not_picked":["Bane","Calculated Gamble"],"picked":"Poisoned Stab","floor":2.0},{"not_picked":["Escape Plan","Acrobatics"],"picked":"Blur","floor":4.0},{"not_picked":["Poisoned Stab","All Out Attack"],"picked":"A Thousand Cuts","floor":6.0},{"not_picked":["Poisoned Stab","Well Laid Plans"],"picked":"Crippling Poison","floor":7.0},{"not_picked":["PiercingWail","Dagger Throw"],"picked":"Flying Knee","floor":10.0},{"not_picked":["PiercingWail","Bane"],"picked":"Noxious Fumes","floor":12.0},{"not_picked":["Blade Dance","Poisoned Stab"],"picked":"After Image","floor":14.0},{"not_picked":["Envenom","Storm of Steel"],"picked":"After Image","floor":16},{"not_picked":["Flying Knee","Backstab"],"picked":"Noxious Fumes","floor":18},{"not_picked":["Cloak And Dagger","Prepared"],"picked":"PiercingWail+1","floor":20},{"not_picked":["Riddle With Holes","Slice"],"picked":"Blur","floor":22},{"not_picked":["Unload","Quick Slash+1"],"picked":"Deflect+1","floor":23},{"not_picked":["Endless Agony","Dash"],"picked":"Bouncing Flask+1","floor":28},{"not_picked":["Prepared","Outmaneuver"],"picked":"Backflip+1","floor":31},{"not_picked":["Phantasmal Killer","Envenom"],"picked":"Burst","floor":33},{"not_picked":["Underhanded Strike+1","Bane"],"picked":"Deadly Poison","floor":35},{"not_picked":["Dagger Spray","Expertise+1"],"picked":"PiercingWail","floor":36},{"not_picked":["Bandage Up","Magnetism","Mayhem"],"picked":"Singing Bowl","floor":38},{"not_picked":["Chrysalis","Jack Of All Trades"],"picked":"Thinking Ahead","floor":38},{"not_picked":["Impatience","Swift Strike"],"picked":"Chrysalis","floor":38},{"not_picked":["Eviscerate+1","Underhanded Strike+1"],"picked":"Sucker Punch+1","floor":41},{"not_picked":["Quick Slash+1","Blade Dance"],"picked":"Catalyst+1","floor":44},{"not_picked":["Finisher+1","Underhanded Strike+1"],"picked":"Terror","floor":45},{"not_picked":["Dash","Well Laid Plans","Unload"],"picked":"Singing Bowl","floor":46},{"not_picked":["Slice","Deadly Poison+1","Underhanded Strike+1"],"picked":"Singing Bowl","floor":48},{"not_picked":["Choke+1","Quick Slash+1","Terror"],"picked":"Singing Bowl","floor":49}],"player_experience":336808,"relics_obtained":[{"floor":6.0,"key":"Incense Burner"},{"floor":9.0,"key":"Mercury Hourglass"},{"floor":14.0,"key":"Old Coin"},{"floor":23,"key":"Omamori"},{"floor":26,"key":"Bag of Preparation"},{"floor":26,"key":"Singing Bowl"},{"floor":28,"key":"Boot"},{"floor":41,"key":"Thread and Needle"},{"floor":43,"key":"Lantern"},{"floor":43,"key":"Dream Catcher"},{"floor":46,"key":"Bird Faced Urn"}],"event_choices":[{"cards_removed":["Strike_G"],"damage_healed":0.0,"max_hp_gain":0.0,"max_hp_loss":0.0,"gold_gain":0.0,"event_name":"The Cleric","player_choice":"Card Removal","floor":3.0,"gold_loss":50.0,"damage_taken":0.0},{"damage_healed":0.0,"max_hp_gain":0.0,"max_hp_loss":0.0,"gold_gain":0.0,"event_name":"WeMeetAgain","player_choice":"Gave Potion","floor":5.0,"gold_loss":0.0,"damage_taken":0.0,"relics_obtained":["Bronze Scales"]},{"damage_healed":0.0,"max_hp_gain":5.0,"max_hp_loss":0.0,"gold_gain":0.0,"event_name":"Big Fish","player_choice":"Donut","floor":13.0,"gold_loss":0.0,"damage_taken":0.0},{"damage_healed":0,"gold_gain":0,"player_choice":"Opened","damage_taken":0,"relics_obtained":["War Paint"],"max_hp_gain":0,"max_hp_loss":0,"event_name":"The Mausoleum","floor":21,"gold_loss":0},{"damage_healed":0,"gold_gain":0,"player_choice":"Joined the Cult","damage_taken":6,"max_hp_gain":0,"max_hp_loss":0,"event_name":"Nest","floor":24,"gold_loss":0,"cards_obtained":["RitualDagger"]},{"damage_healed":0,"gold_gain":0,"player_choice":"Stole Relic","damage_taken":0,"relics_obtained":["Sundial"],"max_hp_gain":0,"max_hp_loss":0,"event_name":"Addict","floor":29,"gold_loss":0,"cards_obtained":["Shame"]},{"damage_healed":0,"gold_gain":0,"player_choice":"Memory 3","damage_taken":10,"max_hp_gain":0,"max_hp_loss":0,"event_name":"SensoryStone","floor":38,"gold_loss":0},{"damage_healed":0,"gold_gain":0,"player_choice":"Paid","damage_taken":0,"relics_obtained":["Red Mask"],"max_hp_gain":0,"max_hp_loss":0,"event_name":"Tomb of Lord Red Mask","floor":39,"gold_loss":162},{"damage_healed":0,"gold_gain":0,"player_choice":"Bought 3 Potions","damage_taken":0,"max_hp_gain":0,"max_hp_loss":0,"event_name":"The Woman in Blue","floor":47,"gold_loss":0}],"is_beta":false,"boss_relics":[{"not_picked":["Fusion Hammer","Snecko Eye"],"picked":"Pandora\u0027s Box"},{"not_picked":["WristBlade","Philosopher\u0027s Stone"],"picked":"Lizard Tail"}],"items_purged_floors":[],"is_endless":false,"potions_floor_spawned":[2,6,7,10,16,18,31,33,35,41,45,48],"ascension_level":0}