{"gold_per_floor":[118,130,59,72,91,123,140,160,183,183],"floor_reached":10,"playtime":1120,"items_purged":[],"score":72,"play_id":"746961e6-163a-4253-8f7a-efa96ff628cd","local_time":"20180804010318","is_ascension_mode":false,"campfire_choices":[],"neow_cost":"NONE","seed_source_timestamp":227252015979051,"circlet_count":0,"master_deck":["Strike_B","Strike_B","Strike_B","Strike_B","Defend_B","Defend_B","Defend_B","Defend_B","Zap","Dualcast","Fusion","Turbo","Chill","Glacier","Barrage","Cold Snap","Compile Driver","Conserve Battery"],"relics":["Nuclear Battery","Omamori","Vajra"],"potions_floor_usage":[],"damage_taken":[{"damage":1,"enemies":"Jaw Worm","floor":1,"turns":4},{"damage":1,"enemies":"Cultist","floor":2,"turns":4},{"damage":0,"enemies":"2 Louse","floor":4,"turns":2},{"damage":8,"enemies":"Red Slaver","floor":5,"turns":5},{"damage":33,"enemies":"3 Sentries","floor":6,"turns":10},{"damage":21,"enemies":"Large Slime","floor":7,"turns":10},{"damage":1,"enemies":"Looter","floor":8,"turns":4},{"damage":12,"enemies":"Lots of Slimes","floor":10,"turns":2}],"seed_played":"3005699042433556767","potions_obtained":[{"floor":4,"key":"Energy Potion"},{"floor":7,"key":"GamblersBrew"}],"is_trial":false,"path_per_floor":["M","M","$","M","M","E","M","M","T"],"character_chosen":"DEFECT","items_purchased":["Chill"],"campfire_rested":0,"item_purchase_floors":[3],"current_hp_per_floor":[74,73,73,73,65,32,11,10,10,0],"gold":183,"neow_bonus":"BOSS_RELIC","is_prod":false,"is_daily":false,"chose_seed":false,"campfire_upgraded":0,"win_rate":0,"timestamp":1533366198,"path_taken":["M","M","$","M","M","E","M","M","T","M"],"build_version":"2018-08-02","purchased_purges":0,"victory":false,"max_hp_per_floor":[75,75,75,75,75,75,75,75,75,75],"card_choices":[{"not_picked":["Turbo","Undo"],"picked":"Fusion","floor":1},{"not_picked":["Auto Shields","Steam"],"picked":"Turbo","floor":2},{"not_picked":["Gash","Sunder"],"picked":"Glacier","floor":4},{"not_picked":["Reinforced Body","Hologram"],"picked":"Barrage","floor":5},{"not_picked":["Stack","Barrage"],"picked":"Cold Snap","floor":6},{"not_picked":["Steam","Echo Form"],"picked":"Compile Driver","floor":7},{"not_picked":["Chaos","Gash"],"picked":"Conserve Battery","floor":8}],"player_experience":172714,"relics_obtained":[{"floor":6,"key":"Omamori"},{"floor":9,"key":"Vajra"}],"event_choices":[],"is_beta":false,"boss_relics":[],"items_purged_floors":[],"is_endless":false,"potions_floor_spawned":[4,7],"killed_by":"Lots of Slimes","ascension_level":0}