{"gold_per_floor":[109,109,109,109,127,156,173,238,238,248,272,284,284,284,284,284],"floor_reached":16,"playtime":882,"items_purged":[],"score":125,"play_id":"11b32960-5204-4080-b9c9-e4484435467b","local_time":"20190104084916","is_ascension_mode":false,"campfire_choices":[{"floor":13,"key":"REST"},{"floor":15,"key":"REST"}],"neow_cost":"NONE","seed_source_timestamp":231532372723643,"circlet_count":0,"master_deck":["Defend_G","Defend_G","Defend_G","Defend_G","Defend_G","Strike_G","Strike_G","Strike_G","Strike_G","Survivor","Neutralize","Blade Dance","Dagger Throw+1","Dagger Throw+1","Accuracy","Cloak And Dagger"],"relics":["Ring of the Snake","NeowsBlessing","Molten Egg 2","Pen Nib","PreservedInsect","Bottled Flame","Odd Mushroom","WingedGreaves"],"potions_floor_usage":[11,12,16],"damage_taken":[{"damage":0,"enemies":"Small Slimes","floor":1,"turns":1},{"damage":0,"enemies":"2 Louse","floor":5,"turns":1},{"damage":0,"enemies":"Gremlin Nob","floor":6,"turns":1},{"damage":1,"enemies":"Cultist","floor":7,"turns":4},{"damage":43,"enemies":"Gremlin Nob","floor":8,"turns":6},{"damage":2,"enemies":"Looter","floor":10,"turns":3},{"damage":10,"enemies":"The Mushroom Lair","floor":11,"turns":5},{"damage":3,"enemies":"Large Slime","floor":12,"turns":6},{"damage":30,"enemies":"The Guardian","floor":16,"turns":14}],"seed_played":"-7120383928644640319","potions_obtained":[{"floor":8,"key":"Block Potion"},{"floor":11,"key":"SkillPotion"},{"floor":12,"key":"FearPotion"}],"is_trial":false,"path_per_floor":["M","?","?","?","M","E","M","?","T","M","?","M","R","?","R","B"],"character_chosen":"THE_SILENT","items_purchased":[],"campfire_rested":2,"item_purchase_floors":[],"current_hp_per_floor":[70,70,70,70,70,70,69,26,26,24,14,11,32,7,28,0],"gold":284,"neow_bonus":"THREE_ENEMY_KILL","is_prod":false,"is_daily":false,"chose_seed":false,"campfire_upgraded":0,"win_rate":0,"timestamp":1546620556,"path_taken":["M","?","?","?","?","E","M","?","T","M","?","M","R","?","R","BOSS"],"build_version":"2019-01-03v3","purchased_purges":0,"victory":false,"max_hp_per_floor":[70,70,70,70,70,70,70,70,70,70,70,70,70,70,70,70],"card_choices":[{"not_picked":["Underhanded Strike","PiercingWail"],"picked":"Blade Dance","floor":1},{"not_picked":["Skewer+1","Wraith Form v2"],"picked":"Dagger Throw+1","floor":5},{"not_picked":["All Out Attack+1","Heel Hook+1","Catalyst"],"picked":"SKIP","floor":6},{"not_picked":["Bane+1","Sucker Punch+1","Outmaneuver"],"picked":"SKIP","floor":7},{"not_picked":["Backflip","Poisoned Stab+1"],"picked":"Dagger Throw+1","floor":8},{"not_picked":["Dagger Spray+1","Sucker Punch+1","Heel Hook+1"],"picked":"SKIP","floor":10},{"not_picked":["Flying Knee+1","Finisher+1"],"picked":"Accuracy","floor":11},{"not_picked":["Bouncing Flask","Riddle With Holes+1"],"picked":"Cloak And Dagger","floor":12}],"player_experience":69853,"relics_obtained":[{"floor":6,"key":"Pen Nib"},{"floor":8,"key":"PreservedInsect"},{"floor":9,"key":"Bottled Flame"},{"floor":11,"key":"Odd Mushroom"}],"event_choices":[{"damage_healed":0,"gold_gain":0,"player_choice":"Box","damage_taken":0,"relics_obtained":["Molten Egg 2"],"max_hp_gain":0,"max_hp_loss":0,"event_name":"Big Fish","floor":2,"gold_loss":0,"cards_obtained":["Regret"]},{"cards_removed":["Regret"],"damage_healed":0,"gold_gain":0,"player_choice":"Forget","damage_taken":0,"max_hp_gain":0,"max_hp_loss":0,"event_name":"Living Wall","floor":3,"gold_loss":0},{"cards_removed":["Strike_G"],"damage_healed":0,"gold_gain":0,"player_choice":"Purged","damage_taken":0,"max_hp_gain":0,"max_hp_loss":0,"event_name":"Purifier","floor":4,"gold_loss":0},{"damage_healed":0,"gold_gain":0,"player_choice":"Searched \u00271\u0027 times","damage_taken":0,"max_hp_gain":0,"max_hp_loss":0,"event_name":"Dead Adventurer","floor":8,"gold_loss":0},{"damage_healed":0,"gold_gain":0,"player_choice":"Fought Mushrooms","damage_taken":0,"max_hp_gain":0,"max_hp_loss":0,"event_name":"Mushrooms","floor":11,"gold_loss":0},{"damage_healed":0,"gold_gain":0,"player_choice":"Success","damage_taken":25,"relics_obtained":["WingedGreaves"],"max_hp_gain":0,"max_hp_loss":0,"event_name":"Scrap Ooze","floor":14,"gold_loss":0}],"is_beta":false,"boss_relics":[],"items_purged_floors":[],"is_endless":false,"potions_floor_spawned":[8,11,12],"killed_by":"The Guardian","ascension_level":0}