{"gold_per_floor":[111,125,75,75,250,250,264,60,60,76,76,152,176,176,176,304,304,304,304,304,304,304,304,304,304,304,304,304,304,304,304,304,304],"floor_reached":33,"playtime":1103,"items_purged":["Doubt"],"score":354,"play_id":"fc34c215-e540-4f28-83b0-10ae7f8fac59","local_time":"20181031111740","is_ascension_mode":true,"campfire_choices":[{"data":"Inflame","floor":6,"key":"SMITH"},{"floor":15,"key":"REST"},{"floor":23,"key":"REST"},{"data":"Rupture","floor":25,"key":"SMITH"},{"floor":32,"key":"REST"}],"neow_cost":"NONE","seed_source_timestamp":1790861826819800,"circlet_count":0,"master_deck":["Strike_R","Strike_R","Strike_R","Strike_R","Defend_R","Defend_R","Defend_R","Defend_R","Bash","Offering","Heavy Blade","Inflame+1","Injury","Uppercut","Hemokinesis","Impatience","Pommel Strike","Rupture+1","Heavy Blade","Brutality","Shockwave","Necronomicurse","Rage+1","Intimidate+1","Armaments+1"],"relics":["Burning Blood","Golden Idol","Happy Flower","Juzu Bracelet","Strawberry","Ectoplasm","Necronomicon","Omamori","Dodecahedron","Charon\u0027s Ashes","Blood Vial"],"potions_floor_usage":[10,12,27,27],"damage_taken":[{"damage":9,"enemies":"Jaw Worm","floor":1,"turns":4},{"damage":1,"enemies":"2 Louse","floor":2,"turns":3},{"damage":10,"enemies":"Small Slimes","floor":7,"turns":4},{"damage":3,"enemies":"2 Fungi Beasts","floor":10,"turns":2},{"damage":37,"enemies":"3 Sentries","floor":12,"turns":5},{"damage":0,"enemies":"Large Slime","floor":13,"turns":4},{"damage":75,"enemies":"The Guardian","floor":16,"turns":9},{"damage":11,"enemies":"Spheric Guardian","floor":18,"turns":3},{"damage":9,"enemies":"Chosen","floor":22,"turns":3},{"damage":16,"enemies":"Slavers","floor":27,"turns":4},{"damage":12,"enemies":"3 Cultists","floor":28,"turns":4},{"damage":12,"enemies":"Cultist and Chosen","floor":29,"turns":6},{"damage":75,"enemies":"Champ","floor":33,"turns":8}],"seed_played":"-7776335110614955424","potions_obtained":[{"floor":7,"key":"Explosive Potion"},{"floor":10,"key":"Strength Potion"},{"floor":12,"key":"Strength Potion"},{"floor":22,"key":"SkillPotion"}],"is_trial":false,"path_per_floor":["M","M","?","?","?","R","M","$","T","M","T","?","M","$","R","B",null,"M","?","?","?","M","R","?","R","T","E","M","M","?","?","R"],"character_chosen":"IRONCLAD","items_purchased":["Hemokinesis","Impatience"],"campfire_rested":3,"item_purchase_floors":[8,8],"current_hp_per_floor":[69,74,74,74,74,74,70,70,70,73,73,49,55,55,81,12,68,63,55,39,39,36,62,62,62,62,52,48,44,44,44,70,0],"gold":304,"neow_bonus":"ONE_RANDOM_RARE_CARD","is_prod":false,"is_daily":false,"chose_seed":false,"campfire_upgraded":2,"win_rate":0,"timestamp":1541006260,"path_taken":["M","M","?","?","?","R","M","$","T","M","?","?","M","?","R","BOSS","M","?","?","?","M","R","?","R","T","E","M","M","?","?","R","BOSS"],"build_version":"2018-10-25v2","purchased_purges":1,"victory":false,"max_hp_per_floor":[80,80,80,80,80,80,80,80,80,80,80,87,87,87,87,87,87,87,87,87,87,87,87,87,87,87,87,87,87,87,87,87,87],"card_choices":[{"not_picked":["Reckless Charge","Body Slam"],"picked":"Heavy Blade","floor":1},{"not_picked":["Thunderclap","Shrug It Off"],"picked":"Inflame","floor":2},{"not_picked":["Feel No Pain","Rage"],"picked":"Uppercut","floor":7},{"not_picked":["Iron Wave","Burning Pact"],"picked":"Pommel Strike","floor":10},{"not_picked":["Pommel Strike","Twin Strike"],"picked":"Rupture","floor":12},{"not_picked":["Blood for Blood","Iron Wave"],"picked":"Heavy Blade","floor":13},{"not_picked":["Offering","Juggernaut"],"picked":"Brutality","floor":16},{"not_picked":["Clothesline","Pommel Strike"],"picked":"Shockwave","floor":18},{"not_picked":["Body Slam","Iron Wave"],"picked":"Rage+1","floor":22},{"not_picked":["Armaments","Pommel Strike"],"picked":"Intimidate+1","floor":27},{"not_picked":["Sword Boomerang","Entrench+1"],"picked":"Armaments+1","floor":28},{"not_picked":["Body Slam","Pommel Strike","Armaments"],"picked":"SKIP","floor":29}],"player_experience":979132,"relics_obtained":[{"floor":9,"key":"Happy Flower"},{"floor":11,"key":"Juzu Bracelet"},{"floor":12,"key":"Strawberry"},{"floor":20,"key":"Necronomicon"},{"floor":26,"key":"Charon\u0027s Ashes"},{"floor":27,"key":"Blood Vial"}],"event_choices":[{"cards_removed":["Strike_R"],"damage_healed":0,"gold_gain":0,"player_choice":"Card Removal","damage_taken":0,"max_hp_gain":0,"max_hp_loss":0,"event_name":"The Cleric","floor":3,"gold_loss":50},{"damage_healed":0,"gold_gain":0,"player_choice":"Take Wound","damage_taken":0,"relics_obtained":["Golden Idol"],"max_hp_gain":0,"max_hp_loss":0,"event_name":"Golden Idol","floor":4,"gold_loss":0,"cards_obtained":["Injury"]},{"damage_healed":0,"gold_gain":175,"player_choice":"AGREE","damage_taken":0,"max_hp_gain":0,"max_hp_loss":0,"event_name":"Liars Game","floor":5,"gold_loss":0,"cards_obtained":["Doubt"]},{"damage_healed":0,"gold_gain":0,"player_choice":"Searched \u00271\u0027 times","damage_taken":0,"max_hp_gain":0,"max_hp_loss":0,"event_name":"Dead Adventurer","floor":12,"gold_loss":0},{"damage_healed":0,"gold_gain":0,"player_choice":"","damage_taken":8,"max_hp_gain":0,"max_hp_loss":0,"event_name":"Knowing Skull","floor":19,"potions_obtained":[],"gold_loss":0,"cards_obtained":[]},{"damage_healed":0,"gold_gain":0,"player_choice":"Obtained Book","damage_taken":16,"max_hp_gain":0,"max_hp_loss":0,"event_name":"Cursed Tome","floor":20,"gold_loss":0},{"damage_healed":0,"gold_gain":0,"player_choice":"Opened","damage_taken":0,"relics_obtained":["Omamori"],"max_hp_gain":0,"max_hp_loss":0,"event_name":"The Mausoleum","floor":21,"gold_loss":0},{"damage_healed":0,"gold_gain":0,"player_choice":"Stole Relic","damage_taken":0,"relics_obtained":["Dodecahedron"],"max_hp_gain":0,"max_hp_loss":0,"event_name":"Addict","floor":24,"gold_loss":0,"cards_obtained":["Shame"]},{"damage_healed":0,"gold_gain":0,"player_choice":"Ignored","damage_taken":0,"max_hp_gain":0,"max_hp_loss":0,"event_name":"Beggar","floor":30,"gold_loss":0},{"damage_healed":0,"gold_gain":0,"player_choice":"Ignored","damage_taken":0,"max_hp_gain":0,"max_hp_loss":0,"event_name":"Ghosts","floor":31,"gold_loss":0}],"is_beta":false,"boss_relics":[{"not_picked":["Lizard Tail","Coffee Dripper"],"picked":"Ectoplasm"}],"items_purged_floors":[8],"is_endless":false,"potions_floor_spawned":[7,10,12,22],"killed_by":"Champ","ascension_level":8}