{"gold_per_floor":[109,120,120,136,136,167,186,186,186,212,240,141,241,241],"floor_reached":14,"playtime":571,"items_purged":["Regret"],"score":103,"play_id":"69b3b749-b5ac-48f3-b4e9-ed7b2b636f49","local_time":"20180822105347","is_ascension_mode":true,"campfire_choices":[{"data":"Footwork","floor":8,"key":"SMITH"}],"neow_cost":"NONE","seed_source_timestamp":466444955950354,"circlet_count":0,"master_deck":["Defend_G","Defend_G","Defend_G","Defend_G","Defend_G","Strike_G","Strike_G","Strike_G","Strike_G","Strike_G","Survivor","Neutralize","Footwork+1","Backflip","Backstab","Acrobatics","Cloak And Dagger","Corpse Explosion","Blade Dance"],"relics":["White Beast Statue","Juzu Bracelet","Unceasing Top","Ornamental Fan","Regal Pillow","Snake Skull"],"potions_floor_usage":[2,6,11,11,11,14],"damage_taken":[{"damage":0,"enemies":"2 Louse","floor":1,"turns":4},{"damage":0,"enemies":"Jaw Worm","floor":2,"turns":7},{"damage":0,"enemies":"Small Slimes","floor":4,"turns":5},{"damage":18,"enemies":"Gremlin Nob","floor":6,"turns":5},{"damage":9,"enemies":"Blue Slaver","floor":7,"turns":4},{"damage":27,"enemies":"Lagavulin","floor":11,"turns":11},{"damage":41,"enemies":"Gremlin Nob","floor":14,"turns":5}],"seed_played":"4508043700684382332","potions_obtained":[{"floor":1,"key":"EntropicBrew"},{"floor":2,"key":"FearPotion"},{"floor":4,"key":"Strength Potion"},{"floor":6,"key":"PowerPotion"},{"floor":7,"key":"Poison Potion"},{"floor":11,"key":"SpeedPotion"}],"is_trial":false,"path_per_floor":["M","M","?","M","?","E","M","R","T","T","E","$","?"],"character_chosen":"THE_SILENT","items_purchased":["Blade Dance"],"campfire_rested":0,"item_purchase_floors":[12],"current_hp_per_floor":[70,70,70,70,70,52,43,43,43,43,31,31,31,0],"gold":241,"neow_bonus":"BOSS_RELIC","is_prod":false,"is_daily":false,"chose_seed":false,"campfire_upgraded":1,"win_rate":0,"timestamp":1534956827,"path_taken":["M","M","?","M","?","E","M","R","T","?","E","$","?","E"],"build_version":"2018-08-16","purchased_purges":1,"victory":false,"max_hp_per_floor":[70,70,70,70,70,70,70,70,70,70,70,70,70,70],"card_choices":[{"not_picked":["Leg Sweep","Heel Hook"],"picked":"Footwork","floor":1},{"not_picked":["Quick Slash","Bane"],"picked":"Backflip","floor":2},{"not_picked":["Outmaneuver","Backflip"],"picked":"Backstab","floor":4},{"not_picked":["Tactician","Flechettes"],"picked":"Acrobatics","floor":6},{"not_picked":["Outmaneuver","PiercingWail"],"picked":"Cloak And Dagger","floor":7},{"not_picked":["Outmaneuver","Dagger Spray"],"picked":"Corpse Explosion","floor":11}],"player_experience":298470,"relics_obtained":[{"floor":6,"key":"Unceasing Top"},{"floor":9,"key":"Ornamental Fan"},{"floor":10,"key":"Regal Pillow"},{"floor":11,"key":"Snake Skull"}],"event_choices":[{"event_name":"The Cleric","player_choice":"Leave","floor":3,"damage_taken":0},{"event_name":"Big Fish","player_choice":"Box","floor":5,"damage_taken":0},{"event_name":"Golden Shrine","player_choice":"Pray","floor":13,"damage_taken":0}],"is_beta":false,"boss_relics":[],"items_purged_floors":[12],"is_endless":false,"potions_floor_spawned":[1,2,4,6,7,11],"killed_by":"Gremlin Nob","ascension_level":1}