{"gold_per_floor":[119,119,144,144,119,119,152,8,8,8,8,43,43,68,68,188,188,204,102,126,326,347,347,165,165,165,188,4,4,28,28,28,158,158,182,57,182,182,196,196,212,212,239,259,282,74,99,21,21,21],"floor_reached":51,"playtime":3866,"items_purged":["Strike_B","Strike_B","Scrape"],"score":809,"play_id":"5b7cb351-abd0-4acf-9431-c81f19cfbdba","local_time":"20190120143650","is_ascension_mode":true,"campfire_choices":[{"floor":6.0,"key":"REST"},{"floor":10.0,"key":"REST"},{"data":"Defragment","floor":13.0,"key":"SMITH"},{"data":"Genetic Algorithm","floor":15.0,"key":"SMITH"},{"data":"Fission","floor":23.0,"key":"SMITH"},{"data":"Hologram","floor":25.0,"key":"SMITH"},{"floor":29.0,"key":"REST"},{"floor":32.0,"key":"REST"},{"floor":40.0,"key":"REST"},{"data":"Fission","floor":42.0,"key":"SMITH"},{"data":"Buffer","floor":49,"key":"SMITH"}],"neow_cost":"PERCENT_DAMAGE","seed_source_timestamp":660090708996580,"circlet_count":0,"master_deck":["Dualcast","Rebound","Cold Snap+1","Defragment+1","Self Repair","Genetic Algorithm+1","Conserve Battery","Fission+1","Compile Driver+1","Defragment","Hologram+1","Loop+1","Loop","Blizzard+1","Coolheaded","Hologram","Machine Learning","Fission+1","Barrage","Streamline","Defragment+1","Streamline+1","Hello World+1","Steam Power+1","Glacier","Consume","Buffer+1","Auto Shields"],"special_seed":0,"relics":["Cracked Core","Golden Idol","Calipers","Regal Pillow","Potion Belt","Inserter","Unceasing Top","Whetstone","Pandora\u0027s Box","Torii","Strawberry"],"potions_floor_usage":[44,44,47,47,50,50],"damage_taken":[{"damage":7.0,"enemies":"Jaw Worm","floor":1.0,"turns":3.0},{"damage":0.0,"enemies":"2 Louse","floor":3.0,"turns":2.0},{"damage":20.0,"enemies":"Gremlin Nob","floor":7.0,"turns":5.0},{"damage":24.0,"enemies":"Lagavulin","floor":12.0,"turns":8.0},{"damage":0.0,"enemies":"Cultist","floor":14.0,"turns":3.0},{"damage":33.0,"enemies":"The Guardian","floor":16.0,"turns":15.0},{"damage":12.0,"enemies":"Spheric Guardian","floor":18.0,"turns":5.0},{"damage":24.0,"enemies":"Chosen","floor":20.0,"turns":6.0},{"damage":20.0,"enemies":"Snake Plant","floor":22.0,"turns":5.0},{"damage":21.0,"enemies":"Cultist and Chosen","floor":27.0,"turns":6.0},{"damage":20.0,"enemies":"Shelled Parasite and Fungi","floor":30.0,"turns":7.0},{"damage":42.0,"enemies":"Automaton","floor":33.0,"turns":20.0},{"damage":51.0,"enemies":"Orb Walker","floor":35.0,"turns":6.0},{"damage":5.0,"enemies":"Mind Bloom Boss Battle","floor":37.0,"turns":11.0},{"damage":27.0,"enemies":"3 Darklings","floor":39.0,"turns":11.0},{"damage":8.0,"enemies":"4 Shapes","floor":41.0,"turns":9.0},{"damage":14,"enemies":"Writhing Mass","floor":44,"turns":11},{"damage":13,"enemies":"Spire Growth","floor":45,"turns":9},{"damage":9,"enemies":"4 Shapes","floor":47,"turns":11},{"damage":19,"enemies":"Time Eater","floor":50,"turns":57}],"seed_played":"-3823252443153118157","potions_obtained":[{"floor":1.0,"key":"Energy Potion"},{"floor":14.0,"key":"Dexterity Potion"},{"floor":20.0,"key":"FocusPotion"},{"floor":30.0,"key":"Weak Potion"},{"floor":33.0,"key":"Weak Potion"},{"floor":35.0,"key":"GamblersBrew"},{"floor":41.0,"key":"PowerPotion"},{"floor":45,"key":"Regen Potion"}],"is_trial":false,"path_per_floor":["M","?","M","?","?","R","E","$","T","R","?","E","R","M","R","B",null,"M","$","M","?","M","R","$","R","T","M","$","R","M","?","R","B",null,"M","$","?","?","M","R","M","R","T","M","M","$","M","$","R","B",null],"character_chosen":"DEFECT","items_purchased":["Self Repair","Defragment","Hologram","Loop","Coolheaded","Whetstone","Consume","Buffer","Auto Shields"],"campfire_rested":5,"item_purchase_floors":[8,19,19,24,28,28,46,46,48],"current_hp_per_floor":[57,35,35,28,28,54,34,34,34,75,75,58,58,65,65,39,77,72,72,55,55,42,42,42,42,42,28,28,69,56,56,89,54,80,36,36,38,38,18,59,58,58,65,58,52,52,58,58,58,46],"gold":21,"neow_bonus":"TWENTY_PERCENT_HP_BONUS","is_prod":false,"is_daily":false,"chose_seed":false,"campfire_upgraded":6,"win_rate":0,"timestamp":1548023810,"path_taken":["M","?","M","?","?","R","E","$","T","R","?","E","R","M","R","BOSS","M","?","?","?","M","R","$","R","T","M","?","R","?","?","R","BOSS","M","$","?","?","M","R","M","R","T","M","M","$","?","?","R","BOSS"],"build_version":"2019-01-17v2","purchased_purges":3,"victory":true,"max_hp_per_floor":[89,89,89,89,89,89,89,89,89,89,89,89,89,89,89,89,89,89,89,89,89,89,89,89,89,89,89,89,89,89,89,89,89,89,89,89,89,89,89,89,89,89,96,96,96,96,96,96,96,96],"card_choices":[{"not_picked":["Static Discharge","Chaos"],"picked":"Rebound","floor":1.0},{"not_picked":["Sweeping Beam","Tempest"],"picked":"Cold Snap","floor":3.0},{"not_picked":["Sunder","Barrage"],"picked":"Defragment","floor":7.0},{"not_picked":["Gash","Rebound"],"picked":"Genetic Algorithm","floor":12.0},{"not_picked":["Melter","Coolheaded"],"picked":"Conserve Battery","floor":14.0},{"not_picked":["Multi-Cast","Amplify"],"picked":"Fission","floor":16.0},{"not_picked":["Conserve Battery","Force Field+1"],"picked":"Compile Driver+1","floor":18.0},{"not_picked":["FTL","Steam+1"],"picked":"Loop+1","floor":20.0},{"not_picked":["Compile Driver","Streamline","Redo"],"picked":"SKIP","floor":22.0},{"not_picked":["Darkness+1","Hologram"],"picked":"Blizzard","floor":27.0},{"not_picked":["Ball Lightning","Double Energy"],"picked":"Hologram","floor":30.0},{"not_picked":["Biased Cognition","Thunder Strike"],"picked":"Machine Learning","floor":33.0},{"not_picked":["Recycle+1","Rebound+1"],"picked":"Defragment+1","floor":35.0},{"not_picked":["Rebound","Barrage+1"],"picked":"Streamline+1","floor":37.0},{"not_picked":["Rebound","Hologram"],"picked":"Hello World+1","floor":39.0},{"not_picked":["Rebound","Sweeping Beam"],"picked":"Steam Power+1","floor":41.0},{"not_picked":["Streamline","Fission"],"picked":"Glacier","floor":44},{"not_picked":["Coolheaded","Rebound","Sweeping Beam+1"],"picked":"SKIP","floor":45},{"not_picked":["Barrage+1","Rip and Tear+1","Hello World+1"],"picked":"SKIP","floor":47}],"player_experience":270818,"relics_obtained":[{"floor":7.0,"key":"Calipers"},{"floor":9.0,"key":"Regal Pillow"},{"floor":12.0,"key":"Potion Belt"},{"floor":26.0,"key":"Unceasing Top"},{"floor":37.0,"key":"Torii"},{"floor":43.0,"key":"Strawberry"}],"event_choices":[{"damage_healed":0.0,"max_hp_gain":0.0,"max_hp_loss":0.0,"gold_gain":0.0,"event_name":"Golden Idol","player_choice":"Take Damage","floor":2.0,"gold_loss":0.0,"damage_taken":22.0,"relics_obtained":["Golden Idol"]},{"cards_removed":["Strike_B"],"damage_healed":0.0,"max_hp_gain":0.0,"max_hp_loss":0.0,"gold_gain":0.0,"event_name":"Golden Wing","player_choice":"Card Removal","floor":4.0,"gold_loss":0.0,"damage_taken":7.0},{"damage_healed":0.0,"max_hp_gain":0.0,"max_hp_loss":0.0,"gold_gain":0.0,"event_name":"World of Goop","player_choice":"Left Gold","floor":5.0,"gold_loss":25.0,"damage_taken":0.0},{"cards_removed":["Strike_B"],"damage_healed":0.0,"max_hp_gain":0.0,"max_hp_loss":0.0,"gold_gain":0.0,"event_name":"Purifier","player_choice":"Purged","floor":11.0,"gold_loss":0.0,"damage_taken":0.0},{"damage_healed":0.0,"max_hp_gain":0.0,"max_hp_loss":0.0,"gold_gain":200.0,"event_name":"Wheel of Change","player_choice":"Gold","floor":21.0,"gold_loss":0.0,"damage_taken":0.0},{"damage_healed":0.0,"max_hp_gain":0.0,"max_hp_loss":0.0,"gold_gain":0.0,"event_name":"Beggar","player_choice":"Ignored","floor":31.0,"gold_loss":0.0,"damage_taken":0.0},{"damage_healed":0.0,"max_hp_gain":0.0,"max_hp_loss":0.0,"gold_gain":0.0,"event_name":"MindBloom","player_choice":"Fight","floor":37.0,"gold_loss":0.0,"damage_taken":0.0},{"cards_removed":["Zap"],"damage_healed":0.0,"max_hp_gain":0.0,"max_hp_loss":0.0,"gold_gain":0.0,"event_name":"Falling","player_choice":"Removed Skill","floor":38.0,"gold_loss":0.0,"damage_taken":0.0}],"is_beta":false,"boss_relics":[{"not_picked":["Philosopher\u0027s Stone","Velvet Choker"],"picked":"Inserter"},{"not_picked":["White Beast Statue","Coffee Dripper"],"picked":"Pandora\u0027s Box"}],"items_purged_floors":[8,24,36],"is_endless":false,"potions_floor_spawned":[1,14,20,30,33,35,41,45],"ascension_level":6}