{"gold_per_floor":[119,137,149,166,181,211,211,224,250,277,287,14,14,26,26,130,130,142,142,142,156,174,174,202,214,226,238,278,290,302],"floor_reached":30,"playtime":7525,"items_purged":["Defend_B"],"score":307,"play_id":"54ff76d9-90ca-45bb-b6bc-22e563a29ce7","local_time":"20190217161007","is_ascension_mode":false,"campfire_choices":[{"data":"Zap","floor":7,"key":"SMITH"},{"floor":13,"key":"REST"},{"data":"Loop","floor":15,"key":"SMITH"},{"floor":23,"key":"RECALL"},{"data":"Static Discharge","floor":27,"key":"SMITH"}],"neow_cost":"NONE","seed_source_timestamp":309479319616972,"circlet_count":0,"master_deck":["Strike_B","Strike_B","Strike_B","Defend_B","Defend_B","Defend_B","Zap+1","Dualcast","Sweeping Beam","Seek","Melter","Conserve Battery","Conserve Battery","Core Surge","Gash","Loop+1","Gash","Core Surge","Conserve Battery+1","Loop+1","Static Discharge+1","Regret"],"relics":["Cracked Core","NeowsBlessing","Bottled Lightning","Strawberry","Bag of Marbles","Cursed Key","MawBank","MutagenicStrength","Dream Catcher","Enchiridion"],"potions_floor_usage":[10,10,10,10,10,10,10,22,24],"damage_taken":[{"damage":0,"enemies":"Cultist","floor":1,"turns":1},{"damage":0,"enemies":"Jaw Worm","floor":2,"turns":1},{"damage":0,"enemies":"Small Slimes","floor":3,"turns":1},{"damage":2,"enemies":"Looter","floor":4,"turns":4},{"damage":9,"enemies":"Blue Slaver","floor":5,"turns":5},{"damage":51,"enemies":"3 Sentries","floor":6,"turns":11},{"damage":0,"enemies":"2 Fungi Beasts","floor":8,"turns":2},{"damage":0,"enemies":"Gremlin Nob","floor":10,"turns":3},{"damage":0,"enemies":"Large Slime","floor":11,"turns":5},{"damage":8,"enemies":"Lots of Slimes","floor":14,"turns":3},{"damage":26,"enemies":"Slime Boss","floor":16,"turns":7},{"damage":0,"enemies":"Chosen","floor":18,"turns":3},{"damage":5,"enemies":"Shell Parasite","floor":21,"turns":4},{"damage":9,"enemies":"3 Cultists","floor":22,"turns":5},{"damage":17,"enemies":"Gremlin Leader","floor":24,"turns":9},{"damage":23,"enemies":"Book of Stabbing","floor":28,"turns":4},{"damage":14,"enemies":"Snake Plant","floor":30,"turns":2}],"seed_played":"2373756416755227465","potions_obtained":[{"floor":3,"key":"EntropicBrew"},{"floor":5,"key":"SkillPotion"},{"floor":6,"key":"EntropicBrew"},{"floor":11,"key":"SkillPotion"},{"floor":14,"key":"Dexterity Potion"},{"floor":16,"key":"Swift Potion"},{"floor":22,"key":"Energy Potion"}],"is_trial":false,"path_per_floor":["M","?","?","M","?","?"],"character_chosen":"DEFECT","items_purchased":["Core Surge","Gash","Loop"],"campfire_rested":1,"item_purchase_floors":[12,12,12],"current_hp_per_floor":[75,75,75,73,64,13,13,13,20,25,25,25,49,41,41,15,82,82,82,82,77,68,68,51,51,51,51,28,12,0],"gold":302,"neow_bonus":"THREE_ENEMY_KILL","is_prod":false,"is_daily":false,"chose_seed":false,"campfire_upgraded":3,"win_rate":0,"timestamp":1550437807,"path_taken":["M","M","M","?","M","E","R","M","T","E","M","$","R","M","R","BOSS","M","?","?","M","?","R","E","?","T","R","E","?","M"],"build_version":"2019-01-23","purchased_purges":1,"victory":false,"max_hp_per_floor":[75,75,75,75,75,75,75,75,82,82,82,82,82,82,82,82,82,82,82,82,82,82,82,82,82,82,82,82,82,82],"card_choices":[{"not_picked":["Compile Driver","Recycle","Hologram"],"picked":"SKIP","floor":1},{"not_picked":["Beam Cell","Leap","BootSequence"],"picked":"SKIP","floor":2},{"not_picked":["Cold Snap","Glacier","Force Field"],"picked":"SKIP","floor":3},{"not_picked":["Coolheaded","Leap","Chaos"],"picked":"SKIP","floor":4},{"not_picked":["Rip and Tear","Coolheaded"],"picked":"Sweeping Beam","floor":5},{"not_picked":["Streamline","Rip and Tear"],"picked":"Seek","floor":6},{"not_picked":["Blizzard","Loop"],"picked":"Melter","floor":8},{"not_picked":["Stack","Turbo"],"picked":"Conserve Battery","floor":10},{"not_picked":["Chill","Barrage"],"picked":"Conserve Battery","floor":11},{"not_picked":["Sweeping Beam","Streamline"],"picked":"Gash","floor":14},{"not_picked":["Reboot","Seek"],"picked":"Core Surge","floor":16},{"not_picked":["Blizzard","Auto Shields"],"picked":"Conserve Battery+1","floor":18},{"not_picked":["Ball Lightning","Redo","Steam"],"picked":"SKIP","floor":21},{"not_picked":["Cold Snap","BootSequence","Turbo"],"picked":"SKIP","floor":22},{"not_picked":["Conserve Battery","Streamline"],"picked":"Static Discharge","floor":24},{"not_picked":["Aggregate","Turbo","Fission"],"picked":"SKIP","floor":28}],"player_experience":470899,"relics_obtained":[{"floor":6,"key":"Bottled Lightning"},{"floor":9,"key":"Strawberry"},{"floor":10,"key":"Bag of Marbles"},{"floor":24,"key":"MawBank"},{"floor":28,"key":"Dream Catcher"},{"floor":29,"key":"Enchiridion"}],"event_choices":[{"cards_removed":["Strike_B"],"damage_healed":0,"gold_gain":0,"player_choice":"Elegance","damage_taken":0,"max_hp_gain":0,"max_hp_loss":0,"event_name":"Back to Basics","floor":19,"gold_loss":0},{"damage_healed":0,"gold_gain":0,"player_choice":"Copied","damage_taken":0,"max_hp_gain":0,"max_hp_loss":0,"event_name":"Duplicator","floor":20,"gold_loss":0,"cards_obtained":["Loop"]},{"damage_healed":0,"gold_gain":0,"player_choice":"Inject Mutagens","damage_taken":0,"relics_obtained":["MutagenicStrength"],"max_hp_gain":0,"max_hp_loss":0,"event_name":"Drug Dealer","floor":25,"gold_loss":0},{"damage_healed":0,"gold_gain":0,"player_choice":"Obtained Book","damage_taken":16,"max_hp_gain":0,"max_hp_loss":0,"event_name":"Cursed Tome","floor":29,"gold_loss":0}],"is_beta":false,"boss_relics":[{"not_picked":["Fusion Hammer","Eternal Feather"],"picked":"Cursed Key"}],"items_purged_floors":[12],"is_endless":false,"potions_floor_spawned":[3,5,6,11,14,16,22],"killed_by":"Snake Plant","ascension_level":0}