{"gold_per_floor":[17,27,27,102,116,134,148,148,148,191,206,227,227,268,268,268],"floor_reached":16,"playtime":911,"items_purged":[],"score":114,"play_id":"96f32802-a16a-47e8-aee1-182d234879a7","local_time":"20190315193032","is_ascension_mode":false,"campfire_choices":[{"data":"Body Slam","floor":8,"key":"SMITH"},{"floor":15,"key":"REST"}],"neow_cost":"NO_GOLD","seed_source_timestamp":199332340956372,"circlet_count":0,"master_deck":["Strike_R","Strike_R","Strike_R","Strike_R+1","Strike_R","Defend_R","Defend_R","Defend_R","Defend_R+1","Bash","Body Slam+1","Entrench","Warcry","Armaments","Feed"],"relics":["Burning Blood","Calipers","Golden Idol","Kunai","Oddly Smooth Stone","Unceasing Top"],"potions_floor_usage":[10,11,14,16],"damage_taken":[{"damage":3,"enemies":"2 Louse","floor":1,"turns":3},{"damage":3,"enemies":"Jaw Worm","floor":2,"turns":4},{"damage":9,"enemies":"Small Slimes","floor":5,"turns":6},{"damage":10,"enemies":"Looter","floor":6,"turns":4},{"damage":14,"enemies":"Exordium Thugs","floor":7,"turns":8},{"damage":24,"enemies":"Lagavulin","floor":10,"turns":5},{"damage":7,"enemies":"2 Fungi Beasts","floor":11,"turns":5},{"damage":11,"enemies":"Large Slime","floor":12,"turns":7},{"damage":10,"enemies":"Gremlin Nob","floor":14,"turns":4},{"damage":39,"enemies":"The Guardian","floor":16,"turns":10}],"seed_played":"3620252659192580131","potions_obtained":[{"floor":1,"key":"PowerPotion"},{"floor":6,"key":"Explosive Potion"},{"floor":7,"key":"PowerPotion"},{"floor":14,"key":"Block Potion"}],"is_trial":false,"path_per_floor":["?","?","?"],"character_chosen":"IRONCLAD","items_purchased":[],"campfire_rested":1,"item_purchase_floors":[],"current_hp_per_floor":[80,80,74,63,60,56,48,48,48,30,33,31,15,11,35,0],"gold":268,"neow_bonus":"ONE_RARE_RELIC","is_prod":false,"is_daily":false,"chose_seed":false,"campfire_upgraded":1,"win_rate":0,"timestamp":1552692632,"path_taken":["M","M","?","?","M","M","M","R","T","E","M","M","?","E","R","BOSS"],"build_version":"2019-01-23","purchased_purges":0,"victory":false,"max_hp_per_floor":[80,80,74,74,74,74,74,74,74,74,78,81,81,81,81,81],"card_choices":[{"not_picked":["Burning Pact","Sword Boomerang","Reckless Charge"],"picked":"SKIP","floor":1},{"not_picked":["Dual Wield","Flex"],"picked":"Body Slam","floor":2},{"not_picked":["Armaments","Sever Soul"],"picked":"Entrench","floor":5},{"not_picked":["Power Through","Thunderclap"],"picked":"Warcry","floor":6},{"not_picked":["Cleave","Body Slam"],"picked":"Armaments","floor":7},{"not_picked":["Clothesline","Shrug It Off"],"picked":"Feed","floor":10},{"not_picked":["Bloodletting","Power Through","Inflame"],"picked":"SKIP","floor":11},{"not_picked":["Thunderclap","Cleave","Dropkick"],"picked":"SKIP","floor":12},{"not_picked":["Inflame","Uppercut","Fiend Fire"],"picked":"SKIP","floor":14}],"player_experience":662862,"relics_obtained":[{"floor":9,"key":"Kunai"},{"floor":10,"key":"Oddly Smooth Stone"},{"floor":14,"key":"Unceasing Top"}],"event_choices":[{"damage_healed":0,"gold_gain":0,"player_choice":"Lose Max HP","damage_taken":0,"relics_obtained":["Golden Idol"],"max_hp_gain":0,"max_hp_loss":6,"event_name":"Golden Idol","floor":3,"gold_loss":0},{"damage_healed":0,"gold_gain":75,"player_choice":"Gather Gold","damage_taken":11,"max_hp_gain":0,"max_hp_loss":0,"event_name":"World of Goop","floor":4,"gold_loss":0},{"damage_healed":0,"gold_gain":0,"player_choice":"Entered Light","damage_taken":16,"max_hp_gain":0,"max_hp_loss":0,"event_name":"Shining Light","floor":13,"gold_loss":0,"cards_upgraded":["Strike_R","Defend_R"]}],"is_beta":false,"boss_relics":[],"items_purged_floors":[],"is_endless":false,"potions_floor_spawned":[1,6,7,14],"killed_by":"The Guardian","ascension_level":0}