{"gold_per_floor":[115,40,52,52,64,64,80,99,122,122,134,166,178,218,230,340,352,378,340,364,127,127],"floor_reached":22,"playtime":2777,"items_purged":["Strike_G","Strike_G"],"score":195,"play_id":"196ec7d2-76fc-4774-a55d-b078148cfb71","local_time":"20190408204829","is_ascension_mode":true,"campfire_choices":[{"data":"Neutralize","floor":6,"key":"SMITH"},{"data":"Sucker Punch","floor":11,"key":"SMITH"},{"data":"Dodge and Roll","floor":13,"key":"SMITH"},{"data":"Unload","floor":15,"key":"SMITH"}],"neow_cost":"NONE","seed_source_timestamp":316248555227259,"circlet_count":0,"master_deck":["Defend_G","Defend_G","Defend_G","Defend_G","Defend_G","Strike_G","Survivor","Neutralize+1","Heel Hook","PiercingWail","Sucker Punch+1","Flying Knee","Dodge and Roll+1","Unload+1","Die Die Die","Dodge and Roll","Dodge and Roll"],"relics":["Ring of the Snake","Bronze Scales","Dream Catcher","Smiling Mask","MawBank","Ornamental Fan","Empty Cage","Anchor"],"potions_floor_usage":[3],"damage_taken":[{"damage":2,"enemies":"2 Louse","floor":1,"turns":3},{"damage":0,"enemies":"Cultist","floor":3,"turns":3},{"damage":1,"enemies":"Jaw Worm","floor":5,"turns":5},{"damage":0,"enemies":"Looter","floor":7,"turns":3},{"damage":1,"enemies":"Lots of Slimes","floor":8,"turns":4},{"damage":4,"enemies":"Exordium Thugs","floor":12,"turns":5},{"damage":9,"enemies":"3 Sentries","floor":14,"turns":9},{"damage":47,"enemies":"Slime Boss","floor":16,"turns":12},{"damage":5,"enemies":"Chosen","floor":18,"turns":5},{"damage":1,"enemies":"Shell Parasite","floor":20,"turns":6},{"damage":38,"enemies":"Centurion and Healer","floor":22,"turns":15}],"seed_played":"-1948435851526048031","potions_obtained":[{"floor":1,"key":"Fruit Juice"},{"floor":3,"key":"Swift Potion"},{"floor":16,"key":"LiquidBronze"},{"floor":18,"key":"PowerPotion"}],"is_trial":false,"path_per_floor":["M","$","M","?","M","R","M","M","T","?","R","M","R","E","R","B",null,"M","?","M","$","M"],"character_chosen":"THE_SILENT","items_purchased":["Anchor","Dodge and Roll"],"campfire_rested":0,"item_purchase_floors":[21,21],"current_hp_per_floor":[68,68,73,73,72,72,72,71,71,64,64,60,60,51,51,4,75,70,70,69,69,31],"gold":127,"neow_bonus":"RANDOM_COMMON_RELIC","is_prod":false,"is_daily":false,"chose_seed":false,"campfire_upgraded":4,"win_rate":0,"timestamp":1554774509,"path_taken":["M","$","M","?","M","R","?","M","T","?","R","M","R","E","R","BOSS","M","?","?","$","M"],"build_version":"2019-01-23","purchased_purges":2,"victory":false,"max_hp_per_floor":[70,70,75,75,75,75,75,75,75,75,75,75,75,75,75,75,75,75,75,75,75,75],"card_choices":[{"not_picked":["Prepared","Dagger Throw"],"picked":"Heel Hook","floor":1},{"not_picked":["Endless Agony","Slice"],"picked":"PiercingWail","floor":3},{"not_picked":["Outmaneuver","Cloak And Dagger"],"picked":"Sucker Punch","floor":5},{"not_picked":["Riddle With Holes","Dagger Throw","Storm of Steel"],"picked":"SKIP","floor":7},{"not_picked":["Quick Slash","PiercingWail"],"picked":"Flying Knee","floor":8},{"not_picked":["All Out Attack","Flechettes"],"picked":"Dodge and Roll","floor":12},{"not_picked":["Dagger Spray","Finisher"],"picked":"Unload","floor":14},{"not_picked":["Malaise","Envenom"],"picked":"Die Die Die","floor":16},{"not_picked":["Slice","Acrobatics","Quick Slash"],"picked":"SKIP","floor":18},{"not_picked":["Dagger Spray","Calculated Gamble"],"picked":"Dodge and Roll","floor":20}],"player_experience":205034,"relics_obtained":[{"floor":9,"key":"Smiling Mask"},{"floor":14,"key":"Ornamental Fan"}],"event_choices":[{"damage_healed":0,"gold_gain":0,"player_choice":"Gave Potion","damage_taken":0,"relics_obtained":["Dream Catcher"],"max_hp_gain":0,"max_hp_loss":0,"event_name":"WeMeetAgain","floor":4,"gold_loss":0},{"damage_healed":0,"gold_gain":0,"player_choice":"Success","damage_taken":7,"relics_obtained":["MawBank"],"max_hp_gain":0,"max_hp_loss":0,"event_name":"Scrap Ooze","floor":10,"gold_loss":0},{"damage_healed":0,"gold_gain":0,"player_choice":"Bet on Owner","damage_taken":0,"max_hp_gain":0,"max_hp_loss":0,"event_name":"The Joust","floor":19,"gold_loss":50}],"is_beta":false,"boss_relics":[{"not_picked":["Ectoplasm","Sozu"],"picked":"Empty Cage"}],"items_purged_floors":[2,21],"is_endless":false,"potions_floor_spawned":[1,3,14,16,18],"killed_by":"Centurion and Healer","ascension_level":1}