{"gold_per_floor":[114,129,129,129,304,334,334,133,208,208,238,253,268,293,293,393,393,408,408,423,41,41,71,86,86,86,116,131,146,146,161,161,261,261,276,276,276,291,306,336,45,60,60,75,75,135,150,165,165,165],"floor_reached":51,"playtime":1634,"items_purged":[],"score":1109,"play_id":"03101f3c-042a-4d08-a945-547fb77b7926","local_time":"20180913205958","daily_mods":["Heirloom","Cursed Run","Lethality"],"is_ascension_mode":false,"campfire_choices":[{"data":"Strike_G","floor":7,"key":"PURGE"},{"data":"Strike_G","floor":10,"key":"PURGE"},{"data":"Defend_G","floor":15,"key":"PURGE"},{"data":"Strike_G","floor":25,"key":"PURGE"},{"data":"Accuracy","floor":32,"key":"SMITH"},{"data":"Blind","floor":45,"key":"SMITH"},{"data":"Deep Breath","floor":49,"key":"SMITH"}],"neow_cost":"","seed_source_timestamp":0,"circlet_count":0,"master_deck":["Defend_G","Defend_G","Defend_G","Defend_G","Strike_G","Survivor","Neutralize","PiercingWail","Acrobatics","Dash","Doubt","Dash","PiercingWail","Slice","Deep Breath+1","Doubt","Cloak And Dagger","Blade Dance","Poisoned Stab+1","Normality","Clumsy","Corpse Explosion","PiercingWail","Shame","Accuracy+1","Backstab+1","Poisoned Stab+1","Underhanded Strike+1","Doubt","Backstab+1","Blade Dance","Dagger Throw+1","Backstab+1","Regret","Die Die Die+1","Blade Dance+1","Blind+1","Blade Dance+1","Skewer+1","Die Die Die+1","Masterful Stab+1","Dash+1","Slice+1","Writhe","Cloak And Dagger+1","Glass Knife+1","Dagger Spray+1","Calculated Gamble+1","Parasite"],"special_seed":17788,"relics":["Cursed Key","Darkstone Periapt","Du-Vu Doll","Peace Pipe","Gambling Chip","Molten Egg 2","Bag of Marbles","Bronze Scales","Black Star","Ninja Scroll","Turnip","Ancient Tea Set","Oddly Smooth Stone","Ornamental Fan","Mummified Hand","Singing Bowl","GremlinMask","Lizard Tail","Toxic Egg 2","Matryoshka","Lantern","The Courier","Letter Opener","Tiny Chest","Juzu Bracelet"],"potions_floor_usage":[16,23,27,33,33,33,40,40,50,50,50],"damage_taken":[{"damage":0,"enemies":"Jaw Worm","floor":1,"turns":3},{"damage":0,"enemies":"Small Slimes","floor":2,"turns":4},{"damage":13,"enemies":"Lagavulin","floor":6,"turns":7},{"damage":19,"enemies":"Gremlin Nob","floor":11,"turns":5},{"damage":0,"enemies":"Cultist","floor":12,"turns":2},{"damage":0,"enemies":"Looter","floor":13,"turns":2},{"damage":10,"enemies":"Slime Boss","floor":16,"turns":9},{"damage":0,"enemies":"Chosen","floor":18,"turns":3},{"damage":7,"enemies":"Shell Parasite","floor":20,"turns":4},{"damage":0,"enemies":"Book of Stabbing","floor":23,"turns":1},{"damage":0,"enemies":"Chosen and Byrds","floor":24,"turns":2},{"damage":0,"enemies":"Slavers","floor":27,"turns":2},{"damage":0,"enemies":"Cultist and Chosen","floor":28,"turns":1},{"damage":0,"enemies":"Centurion and Healer","floor":29,"turns":1},{"damage":0,"enemies":"Shelled Parasite and Fungi","floor":31,"turns":2},{"damage":15,"enemies":"Automaton","floor":33,"turns":6},{"damage":0,"enemies":"Orb Walker","floor":35,"turns":1},{"damage":0,"enemies":"3 Darklings","floor":38,"turns":2},{"damage":9,"enemies":"Maw","floor":39,"turns":5},{"damage":2,"enemies":"2 Orb Walkers","floor":40,"turns":1},{"damage":0,"enemies":"4 Shapes","floor":42,"turns":2},{"damage":2,"enemies":"Sphere and 2 Shapes","floor":44,"turns":1},{"damage":0,"enemies":"Nemesis","floor":46,"turns":1},{"damage":0,"enemies":"Spire Growth","floor":47,"turns":1},{"damage":0,"enemies":"Reptomancer","floor":48,"turns":1},{"damage":122,"enemies":"Awakened One","floor":50,"turns":10}],"seed_played":"-5206532275745488686","potions_obtained":[{"floor":2,"key":"SteroidPotion"},{"floor":6,"key":"Ancient Potion"},{"floor":13,"key":"Fire Potion"},{"floor":18,"key":"Regen Potion"},{"floor":24,"key":"Swift Potion"},{"floor":28,"key":"Block Potion"},{"floor":31,"key":"Dexterity Potion"},{"floor":35,"key":"Poison Potion"},{"floor":38,"key":"EssenceOfSteel"},{"floor":44,"key":"LiquidBronze"},{"floor":47,"key":"LiquidBronze"},{"floor":48,"key":"LiquidBronze"}],"is_trial":false,"path_per_floor":["M","M","?","?","?","E","R","$","T","R","E","M","M","T","R","B",null,"M","?","M","$","?","E","M","R","T","E","M","M","?","M","R","B",null,"M","?","?","M","M","E","$","M","T","M","R","E","M","M","R","B"],"character_chosen":"THE_SILENT","items_purchased":["PiercingWail","Slice","Deep Breath","Turnip","Backstab+1","Masterful Stab+1","Lantern","Dash+1"],"campfire_rested":0,"item_purchase_floors":[8,8,8,21,21,41,41,41],"current_hp_per_floor":[70,70,70,70,76,63,63,63,69,69,50,50,50,56,56,52,94,94,100,93,93,93,93,93,93,99,106,106,106,106,106,106,97,112,112,112,112,112,103,101,101,101,107,105,105,105,105,105,105,55],"gold":165,"neow_bonus":"","is_prod":false,"is_daily":true,"chose_seed":false,"campfire_upgraded":3,"win_rate":0,"timestamp":1536893998,"path_taken":["M","M","?","?","?","E","R","$","T","R","E","M","M","?","R","BOSS","M","?","?","$","?","E","?","R","T","E","M","?","?","M","R","BOSS","M","?","?","M","?","E","$","M","T","M","R","E","M","M","R","BOSS"],"build_version":"2018-09-06","purchased_purges":0,"victory":true,"max_hp_per_floor":[70,70,70,70,76,76,76,76,82,82,82,82,82,88,88,94,94,94,100,100,100,100,100,100,100,106,106,106,106,106,106,106,112,112,112,112,112,112,112,112,112,112,118,118,118,118,118,118,118,124],"card_choices":[{"not_picked":["Choke","Flechettes"],"picked":"PiercingWail","floor":1},{"not_picked":["Sucker Punch","Choke"],"picked":"Acrobatics","floor":2},{"not_picked":["Finisher","Concentrate"],"picked":"Dash","floor":6},{"not_picked":["Dash+1","Leg Sweep"],"picked":"Cloak And Dagger","floor":11},{"not_picked":["Sucker Punch+1","Reflex"],"picked":"Blade Dance","floor":12},{"not_picked":["Reflex","Bane+1"],"picked":"Poisoned Stab+1","floor":13},{"not_picked":["Doppelganger","Envenom"],"picked":"Corpse Explosion","floor":16},{"not_picked":["Bane+1","Acrobatics"],"picked":"PiercingWail","floor":18},{"not_picked":["Dash+1","Dodge and Roll+1"],"picked":"Accuracy","floor":20},{"not_picked":["PiercingWail","Deadly Poison+1"],"picked":"Poisoned Stab+1","floor":23},{"not_picked":["Quick Slash+1","Dodge and Roll"],"picked":"Underhanded Strike+1","floor":24},{"not_picked":["Flying Knee+1","Finisher+1"],"picked":"Backstab+1","floor":27},{"not_picked":["Slice+1","Heel Hook+1"],"picked":"Blade Dance","floor":28},{"not_picked":["Accuracy","Endless Agony+1"],"picked":"Dagger Throw+1","floor":29},{"not_picked":["Infinite Blades","Bouncing Flask+1"],"picked":"Backstab+1","floor":31},{"not_picked":["A Thousand Cuts","Night Terror"],"picked":"Die Die Die+1","floor":33},{"not_picked":["Deadly Poison","Poisoned Stab+1"],"picked":"Blade Dance+1","floor":35},{"not_picked":["Mayhem","Transmutation"],"picked":"Blind","floor":37},{"not_picked":["Acrobatics+1","Bane+1"],"picked":"Blade Dance+1","floor":38},{"not_picked":["Outmaneuver","Expertise+1"],"picked":"Skewer+1","floor":39},{"not_picked":["Noxious Fumes","Deflect"],"picked":"Die Die Die+1","floor":40},{"not_picked":["Noxious Fumes+1","Flying Knee+1"],"picked":"Slice+1","floor":42},{"not_picked":["Malaise+1","Dodge and Roll+1"],"picked":"Cloak And Dagger+1","floor":44},{"not_picked":["Bane+1","Infinite Blades"],"picked":"Glass Knife+1","floor":46},{"not_picked":["Poisoned Stab+1","Acrobatics+1"],"picked":"Dagger Spray+1","floor":47},{"not_picked":["Eviscerate+1","Sucker Punch+1"],"picked":"Calculated Gamble+1","floor":48}],"player_experience":519651,"relics_obtained":[{"floor":6,"key":"Gambling Chip"},{"floor":9,"key":"Molten Egg 2"},{"floor":11,"key":"Bag of Marbles"},{"floor":14,"key":"Bronze Scales"},{"floor":23,"key":"Ancient Tea Set"},{"floor":23,"key":"Oddly Smooth Stone"},{"floor":26,"key":"Ornamental Fan"},{"floor":27,"key":"Mummified Hand"},{"floor":27,"key":"Singing Bowl"},{"floor":40,"key":"Toxic Egg 2"},{"floor":40,"key":"Matryoshka"},{"floor":43,"key":"The Courier"},{"floor":43,"key":"Letter Opener"},{"floor":46,"key":"Tiny Chest"},{"floor":46,"key":"Juzu Bracelet"}],"event_choices":[{"event_name":"Shining Light","player_choice":"Ignored","floor":3,"damage_taken":0},{"event_name":"Transmorgrifier","player_choice":"Transform","floor":4,"damage_taken":0},{"event_name":"Liars Game","player_choice":"agreed","floor":5,"damage_taken":0},{"event_name":"Addict","player_choice":"Stole Relic","floor":19,"damage_taken":0},{"event_name":"Beggar","player_choice":"Ignored","floor":22,"damage_taken":0},{"event_name":"FaceTrader","player_choice":"Trade","floor":30,"damage_taken":0},{"event_name":"Wheel of Change","player_choice":"Full Heal","floor":36,"damage_taken":0},{"event_name":"SensoryStone","player_choice":"Memory 1","floor":37,"damage_taken":0}],"is_beta":false,"boss_relics":[{"not_picked":["Runic Dome","Tiny House"],"picked":"Black Star"},{"not_picked":["Velvet Choker","Philosopher\u0027s Stone"],"picked":"Lizard Tail"}],"items_purged_floors":[],"is_endless":false,"potions_floor_spawned":[2,6,13,18,24,28,29,31,35,38,44,47,48],"ascension_level":0}