{"gold_per_floor":[13,88,88,88,108,108,122,297,297,309,309,4,4,4,4,4],"floor_reached":16,"playtime":388,"items_purged":[],"score":170,"play_id":"7dbf60d0-5602-4d79-b1ad-34460e488cc2","local_time":"20190131103648","is_ascension_mode":true,"campfire_choices":[{"floor":6.0,"key":"REST"},{"data":"Bash","floor":11.0,"key":"SMITH"},{"data":"Iron Wave","floor":13,"key":"SMITH"},{"data":"Cleave","floor":15,"key":"SMITH"}],"neow_cost":"NO_GOLD","seed_source_timestamp":167026022357052,"circlet_count":0,"master_deck":["AscendersBane","Strike_R","Strike_R","Strike_R","Strike_R","Strike_R","Defend_R","Defend_R+1","Defend_R+1","Defend_R","Bash+1","Twin Strike","Iron Wave+1","Offering","Doubt","Cleave+1","Shrug It Off+1"],"special_seed":0,"relics":["Burning Blood","Thread and Needle","Toxic Egg 2"],"potions_floor_usage":[16,16],"damage_taken":[{"damage":10.0,"enemies":"Small Slimes","floor":1.0,"turns":5.0},{"damage":5.0,"enemies":"2 Louse","floor":5.0,"turns":2.0},{"damage":6.0,"enemies":"Jaw Worm","floor":7.0,"turns":3.0},{"damage":6.0,"enemies":"Looter","floor":10.0,"turns":3.0},{"damage":84,"enemies":"Hexaghost","floor":16,"turns":16}],"seed_played":"-3954735119404525540","potions_obtained":[{"floor":5.0,"key":"Swift Potion"},{"floor":10.0,"key":"SpeedPotion"}],"is_trial":false,"path_per_floor":["M","?","?","?","M","R","M","?","T","M","R","$","R","$","R","B"],"character_chosen":"IRONCLAD","items_purchased":["Toxic Egg 2","Shrug It Off+1"],"campfire_rested":1,"item_purchase_floors":[12,12],"current_hp_per_floor":[84,73,73,54,55,83,83,83,83,83,83,83,83,83,83,0],"gold":4,"neow_bonus":"TWENTY_PERCENT_HP_BONUS","is_prod":false,"is_daily":false,"chose_seed":false,"campfire_upgraded":3,"win_rate":0,"timestamp":1548956208,"path_taken":["M","?","?","?","M","R","M","?","T","M","R","$","R","?","R","BOSS"],"build_version":"2019-01-23","purchased_purges":0,"victory":false,"max_hp_per_floor":[96,96,96,96,96,96,96,96,96,96,96,96,96,96,96,96],"card_choices":[{"not_picked":["Perfected Strike","Clash"],"picked":"Twin Strike","floor":1.0},{"not_picked":["Headbutt","True Grit"],"picked":"Iron Wave","floor":5.0},{"not_picked":["Clothesline","Flex"],"picked":"Offering","floor":7.0},{"not_picked":["Armaments","Iron Wave"],"picked":"Cleave","floor":10.0}],"player_experience":1347412,"relics_obtained":[{"floor":9.0,"key":"Thread and Needle"}],"event_choices":[{"damage_healed":0.0,"max_hp_gain":0.0,"max_hp_loss":0.0,"gold_gain":75.0,"event_name":"World of Goop","player_choice":"Gather Gold","floor":2.0,"gold_loss":0.0,"damage_taken":11.0},{"damage_healed":0.0,"max_hp_gain":0.0,"max_hp_loss":0.0,"gold_gain":0.0,"event_name":"Golden Wing","player_choice":"Ignored","floor":3.0,"gold_loss":0.0,"damage_taken":0.0},{"damage_healed":0.0,"max_hp_gain":0.0,"max_hp_loss":0.0,"gold_gain":0.0,"event_name":"Shining Light","player_choice":"Entered Light","floor":4.0,"gold_loss":0.0,"damage_taken":19.0,"cards_upgraded":["Defend_R","Defend_R"]},{"damage_healed":0.0,"max_hp_gain":0.0,"max_hp_loss":0.0,"gold_gain":175.0,"event_name":"Liars Game","player_choice":"AGREE","floor":8.0,"gold_loss":0.0,"damage_taken":0.0,"cards_obtained":["Doubt"]}],"is_beta":false,"boss_relics":[],"items_purged_floors":[],"is_endless":false,"potions_floor_spawned":[5,10],"killed_by":"Hexaghost","ascension_level":13}