{"gold_per_floor":[117,132,142,154,154,31,31,58,85,104,104,123,136,147,147,243,243,243],"floor_reached":18,"playtime":3823,"items_purged":["Strike_R"],"score":210,"play_id":"24ecefb3-bd8b-4435-9c05-f24f70ae131a","local_time":"20190407080206","is_ascension_mode":true,"campfire_choices":[{"data":"Bash","floor":7,"key":"SMITH"},{"data":"Demon Form","floor":11,"key":"SMITH"},{"data":"Heavy Blade","floor":15,"key":"SMITH"}],"neow_cost":"NONE","seed_source_timestamp":676324080528900,"circlet_count":0,"master_deck":["Strike_R","Strike_R","Strike_R","Defend_R","Defend_R","Defend_R","Defend_R","Bash+1","Shrug It Off","Iron Wave","Flame Barrier+1","Demon Form+1","Heavy Blade+1","Feed","True Grit","Shockwave"],"relics":["Burning Blood","Omamori","Orrery"],"potions_floor_usage":[8,10,12,13,16],"damage_taken":[{"damage":6,"enemies":"Cultist","floor":1,"turns":3},{"damage":1,"enemies":"2 Louse","floor":2,"turns":2},{"damage":8,"enemies":"Jaw Worm","floor":3,"turns":5},{"damage":9,"enemies":"Looter","floor":4,"turns":3},{"damage":13,"enemies":"Lagavulin","floor":8,"turns":9},{"damage":17,"enemies":"Gremlin Gang","floor":10,"turns":9},{"damage":7,"enemies":"2 Fungi Beasts","floor":12,"turns":6},{"damage":4,"enemies":"Looter","floor":13,"turns":4},{"damage":18,"enemies":"Lots of Slimes","floor":14,"turns":5},{"damage":24,"enemies":"The Guardian","floor":16,"turns":7},{"damage":81,"enemies":"Spheric Guardian","floor":18,"turns":12}],"seed_played":"8016317593951841889","potions_obtained":[{"floor":8,"key":"Weak Potion"},{"floor":10,"key":"Weak Potion"},{"floor":12,"key":"BloodPotion"},{"floor":14,"key":"AttackPotion"}],"is_trial":false,"path_per_floor":["M","M","M","M","?","$","R","E","T","M","R","M","M","M","R","B",null,"M"],"character_chosen":"IRONCLAD","items_purchased":["Dexterity Potion"],"campfire_rested":0,"item_purchase_floors":[6],"current_hp_per_floor":[80,80,78,75,75,75,75,68,68,57,57,56,66,54,54,36,80,0],"gold":243,"neow_bonus":"REMOVE_CARD","is_prod":false,"is_daily":false,"chose_seed":false,"campfire_upgraded":3,"win_rate":0,"timestamp":1554638526,"path_taken":["M","M","?","M","?","$","R","E","T","M","R","M","M","M","R","BOSS","M"],"build_version":"2019-01-23","purchased_purges":1,"victory":false,"max_hp_per_floor":[80,80,80,80,80,80,80,80,80,80,80,80,80,80,80,80,80,80],"card_choices":[{"not_picked":["Thunderclap","Clash","Second Wind"],"picked":"SKIP","floor":1},{"not_picked":["Iron Wave","Thunderclap"],"picked":"Shrug It Off","floor":2},{"not_picked":["Thunderclap","Ghostly Armor"],"picked":"Iron Wave","floor":3},{"not_picked":["Infernal Blade","Ghostly Armor"],"picked":"Flame Barrier","floor":4},{"not_picked":["Feel No Pain","Wild Strike","Combust"],"picked":"SKIP","floor":8},{"not_picked":["Power Through","Flame Barrier"],"picked":"Demon Form","floor":10},{"not_picked":["Iron Wave","Clothesline"],"picked":"Heavy Blade","floor":12},{"not_picked":["Sword Boomerang","Wild Strike","Armaments"],"picked":"SKIP","floor":13},{"not_picked":["Twin Strike","Hemokinesis","Wild Strike"],"picked":"SKIP","floor":14},{"not_picked":["Limit Break","Juggernaut"],"picked":"Feed","floor":16},{"not_picked":["Body Slam","Flex"],"picked":"True Grit","floor":17},{"not_picked":["Headbutt","Clash"],"picked":"Shockwave","floor":17}],"player_experience":198683,"relics_obtained":[{"floor":8,"key":"Omamori"}],"event_choices":[{"damage_healed":0,"gold_gain":0,"player_choice":"Upgraded","damage_taken":0,"max_hp_gain":0,"max_hp_loss":0,"event_name":"Upgrade Shrine","floor":5,"gold_loss":0,"cards_upgraded":["Flame Barrier"]}],"is_beta":false,"boss_relics":[{"not_picked":["Busted Crown","Pandora\u0027s Box"],"picked":"Orrery"}],"items_purged_floors":[6],"is_endless":false,"potions_floor_spawned":[8,10,12,14],"killed_by":"Spheric Guardian","ascension_level":2}