{"gold_per_floor":[118,43,53,53,53,83,83,96,96,16,16,33,62,72,72,171,171,187,102,102,121,132,132,157,157,157,184,200,217,217,237,237,341,341,353,353,57,74,87,87,107,107,107,107,121,140,140,140],"floor_reached":48,"playtime":35799,"items_purged":["Strike_B","Dualcast","Strike_B"],"score":637,"play_id":"830f9e4f-9962-41f3-8bf3-33791d835de7","local_time":"20190410195816","is_ascension_mode":true,"campfire_choices":[{"data":"Stack","floor":7.0,"key":"SMITH"},{"data":"Hologram","floor":11.0,"key":"SMITH"},{"floor":15,"key":"REST"},{"floor":23,"key":"REST"},{"floor":25,"key":"REST"},{"data":"Double Energy","floor":30,"key":"SMITH"},{"data":"Turbo","floor":32,"key":"SMITH"},{"data":"Echo Form","floor":40,"key":"SMITH"},{"data":"Enlightenment","floor":42,"key":"SMITH"},{"data":"Reboot","floor":47,"key":"SMITH"}],"neow_cost":"NONE","seed_source_timestamp":452882028132122,"circlet_count":0,"master_deck":["Defend_B","Defend_B","Defend_B","Defend_B","Zap","Stack+1","Turbo+1","Compile Driver","Beam Cell","Hologram+1","Self Repair","FTL","Go for the Eyes","Go for the Eyes","Cold Snap","Gash","Capacitor","Go for the Eyes","FTL","Gash+1","Double Energy+1","Skim","Turbo","All For One","Gash","Enlightenment+1","Echo Form+1","FTL","Gash","Go for the Eyes","Reboot+1","Gash"],"special_seed":0,"relics":["Cracked Core","NeowsBlessing","Singing Bowl","The Courier","Cables","Orrery","Peace Pipe","Happy Flower","Unceasing Top","Shuriken","Eternal Feather","Mummified Hand"],"potions_floor_usage":[13,16,16,21,24,24,24,24,24,24,24,24,24,24,27,33,33],"damage_taken":[{"damage":0.0,"enemies":"Jaw Worm","floor":1.0,"turns":1.0},{"damage":0.0,"enemies":"2 Louse","floor":3.0,"turns":1.0},{"damage":0.0,"enemies":"Gremlin Nob","floor":6.0,"turns":1.0},{"damage":5.0,"enemies":"Small Slimes","floor":8.0,"turns":3.0},{"damage":24.0,"enemies":"Exordium Thugs","floor":12.0,"turns":5.0},{"damage":17,"enemies":"Lagavulin","floor":13,"turns":6},{"damage":1,"enemies":"Looter","floor":14,"turns":3},{"damage":46,"enemies":"Slime Boss","floor":16,"turns":12},{"damage":7,"enemies":"Spheric Guardian","floor":18,"turns":4},{"damage":27,"enemies":"3 Byrds","floor":21,"turns":7},{"damage":38,"enemies":"Centurion and Healer","floor":22,"turns":12},{"damage":12,"enemies":"Slavers","floor":24,"turns":9},{"damage":8,"enemies":"Book of Stabbing","floor":27,"turns":5},{"damage":6,"enemies":"Snake Plant","floor":28,"turns":4},{"damage":3,"enemies":"Shelled Parasite and Fungi","floor":29,"turns":3},{"damage":3,"enemies":"3 Cultists","floor":31,"turns":3},{"damage":22,"enemies":"Collector","floor":33,"turns":7},{"damage":29,"enemies":"3 Darklings","floor":35,"turns":2},{"damage":7,"enemies":"Orb Walker","floor":38,"turns":2},{"damage":0,"enemies":"Sphere and 2 Shapes","floor":39,"turns":1},{"damage":0,"enemies":"Maw","floor":41,"turns":1},{"damage":10,"enemies":"Jaw Worm Horde","floor":45,"turns":3},{"damage":0,"enemies":"Spire Growth","floor":46,"turns":1},{"damage":100,"enemies":"Reptomancer","floor":48,"turns":3}],"seed_played":"-8641564472633264654","potions_obtained":[{"floor":1.0,"key":"Swift Potion"},{"floor":3.0,"key":"PowerPotion"},{"floor":14,"key":"Regen Potion"},{"floor":16,"key":"Poison Potion"},{"floor":21,"key":"EntropicBrew"},{"floor":22,"key":"Weak Potion"},{"floor":28,"key":"LiquidBronze"},{"floor":29,"key":"Regen Potion"},{"floor":35,"key":"FearPotion"},{"floor":39,"key":"SteroidPotion"},{"floor":46,"key":"Strength Potion"}],"is_trial":false,"path_per_floor":["M","$","M","$","?","E","R","M","T","$","R","M","E","M","R","B",null,"M","?","?","M","M","R","E","R","T","E","M","M","R","M","R","B",null,"M","?","$","M","M","R","M","R","T","?","M","M","R","E"],"character_chosen":"DEFECT","items_purchased":["Echo Form","FTL","Gash"],"campfire_rested":3,"item_purchase_floors":[37,37,37],"current_hp_per_floor":[75,75,75,75,75,75,75,70,70,70,70,48,31,37,60,38,81,83,83,83,65,34,59,54,79,79,78,79,83,83,80,80,74,85,63,63,63,56,63,81,87,87,87,87,84,89,89,0],"gold":140,"neow_bonus":"THREE_ENEMY_KILL","is_prod":false,"is_daily":false,"chose_seed":false,"campfire_upgraded":7,"win_rate":0,"timestamp":1554944296,"path_taken":["M","$","M","$","?","E","R","M","T","$","R","M","E","M","R","BOSS","M","?","?","M","?","R","E","R","T","E","M","M","R","M","R","BOSS","M","?","$","M","M","R","M","R","T","?","M","M","R","E"],"build_version":"2019-01-23","purchased_purges":3,"victory":false,"max_hp_per_floor":[75,75,75,75,75,75,75,75,75,75,75,77,77,77,77,79,81,83,83,83,85,85,85,85,85,85,85,85,85,85,85,85,85,85,85,85,85,85,85,85,87,87,87,87,87,89,89,89],"card_choices":[{"not_picked":["Compile Driver","Sweeping Beam"],"picked":"Stack","floor":1.0},{"not_picked":["Sweeping Beam","Conserve Battery"],"picked":"Turbo","floor":3.0},{"not_picked":["Blizzard","Coolheaded"],"picked":"Beam Cell","floor":6.0},{"not_picked":["Turbo","Creative AI"],"picked":"Hologram","floor":8.0},{"not_picked":["Chill","Sweeping Beam","Redo"],"picked":"Singing Bowl","floor":12.0},{"not_picked":["Steam","Doom and Gloom"],"picked":"Self Repair","floor":13},{"not_picked":["Recycle","Rebound"],"picked":"FTL","floor":14},{"not_picked":["Meteor Strike","Buffer","Core Surge"],"picked":"Singing Bowl","floor":16},{"not_picked":["Hologram","Leap","Turbo"],"picked":"Singing Bowl","floor":17},{"not_picked":["Tempest","Conserve Battery"],"picked":"Go for the Eyes","floor":17},{"not_picked":["Rebound","Leap"],"picked":"Go for the Eyes","floor":17},{"not_picked":["Consume","Amplify"],"picked":"Cold Snap","floor":17},{"not_picked":["Stack","Conserve Battery"],"picked":"Gash","floor":17},{"not_picked":["Undo","Ball Lightning","Streamline"],"picked":"Singing Bowl","floor":18},{"not_picked":["Darkness+1","Compile Driver","Capacitor"],"picked":"Singing Bowl","floor":21},{"not_picked":["Chaos","Self Repair"],"picked":"Go for the Eyes","floor":22},{"not_picked":["Defragment","Lockon"],"picked":"FTL","floor":24},{"not_picked":["Rebound","Chill"],"picked":"Gash+1","floor":27},{"not_picked":["Streamline","Leap"],"picked":"Double Energy","floor":28},{"not_picked":["Glacier","Storm+1"],"picked":"Skim","floor":29},{"not_picked":["Chill","Leap"],"picked":"Turbo","floor":31},{"not_picked":["Fission","Buffer"],"picked":"All For One","floor":33},{"not_picked":["Rebound+1","Stack"],"picked":"Gash","floor":35},{"not_picked":["Madness","Good Instincts"],"picked":"Enlightenment","floor":36},{"not_picked":["Streamline+1","Barrage"],"picked":"Go for the Eyes","floor":38},{"not_picked":["BootSequence+1","Blizzard"],"picked":"Reboot","floor":39},{"not_picked":["Fusion","Conserve Battery","Stack+1"],"picked":"Singing Bowl","floor":41},{"not_picked":["Streamline","Hologram+1"],"picked":"Gash","floor":45},{"not_picked":["Self Repair+1","Sweeping Beam+1","Conserve Battery+1"],"picked":"Singing Bowl","floor":46}],"player_experience":261658,"relics_obtained":[{"floor":6.0,"key":"Singing Bowl"},{"floor":9.0,"key":"The Courier"},{"floor":13,"key":"Cables"},{"floor":24,"key":"Happy Flower"},{"floor":26,"key":"Unceasing Top"},{"floor":27,"key":"Shuriken"},{"floor":43,"key":"Mummified Hand"}],"event_choices":[{"damage_healed":0.0,"max_hp_gain":0.0,"max_hp_loss":0.0,"gold_gain":0.0,"cards_transformed":["Strike_B"],"event_name":"Living Wall","player_choice":"Change","floor":5.0,"gold_loss":0.0,"damage_taken":0.0,"cards_obtained":["Compile Driver"]},{"damage_healed":0,"gold_gain":0,"player_choice":"Obtained Relic","damage_taken":0,"relics_obtained":["Peace Pipe"],"max_hp_gain":0,"max_hp_loss":0,"event_name":"Addict","floor":19,"gold_loss":85},{"damage_healed":0,"gold_gain":0,"cards_transformed":["Strike_B"],"player_choice":"Transformed","damage_taken":0,"max_hp_gain":0,"max_hp_loss":0,"event_name":"Transmorgrifier","floor":20,"gold_loss":0,"cards_obtained":["Capacitor"]},{"damage_healed":0,"gold_gain":0,"player_choice":"Memory 1","damage_taken":0,"max_hp_gain":0,"max_hp_loss":0,"event_name":"SensoryStone","floor":36,"gold_loss":0},{"damage_healed":0,"gold_gain":0,"player_choice":"Ignored","damage_taken":0,"max_hp_gain":0,"max_hp_loss":0,"event_name":"Tomb of Lord Red Mask","floor":44,"gold_loss":0}],"is_beta":false,"boss_relics":[{"not_picked":["Black Star","Ectoplasm"],"picked":"Orrery"},{"not_picked":["FrozenCore","Coffee Dripper"],"picked":"Eternal Feather"}],"items_purged_floors":[2,10,37],"is_endless":false,"potions_floor_spawned":[1,3,14,16,21,22,28,29,35,39,46],"killed_by":"Reptomancer","ascension_level":2}