{"gold_per_floor":[111,111,126,145,74,74,109,109,109,128,7,40,40,65,65,196,196,187,187,187,112,136,136,176,176,176,194,44,59,59,82,82,213,213,234,234,250,22,47,47,86,86,109,143,476,132,142,142,142,142],"floor_reached":51,"playtime":4969,"items_purged":["Injury","Writhe"],"score":818,"play_id":"70bc870f-fbd8-4ab4-90a4-29564abe4a17","local_time":"20181027131940","is_ascension_mode":true,"campfire_choices":[{"data":"Dodge and Roll","floor":6,"key":"SMITH"},{"floor":8,"key":"REST"},{"floor":15,"key":"REST"},{"floor":23,"key":"REST"},{"data":"Noxious Fumes","floor":25,"key":"SMITH"},{"floor":32,"key":"REST"},{"floor":40,"key":"REST"},{"data":"Footwork","floor":42,"key":"SMITH"},{"floor":49,"key":"REST"}],"neow_cost":"NONE","seed_source_timestamp":1448658176753730,"circlet_count":0,"master_deck":["Defend_G","Defend_G","Defend_G","Defend_G","Defend_G","Strike_G","Strike_G","Strike_G","Strike_G","Strike_G","Survivor","Neutralize","Dodge and Roll+1","Backflip","Deadly Poison","Bouncing Flask","Prepared","Footwork+1","Bouncing Flask","Poisoned Stab","Catalyst","Noxious Fumes+1","Malaise","Poisoned Stab+1","Deflect+1","Leg Sweep+1","Noxious Fumes","Wraith Form v2","Deflect+1","Dodge and Roll+1","Envenom","Crippling Poison+1","Footwork+1","Prepared+1","Footwork","Catalyst+1"],"relics":["Ring of the Snake","Strawberry","Darkstone Periapt","Question Card","Bag of Preparation","Velvet Choker","MutagenicStrength","Toxic Egg 2","Pantograph","Cursed Key","Vajra","Letter Opener","Art of War","Pear","TwistedFunnel"],"potions_floor_usage":[12,14,16,24,33,37,41,44,50],"damage_taken":[{"damage":7,"enemies":"Jaw Worm","floor":1,"turns":10},{"damage":0,"enemies":"2 Louse","floor":3,"turns":6},{"damage":0,"enemies":"Cultist","floor":4,"turns":5},{"damage":16,"enemies":"3 Sentries","floor":7,"turns":12},{"damage":15,"enemies":"Exordium Thugs","floor":10,"turns":6},{"damage":18,"enemies":"Lagavulin","floor":12,"turns":5},{"damage":1,"enemies":"Lots of Slimes","floor":14,"turns":6},{"damage":23,"enemies":"The Guardian","floor":16,"turns":8},{"damage":27,"enemies":"2 Thieves","floor":18,"turns":4},{"damage":4,"enemies":"3 Byrds","floor":22,"turns":5},{"damage":21,"enemies":"Gremlin Leader","floor":24,"turns":8},{"damage":3,"enemies":"Snake Plant","floor":27,"turns":4},{"damage":3,"enemies":"Sentry and Sphere","floor":29,"turns":5},{"damage":8,"enemies":"3 Cultists","floor":31,"turns":6},{"damage":16,"enemies":"Automaton","floor":33,"turns":12},{"damage":0,"enemies":"3 Shapes","floor":35,"turns":4},{"damage":12,"enemies":"3 Darklings","floor":37,"turns":5},{"damage":16,"enemies":"Sphere and 2 Shapes","floor":39,"turns":5},{"damage":9,"enemies":"Nemesis","floor":41,"turns":7},{"damage":40,"enemies":"Giant Head","floor":44,"turns":8},{"damage":0,"enemies":"Jaw Worm Horde","floor":47,"turns":3},{"damage":13,"enemies":"Awakened One","floor":50,"turns":14}],"seed_played":"-1303230489369503951","potions_obtained":[{"floor":1,"key":"SteroidPotion"},{"floor":10,"key":"SteroidPotion"},{"floor":12,"key":"Fruit Juice"},{"floor":18,"key":"SpeedPotion"},{"floor":33,"key":"Energy Potion"},{"floor":39,"key":"Fire Potion"},{"floor":44,"key":"Explosive Potion"}],"is_trial":false,"path_per_floor":["M","?","M","M","$","R","E","R","T","M","$","E","?","M","R","B",null,"M","?","?","$","M","R","E","R","T","M","$","M","?","M","R","B",null,"M","?","M","$","M","R","E","R","T","E","?","$","M","?","R","B"],"character_chosen":"THE_SILENT","items_purchased":["Bouncing Flask","Bouncing Flask","Poisoned Stab","GhostInAJar","GhostInAJar","Footwork","Vajra","Catalyst+1","TwistedFunnel"],"campfire_rested":6,"item_purchase_floors":[5,11,11,21,28,38,38,46,46],"current_hp_per_floor":[70,70,70,70,70,70,54,77,77,62,62,44,44,48,72,49,82,55,55,55,55,51,75,54,54,54,51,51,48,48,40,64,66,82,82,82,70,70,54,78,69,69,75,45,45,45,45,45,74,85],"gold":142,"neow_bonus":"RANDOM_COMMON_RELIC","is_prod":false,"is_daily":false,"chose_seed":false,"campfire_upgraded":3,"win_rate":0,"timestamp":1540667980,"path_taken":["M","?","M","M","$","R","E","R","T","M","$","E","?","?","R","BOSS","M","?","?","$","M","R","E","R","T","?","$","M","?","M","R","BOSS","M","?","M","$","M","R","E","R","T","E","?","$","?","?","R","BOSS"],"build_version":"2018-10-25v2","purchased_purges":2,"victory":true,"max_hp_per_floor":[77,77,77,77,77,77,77,77,77,77,77,77,77,82,82,82,82,82,82,82,82,82,82,82,82,82,82,82,82,82,82,82,82,82,82,82,82,82,82,82,82,82,88,98,98,98,98,98,98,98],"card_choices":[{"not_picked":["Catalyst","Slice"],"picked":"Dodge and Roll","floor":1},{"not_picked":["Bane","Underhanded Strike"],"picked":"Backflip","floor":3},{"not_picked":["All Out Attack","Leg Sweep"],"picked":"Deadly Poison","floor":4},{"not_picked":["Setup","Infinite Blades"],"picked":"Prepared","floor":7},{"not_picked":["Flying Knee","Deadly Poison","Prepared"],"picked":"Footwork","floor":10},{"not_picked":["Heel Hook","PiercingWail","Poisoned Stab"],"picked":"Catalyst","floor":12},{"not_picked":["Phantasmal Killer","All Out Attack","Leg Sweep"],"picked":"Noxious Fumes","floor":14},{"not_picked":["Bullet Time","Venomology","Phantasmal Killer"],"picked":"Malaise","floor":16},{"not_picked":["Slice+1","Tactician+1","Sucker Punch"],"picked":"Poisoned Stab+1","floor":18},{"not_picked":["Poisoned Stab","Backstab","Underhanded Strike"],"picked":"Deflect+1","floor":22},{"not_picked":["Caltrops","Masterful Stab","Backstab"],"picked":"Leg Sweep","floor":24},{"not_picked":["PiercingWail+1","Dagger Throw","Choke"],"picked":"Noxious Fumes","floor":27},{"not_picked":["Deadly Poison+1","Acrobatics+1","Calculated Gamble+1"],"picked":"Wraith Form v2","floor":29},{"not_picked":["Deadly Poison+1","Sucker Punch","Dagger Spray"],"picked":"Dodge and Roll+1","floor":31},{"not_picked":["Die Die Die","Glass Knife","Grand Finale"],"picked":"Envenom","floor":33},{"not_picked":["Predator","Flying Knee","Cloak And Dagger+1","Choke+1"],"picked":"SKIP","floor":35},{"not_picked":["Acrobatics+1","Underhanded Strike+1","Bouncing Flask+1"],"picked":"Crippling Poison+1","floor":37},{"not_picked":["Outmaneuver+1","Malaise+1","Dagger Spray"],"picked":"Prepared+1","floor":39},{"not_picked":["Heel Hook","Predator","Tactician+1","Backstab"],"picked":"SKIP","floor":41},{"not_picked":["Caltrops+1","Storm of Steel+1","Poisoned Stab+1"],"picked":"Footwork","floor":44},{"not_picked":["Outmaneuver+1","Tactician+1","Choke+1","Underhanded Strike+1"],"picked":"SKIP","floor":47}],"player_experience":900507,"relics_obtained":[{"floor":7,"key":"Darkstone Periapt"},{"floor":9,"key":"Question Card"},{"floor":12,"key":"Bag of Preparation"},{"floor":24,"key":"Toxic Egg 2"},{"floor":26,"key":"Pantograph"},{"floor":41,"key":"Letter Opener"},{"floor":43,"key":"Art of War"},{"floor":44,"key":"Pear"}],"event_choices":[{"damage_healed":0,"gold_gain":0,"player_choice":"Take Wound","damage_taken":0,"relics_obtained":["Golden Idol"],"max_hp_gain":0,"max_hp_loss":0,"event_name":"Golden Idol","floor":2,"gold_loss":0,"cards_obtained":["Injury"]},{"damage_healed":0,"gold_gain":0,"player_choice":"Upgraded","damage_taken":0,"max_hp_gain":0,"max_hp_loss":0,"event_name":"Upgrade Shrine","floor":13,"gold_loss":0,"cards_upgraded":["Footwork"]},{"damage_healed":0,"gold_gain":0,"player_choice":"Inject Mutagens","damage_taken":0,"relics_obtained":["MutagenicStrength"],"max_hp_gain":0,"max_hp_loss":0,"event_name":"Drug Dealer","floor":19,"gold_loss":0},{"damage_healed":0,"gold_gain":0,"player_choice":"Ignored","damage_taken":0,"max_hp_gain":0,"max_hp_loss":0,"event_name":"Ghosts","floor":20,"gold_loss":0},{"damage_healed":0,"gold_gain":0,"player_choice":"Copied","damage_taken":0,"max_hp_gain":0,"max_hp_loss":0,"event_name":"Duplicator","floor":30,"gold_loss":0,"cards_obtained":["Deflect"]},{"damage_healed":0,"gold_gain":0,"player_choice":"Ignored","damage_taken":0,"max_hp_gain":0,"max_hp_loss":0,"event_name":"Tomb of Lord Red Mask","floor":36,"gold_loss":0},{"damage_healed":0,"gold_gain":333,"player_choice":"Gave Idol","damage_taken":0,"max_hp_gain":0,"max_hp_loss":0,"event_name":"The Moai Head","floor":45,"relics_lost":["Golden Idol"],"gold_loss":0},{"damage_healed":0,"gold_gain":0,"player_choice":"Memory 1","damage_taken":0,"max_hp_gain":0,"max_hp_loss":0,"event_name":"SensoryStone","floor":48,"gold_loss":0}],"is_beta":false,"boss_relics":[{"not_picked":["Orrery","Calling Bell"],"picked":"Velvet Choker"},{"not_picked":["WristBlade","Runic Pyramid"],"picked":"Cursed Key"}],"items_purged_floors":[28,46],"is_endless":false,"potions_floor_spawned":[1,10,12,18,33,39,44],"ascension_level":1}