{"gold_per_floor":[109,123,298,309,320,320,337,356,356,356,356,374,387,224,224,329,329,348,100,100,114,134,134,151,151,151,102,116,116,134,146,146,146],"floor_reached":33,"playtime":999,"items_purged":["Doubt"],"score":245,"play_id":"0780b59f-4fd3-4728-ab70-5bbae7e7fb86","local_time":"20190211121812","is_ascension_mode":false,"campfire_choices":[{"data":"Perfected Strike","floor":6.0,"key":"SMITH"},{"floor":11.0,"key":"REST"},{"data":"Pommel Strike","floor":15.0,"key":"SMITH"},{"data":"Infernal Blade","floor":23.0,"key":"SMITH"},{"data":"Bandage Up","floor":32.0,"key":"SMITH"}],"neow_cost":"NONE","seed_source_timestamp":1122896088413407,"circlet_count":0,"master_deck":["Strike_R","Strike_R","Strike_R+1","Strike_R","Strike_R","Defend_R","Defend_R","Defend_R","Defend_R","Bash","Perfected Strike+1","Ghostly Armor","Cleave","Anger","Rage","Pommel Strike+1","Second Wind+1","Spot Weakness","True Grit","Ghostly Armor","Bandage Up+1","Offering","Seeing Red","Immolate","Madness","Infernal Blade+1","Pommel Strike","Armaments+1","Perfected Strike","Seeing Red+1","Reaper","Shrug It Off+1"],"special_seed":0,"relics":["Burning Blood"],"potions_floor_usage":[33,33],"damage_taken":[{"damage":6.0,"enemies":"Jaw Worm","floor":1.0,"turns":3.0},{"damage":10.0,"enemies":"Small Slimes","floor":2.0,"turns":3.0},{"damage":0.0,"enemies":"2 Louse","floor":4.0,"turns":2.0},{"damage":21.0,"enemies":"Gremlin Gang","floor":5.0,"turns":5.0},{"damage":5.0,"enemies":"Looter","floor":7.0,"turns":3.0},{"damage":12.0,"enemies":"Exordium Thugs","floor":8.0,"turns":3.0},{"damage":0.0,"enemies":"Exordium Wildlife","floor":12.0,"turns":3.0},{"damage":5.0,"enemies":"3 Louse","floor":13.0,"turns":3.0},{"damage":27.0,"enemies":"The Guardian","floor":16.0,"turns":14.0},{"damage":15.0,"enemies":"Shell Parasite","floor":18.0,"turns":6.0},{"damage":0.0,"enemies":"Chosen","floor":21.0,"turns":4.0},{"damage":23.0,"enemies":"3 Cultists","floor":22.0,"turns":5.0},{"damage":6.0,"enemies":"Shelled Parasite and Fungi","floor":24.0,"turns":3.0},{"damage":23.0,"enemies":"Centurion and Healer","floor":28.0,"turns":6.0},{"damage":16.0,"enemies":"Chosen and Byrds","floor":30.0,"turns":6.0},{"damage":20.0,"enemies":"Cultist and Chosen","floor":31.0,"turns":5.0},{"damage":101,"enemies":"Collector","floor":33,"turns":7}],"seed_played":"331327332979142684","potions_obtained":[{"floor":2.0,"key":"PowerPotion"},{"floor":7.0,"key":"Regen Potion"},{"floor":18.0,"key":"Regen Potion"},{"floor":22.0,"key":"EssenceOfSteel"}],"is_trial":false,"path_per_floor":["M","M","?","M","M","R","M","M","T","?","R","M","M","$","R","B",null,"M","$","?","M","M","R","M","?","T","$","M","T","M","M","R","B"],"character_chosen":"IRONCLAD","items_purchased":["Ghostly Armor","Bandage Up","Immolate","Madness","Perfected Strike"],"campfire_rested":1,"item_purchase_floors":[14,14,19,19,27],"current_hp_per_floor":[80,76,76,80,65,65,66,60,60,44,68,74,75,75,75,58,80,75,75,75,80,67,67,71,71,71,71,58,58,67,57,57,0],"gold":146,"neow_bonus":"THREE_CARDS","is_prod":false,"is_daily":false,"chose_seed":false,"campfire_upgraded":4,"win_rate":0,"timestamp":1549912692,"path_taken":["M","M","?","M","M","R","M","M","T","?","R","M","M","?","R","BOSS","M","$","?","M","?","R","M","?","T","?","M","?","M","M","R","BOSS"],"build_version":"2019-01-23","purchased_purges":1,"victory":false,"max_hp_per_floor":[80,80,80,80,80,80,80,80,80,80,80,80,80,80,80,80,80,80,80,80,80,80,80,80,80,80,80,80,80,80,80,80,80],"card_choices":[{"not_picked":["Cleave","Armaments"],"picked":"Perfected Strike","floor":0.0},{"not_picked":["Thunderclap","Burning Pact"],"picked":"Ghostly Armor","floor":1.0},{"not_picked":["Combust","Anger"],"picked":"Cleave","floor":2.0},{"not_picked":["Entrench","Heavy Blade"],"picked":"Anger","floor":4.0},{"not_picked":["Thunderclap","Clash"],"picked":"Rage","floor":5.0},{"not_picked":["Feel No Pain","Searing Blow"],"picked":"Pommel Strike","floor":7.0},{"not_picked":["Searing Blow","Sword Boomerang"],"picked":"Second Wind","floor":8.0},{"not_picked":["True Grit","Dropkick"],"picked":"Spot Weakness","floor":12.0},{"not_picked":["Iron Wave","Flex"],"picked":"True Grit","floor":13.0},{"not_picked":["Fiend Fire","Dark Embrace"],"picked":"Offering","floor":16.0},{"not_picked":["Flex+1","Blood for Blood+1"],"picked":"Seeing Red","floor":18.0},{"not_picked":["Dropkick+1","True Grit"],"picked":"Infernal Blade","floor":21.0},{"not_picked":["Intimidate","Armaments"],"picked":"Pommel Strike","floor":22.0},{"not_picked":["Sever Soul","Battle Trance"],"picked":"Armaments+1","floor":24.0},{"not_picked":["Warcry","Thunderclap"],"picked":"Seeing Red+1","floor":28.0},{"not_picked":["Carnage","Headbutt+1"],"picked":"Reaper","floor":30.0},{"not_picked":["Flex","Infernal Blade+1"],"picked":"Shrug It Off+1","floor":31.0}],"player_experience":1433317,"relics_obtained":[],"event_choices":[{"damage_healed":0.0,"max_hp_gain":0.0,"max_hp_loss":0.0,"gold_gain":175.0,"event_name":"Liars Game","player_choice":"AGREE","floor":3.0,"gold_loss":0.0,"damage_taken":0.0,"cards_obtained":["Doubt"]},{"damage_healed":0.0,"max_hp_gain":0.0,"max_hp_loss":0.0,"gold_gain":0.0,"event_name":"Shining Light","player_choice":"Entered Light","floor":10.0,"gold_loss":0.0,"damage_taken":16.0,"cards_upgraded":["Strike_R","Second Wind"]},{"damage_healed":0.0,"max_hp_gain":0.0,"max_hp_loss":0.0,"gold_gain":0.0,"event_name":"Match and Keep!","player_choice":"0 cards matched","floor":20.0,"gold_loss":0.0,"damage_taken":0.0,"cards_obtained":[]},{"damage_healed":0.0,"max_hp_gain":0.0,"max_hp_loss":0.0,"gold_gain":0.0,"event_name":"The Woman in Blue","player_choice":"Bought 0 Potions","floor":25.0,"gold_loss":0.0,"damage_taken":0.0}],"is_beta":false,"boss_relics":[{"not_picked":["Calling Bell","Tiny House","Astrolabe"]}],"items_purged_floors":[19],"is_endless":false,"potions_floor_spawned":[2,7,18,22],"killed_by":"Collector","ascension_level":0}