{"gold_per_floor":[118,132,150,162,162,162,162,191,191,191,209,209,484,3,3,101,101,87,87,2,2,21,21,21],"floor_reached":24,"playtime":1106,"items_purged":["Regret"],"score":272,"play_id":"26f769bd-a1a2-4a6c-9648-dc06568b485f","local_time":"20190323124713","is_ascension_mode":true,"campfire_choices":[{"floor":6,"key":"REST"},{"floor":10,"key":"REST"},{"floor":12,"key":"REST"},{"floor":15,"key":"REST"},{"floor":23,"key":"DIG"}],"neow_cost":"NONE","seed_source_timestamp":275611533901251,"circlet_count":0,"master_deck":["Strike_B+1","Strike_B","Strike_B","Strike_B","Defend_B","Defend_B","Defend_B+1","Defend_B","Zap+1","Dualcast","Consume","Conserve Battery","Coolheaded","Stack","Coolheaded","Apotheosis","Capacitor","Core Surge","Amplify","Go for the Eyes","Loop","Self Repair+1"],"relics":["Cracked Core","Shovel","WingedGreaves","Snecko Eye","Prayer Wheel","Oddly Smooth Stone"],"potions_floor_usage":[8,11,19],"damage_taken":[{"damage":0,"enemies":"Small Slimes","floor":1,"turns":3},{"damage":4,"enemies":"Jaw Worm","floor":2,"turns":3},{"damage":1,"enemies":"Cultist","floor":3,"turns":3},{"damage":11,"enemies":"2 Fungi Beasts","floor":4,"turns":4},{"damage":51,"enemies":"Gremlin Nob","floor":8,"turns":5},{"damage":29,"enemies":"Large Slime","floor":11,"turns":7},{"damage":52,"enemies":"Hexaghost","floor":16,"turns":17},{"damage":17,"enemies":"2 Thieves","floor":18,"turns":4},{"damage":18,"enemies":"Colosseum Slavers","floor":19,"turns":7},{"damage":12,"enemies":"Chosen","floor":22,"turns":5},{"damage":48,"enemies":"Slavers","floor":24,"turns":2}],"seed_played":"8422725804273193263","potions_obtained":[{"floor":1,"key":"Swift Potion"},{"floor":11,"key":"Fruit Juice"},{"floor":16,"key":"FocusPotion"}],"is_trial":false,"path_per_floor":["M","M","M","M","?","R","?","E","T","R","M","R","?","$","R","B",null,"M","?","?","?","M","R","E"],"character_chosen":"DEFECT","items_purchased":["Apotheosis","Capacitor","Core Surge"],"campfire_rested":4,"item_purchase_floors":[14,14,14],"current_hp_per_floor":[68,64,63,52,37,59,64,13,13,37,13,38,38,38,63,11,67,50,32,32,60,48,48,0],"gold":21,"neow_bonus":"UPGRADE_CARD","is_prod":false,"is_daily":false,"chose_seed":false,"campfire_upgraded":0,"win_rate":0,"timestamp":1553366833,"path_taken":["M","M","M","M","?","R","?","E","T","R","M","R","?","$","R","BOSS","M","?","?","?","M","R","E"],"build_version":"2019-01-23","purchased_purges":1,"victory":false,"max_hp_per_floor":[75,75,75,75,75,75,80,80,80,80,85,85,85,85,85,85,85,85,85,85,85,85,85,85],"card_choices":[{"not_picked":["Gash","Steam"],"picked":"Consume","floor":1},{"not_picked":["Double Energy","Tempest"],"picked":"Conserve Battery","floor":2},{"not_picked":["White Noise","Stack"],"picked":"Coolheaded","floor":3},{"not_picked":["Static Discharge","Steam"],"picked":"Stack","floor":4},{"not_picked":["Streamline","Hello World","Steam"],"picked":"SKIP","floor":8},{"not_picked":["Storm","Turbo"],"picked":"Coolheaded","floor":11},{"not_picked":["Hyperbeam","Machine Learning"],"picked":"Amplify","floor":16},{"not_picked":["Coolheaded","Beam Cell"],"picked":"Go for the Eyes","floor":18},{"not_picked":["Leap","Turbo"],"picked":"Loop","floor":22},{"not_picked":["Stack","Hologram"],"picked":"Self Repair+1","floor":22}],"player_experience":1671554,"relics_obtained":[{"floor":8,"key":"Shovel"},{"floor":9,"key":"WingedGreaves"},{"floor":23,"key":"Oddly Smooth Stone"}],"event_choices":[{"damage_healed":0,"gold_gain":0,"player_choice":"Entered Light","damage_taken":15,"max_hp_gain":0,"max_hp_loss":0,"event_name":"Shining Light","floor":5,"gold_loss":0,"cards_upgraded":["Strike_B","Defend_B"]},{"damage_healed":0,"gold_gain":0,"player_choice":"Donut","damage_taken":0,"max_hp_gain":5,"max_hp_loss":0,"event_name":"Big Fish","floor":7,"gold_loss":0},{"damage_healed":0,"gold_gain":275,"player_choice":"Desecrate","damage_taken":0,"max_hp_gain":0,"max_hp_loss":0,"event_name":"Golden Shrine","floor":13,"gold_loss":0,"cards_obtained":["Regret"]},{"damage_healed":0,"gold_gain":0,"player_choice":"Fight","damage_taken":0,"max_hp_gain":0,"max_hp_loss":0,"event_name":"Colosseum","floor":19,"gold_loss":0},{"damage_healed":0,"gold_gain":0,"player_choice":"Fled From Nobs","damage_taken":0,"max_hp_gain":0,"max_hp_loss":0,"event_name":"Colosseum","floor":19,"gold_loss":0},{"damage_healed":0,"gold_gain":0,"player_choice":"Obtained Relic","damage_taken":0,"relics_obtained":["Prayer Wheel"],"max_hp_gain":0,"max_hp_loss":0,"event_name":"Addict","floor":20,"gold_loss":85},{"damage_healed":28,"gold_gain":0,"player_choice":"Heal","damage_taken":0,"max_hp_gain":0,"max_hp_loss":0,"event_name":"The Library","floor":21,"gold_loss":0}],"is_beta":false,"boss_relics":[{"not_picked":["Fusion Hammer","Calling Bell"],"picked":"Snecko Eye"}],"items_purged_floors":[14],"is_endless":false,"potions_floor_spawned":[1,11,16,19],"killed_by":"Slavers","ascension_level":8}