{"gold_per_floor":[115,133,133,133,133,167,182,208,208,208,208,223,72,122,122,224,224,243,243,173,173,173,173,189,189,189,189,189,203,203,236,236,331,331,346,346,346,366,421,421,441,441,524,536,564,592,615,224,224,224],"floor_reached":50,"playtime":2107,"items_purged":["Pain","Strike_B"],"score":615,"play_id":"0f84c1e0-48cc-4363-9ea1-3f81f0d73776","local_time":"20190318134327","is_ascension_mode":true,"campfire_choices":[{"floor":11,"key":"REST"},{"floor":15,"key":"REST"},{"floor":23,"key":"REST"},{"floor":25,"key":"REST"},{"floor":32,"key":"REST"},{"floor":40,"key":"REST"},{"floor":42,"key":"DIG"},{"floor":49,"key":"RECALL"}],"neow_cost":"NONE","seed_source_timestamp":222813371049557,"circlet_count":0,"master_deck":["Strike_B","Strike_B","Defend_B","Defend_B+1","Defend_B+1","Defend_B","Zap+1","Dualcast+1","Sunder","White Noise+1","Genetic Algorithm","White Noise","Genetic Algorithm","Biased Cognition","Defragment","RitualDagger","Melter","Core Surge","Doom and Gloom","Defragment"],"relics":["Cracked Core","NeowsBlessing","WarpedTongs","Ancient Tea Set","Kunai","Juzu Bracelet","Blood Vial","Nuclear Battery","Pear","Meat on the Bone","Busted Crown","Shovel","MawBank","Blue Candle","Bag of Preparation","War Paint"],"potions_floor_usage":[31,31,33,33,33,33,45,50,50],"damage_taken":[{"damage":0,"enemies":"Cultist","floor":1,"turns":1},{"damage":0,"enemies":"Jaw Worm","floor":2,"turns":1},{"damage":0,"enemies":"Lagavulin","floor":6,"turns":1},{"damage":2,"enemies":"2 Louse","floor":7,"turns":2},{"damage":41,"enemies":"3 Sentries","floor":8,"turns":7},{"damage":4,"enemies":"Looter","floor":12,"turns":2},{"damage":28,"enemies":"Slime Boss","floor":16,"turns":8},{"damage":17,"enemies":"Shell Parasite","floor":18,"turns":5},{"damage":16,"enemies":"Spheric Guardian","floor":24,"turns":4},{"damage":19,"enemies":"Shelled Parasite and Fungi","floor":29,"turns":4},{"damage":49,"enemies":"Slavers","floor":31,"turns":6},{"damage":43,"enemies":"Automaton","floor":33,"turns":8},{"damage":11,"enemies":"3 Shapes","floor":35,"turns":4},{"damage":44,"enemies":"3 Darklings","floor":38,"turns":4},{"damage":45,"enemies":"2 Orb Walkers","floor":39,"turns":4},{"damage":18,"enemies":"4 Shapes","floor":41,"turns":8},{"damage":0,"enemies":"Maw","floor":45,"turns":7},{"damage":2,"enemies":"Transient","floor":46,"turns":5},{"damage":36,"enemies":"3 Darklings","floor":47,"turns":5},{"damage":58,"enemies":"Donu and Deca","floor":50,"turns":5}],"seed_played":"-2244848966028782451","potions_obtained":[{"floor":6,"key":"LiquidBronze"},{"floor":7,"key":"FocusPotion"},{"floor":8,"key":"LiquidBronze"},{"floor":10,"key":"Dexterity Potion"},{"floor":10,"key":"Block Potion"},{"floor":31,"key":"EntropicBrew"},{"floor":33,"key":"FairyPotion"},{"floor":35,"key":"EssenceOfSteel"},{"floor":45,"key":"GamblersBrew"}],"is_trial":false,"path_per_floor":["M","?","?","?","M","?","T","?","?","?","$","?","?","?","?","?"],"character_chosen":"DEFECT","items_purchased":["Genetic Algorithm","Defragment","Bag of Preparation","War Paint"],"campfire_rested":6,"item_purchase_floors":[13,20,48,48],"current_hp_per_floor":[75,75,60,60,60,60,58,17,17,17,39,35,35,35,57,31,75,58,44,44,38,38,62,48,72,72,82,82,65,65,18,45,16,90,79,79,79,49,18,45,41,41,41,41,55,55,33,33,33,0],"gold":224,"neow_bonus":"THREE_ENEMY_KILL","is_prod":false,"is_daily":false,"chose_seed":false,"campfire_upgraded":0,"win_rate":0,"timestamp":1552931007,"path_taken":["M","?","?","?","?","E","?","E","T","?","R","M","$","?","R","BOSS","M","?","$","?","$","R","M","R","T","?","?","M","?","E","R","BOSS","M","?","?","M","?","R","M","R","T","?","M","M","M","$","R","BOSS"],"build_version":"2019-01-23","purchased_purges":2,"victory":false,"max_hp_per_floor":[75,75,75,75,75,75,75,75,75,75,75,75,75,75,75,75,75,75,80,80,80,80,80,80,80,80,90,90,90,90,90,90,90,90,90,90,90,90,90,90,90,90,90,90,90,90,90,90,90,90],"card_choices":[{"not_picked":["Redo","Steam","Stack"],"picked":"SKIP","floor":1},{"not_picked":["Force Field","Beam Cell","Chaos"],"picked":"SKIP","floor":2},{"not_picked":["Compile Driver","Double Energy"],"picked":"Sunder","floor":6},{"not_picked":["Reinforced Body","Fusion"],"picked":"White Noise","floor":7},{"not_picked":["Recycle","Storm"],"picked":"Genetic Algorithm","floor":8},{"not_picked":["Streamline","Turbo"],"picked":"White Noise","floor":12},{"not_picked":["All For One","Machine Learning"],"picked":"Biased Cognition","floor":16},{"not_picked":["Coolheaded","Recycle","Scrape"],"picked":"SKIP","floor":18},{"not_picked":["Reprogram+1","Gash","Beam Cell+1"],"picked":"SKIP","floor":24},{"not_picked":["Ball Lightning","Leap","Coolheaded"],"picked":"SKIP","floor":29},{"not_picked":["Gash","Double Energy"],"picked":"Core Surge","floor":31},{"not_picked":[],"picked":"Doom and Gloom","floor":35},{"not_picked":["Recycle"],"picked":"SKIP","floor":38},{"not_picked":["BootSequence"],"picked":"SKIP","floor":41},{"not_picked":["Cold Snap+1"],"picked":"SKIP","floor":45},{"not_picked":[],"picked":"Defragment","floor":46},{"not_picked":["Aggregate"],"picked":"SKIP","floor":47}],"player_experience":753252,"relics_obtained":[{"floor":6,"key":"Ancient Tea Set"},{"floor":8,"key":"Kunai"},{"floor":9,"key":"Juzu Bracelet"},{"floor":14,"key":"Blood Vial"},{"floor":31,"key":"Meat on the Bone"},{"floor":39,"key":"Shovel"},{"floor":42,"key":"MawBank"},{"floor":43,"key":"Blue Candle"}],"event_choices":[{"damage_healed":0,"gold_gain":0,"player_choice":"Entered Light","damage_taken":15,"max_hp_gain":0,"max_hp_loss":0,"event_name":"Shining Light","floor":3,"gold_loss":0,"cards_upgraded":["Defend_B","Dualcast"]},{"cards_removed":["Strike_B"],"damage_healed":0,"gold_gain":0,"player_choice":"Forget","damage_taken":0,"max_hp_gain":0,"max_hp_loss":0,"event_name":"Living Wall","floor":4,"gold_loss":0},{"damage_healed":0,"gold_gain":0,"player_choice":"Rummage","damage_taken":0,"relics_obtained":["WarpedTongs"],"max_hp_gain":0,"max_hp_loss":0,"event_name":"Accursed Blacksmith","floor":5,"gold_loss":0,"cards_obtained":["Pain"]},{"damage_healed":0,"gold_gain":0,"player_choice":"Got Potions","damage_taken":0,"max_hp_gain":0,"max_hp_loss":0,"event_name":"Lab","floor":10,"gold_loss":0},{"damage_healed":0,"gold_gain":0,"player_choice":"Shed Blood","damage_taken":19,"max_hp_gain":5,"max_hp_loss":0,"event_name":"Forgotten Altar","floor":19,"gold_loss":0},{"damage_healed":0,"gold_gain":0,"player_choice":"Joined the Cult","damage_taken":6,"max_hp_gain":0,"max_hp_loss":0,"event_name":"Nest","floor":21,"gold_loss":0,"cards_obtained":["RitualDagger"]},{"damage_healed":0,"gold_gain":0,"player_choice":"Opened","damage_taken":0,"relics_obtained":["Pear"],"max_hp_gain":0,"max_hp_loss":0,"event_name":"The Mausoleum","floor":27,"gold_loss":0},{"damage_healed":0,"gold_gain":0,"player_choice":"Read","damage_taken":0,"max_hp_gain":0,"max_hp_loss":0,"event_name":"The Library","floor":30,"gold_loss":0,"cards_obtained":["Melter"]},{"damage_healed":0,"gold_gain":0,"player_choice":"Upgraded","damage_taken":0,"max_hp_gain":0,"max_hp_loss":0,"event_name":"Upgrade Shrine","floor":36,"gold_loss":0,"cards_upgraded":["White Noise"]},{"damage_healed":0,"gold_gain":0,"player_choice":"0 cards matched","damage_taken":0,"max_hp_gain":0,"max_hp_loss":0,"event_name":"Match and Keep!","floor":37,"gold_loss":0,"cards_obtained":[]},{"damage_healed":0,"gold_gain":0,"player_choice":"Fight","damage_taken":0,"max_hp_gain":0,"max_hp_loss":0,"event_name":"Mysterious Sphere","floor":39,"gold_loss":0},{"damage_healed":0,"gold_gain":0,"player_choice":"Memory 1","damage_taken":0,"max_hp_gain":0,"max_hp_loss":0,"event_name":"SensoryStone","floor":44,"gold_loss":0}],"is_beta":false,"boss_relics":[{"not_picked":["Tiny House","Coffee Dripper"],"picked":"Nuclear Battery"},{"not_picked":["Philosopher\u0027s Stone","Lizard Tail"],"picked":"Busted Crown"}],"items_purged_floors":[13,48],"is_endless":false,"potions_floor_spawned":[6,7,8,12,16,24,31,33,35,38,45,46],"killed_by":"Donu and Deca","ascension_level":3}