{"gold_per_floor":[112,125,200,200,216,216,233,233,233,247,23,39,56,56,56,161,161,178,178,228,238,0,0,10,10,10,10,10,37,49,49,49,49],"floor_reached":33,"playtime":2500,"items_purged":[],"score":286,"play_id":"6893f036-613f-4529-8062-7a5ed3fa945d","local_time":"20190411100115","is_ascension_mode":true,"campfire_choices":[{"data":"Dualcast","floor":6,"key":"SMITH"},{"floor":8,"key":"REST"},{"data":"Forethought","floor":15,"key":"SMITH"},{"floor":23,"key":"REST"},{"floor":25,"key":"REST"},{"data":"White Noise","floor":28,"key":"SMITH"},{"floor":32,"key":"REST"}],"neow_cost":"NONE","seed_source_timestamp":80879683133700,"circlet_count":0,"master_deck":["Defend_B","Defend_B+1","Defend_B","Defend_B","Zap+1","Dualcast+1","Gash+1","Steam","Beam Cell","BootSequence","Leap","All For One","Forethought+1","Capacitor","Core Surge","Biased Cognition","Cold Snap","Darkness","White Noise+1","Coolheaded+1","Coolheaded+1","Bite","Bite","Bite","Bite","Bite"],"relics":["Cracked Core","Nuclear Battery","Frozen Egg 2","Centennial Puzzle"],"potions_floor_usage":[16,16,16,24],"damage_taken":[{"damage":0,"enemies":"Cultist","floor":1,"turns":3},{"damage":0,"enemies":"Small Slimes","floor":2,"turns":3},{"damage":0,"enemies":"2 Louse","floor":5,"turns":2},{"damage":10,"enemies":"Exordium Thugs","floor":7,"turns":4},{"damage":1,"enemies":"2 Fungi Beasts","floor":10,"turns":3},{"damage":0,"enemies":"Blue Slaver","floor":12,"turns":3},{"damage":0,"enemies":"3 Louse","floor":13,"turns":2},{"damage":40,"enemies":"Slime Boss","floor":16,"turns":10},{"damage":39,"enemies":"3 Byrds","floor":18,"turns":6},{"damage":20,"enemies":"2 Thieves","floor":21,"turns":4},{"damage":8,"enemies":"Centurion and Healer","floor":24,"turns":6},{"damage":31,"enemies":"Snake Plant","floor":30,"turns":6},{"damage":62,"enemies":"Automaton","floor":33,"turns":6}],"seed_played":"5121035824560163368","potions_obtained":[{"floor":7,"key":"SkillPotion"},{"floor":10,"key":"SpeedPotion"},{"floor":13,"key":"AttackPotion"},{"floor":21,"key":"PowerPotion"}],"is_trial":false,"path_per_floor":["M","M","?","?","M","R","M","R","T","M","$","M","M","?","R","B",null,"M","?","?","M","?","R","M","R","T","$","R","T","M","?","R","B"],"character_chosen":"DEFECT","items_purchased":["All For One","Forethought"],"campfire_rested":4,"item_purchase_floors":[11,11],"current_hp_per_floor":[75,75,64,49,49,49,39,61,61,60,60,60,60,60,60,20,75,36,36,36,16,16,38,30,52,52,52,52,52,21,21,36,0],"gold":49,"neow_bonus":"UPGRADE_CARD","is_prod":false,"is_daily":false,"chose_seed":false,"campfire_upgraded":3,"win_rate":0,"timestamp":1554991275,"path_taken":["M","?","?","?","M","R","M","R","T","M","$","M","?","?","R","BOSS","M","?","?","?","?","R","M","R","T","$","R","?","M","?","R","BOSS"],"build_version":"2019-01-23","purchased_purges":0,"victory":false,"max_hp_per_floor":[75,75,75,75,75,75,75,75,75,75,75,75,75,75,75,75,75,75,75,75,75,75,75,75,75,75,75,75,75,75,52,52,52],"card_choices":[{"not_picked":["Compile Driver","Turbo"],"picked":"Gash","floor":1},{"not_picked":["Fusion","Beam Cell"],"picked":"Steam","floor":2},{"not_picked":["Double Energy","Compile Driver"],"picked":"Beam Cell","floor":5},{"not_picked":["Aggregate","Reinforced Body"],"picked":"BootSequence","floor":7},{"not_picked":["Beam Cell","Steam"],"picked":"Leap","floor":10},{"not_picked":["Ball Lightning","Steam"],"picked":"Capacitor","floor":12},{"not_picked":["Scrape","Hello World"],"picked":"Core Surge","floor":13},{"not_picked":["Rainbow","Hyperbeam"],"picked":"Biased Cognition","floor":16},{"not_picked":["Sweeping Beam","Barrage"],"picked":"Cold Snap","floor":18},{"not_picked":["Tempest","Static Discharge","Double Energy"],"picked":"SKIP","floor":21},{"not_picked":["Sweeping Beam","Hologram"],"picked":"Coolheaded+1","floor":24},{"not_picked":["Conserve Battery","Stack"],"picked":"Coolheaded+1","floor":30}],"player_experience":322055,"relics_obtained":[{"floor":26,"key":"Frozen Egg 2"},{"floor":29,"key":"Centennial Puzzle"}],"event_choices":[{"damage_healed":0,"gold_gain":75,"player_choice":"Gather Gold","damage_taken":11,"max_hp_gain":0,"max_hp_loss":0,"event_name":"World of Goop","floor":3,"gold_loss":0},{"damage_healed":0,"gold_gain":0,"player_choice":"Entered Light","damage_taken":15,"max_hp_gain":0,"max_hp_loss":0,"event_name":"Shining Light","floor":4,"gold_loss":0,"cards_upgraded":["Defend_B","Gash"]},{"damage_healed":0,"gold_gain":0,"player_choice":"Ignored","damage_taken":0,"max_hp_gain":0,"max_hp_loss":0,"event_name":"Liars Game","floor":14,"gold_loss":0},{"damage_healed":0,"gold_gain":0,"cards_transformed":["Strike_B","Strike_B"],"player_choice":"Became Test Subject","damage_taken":0,"max_hp_gain":0,"max_hp_loss":0,"event_name":"Drug Dealer","floor":19,"gold_loss":0,"cards_obtained":["Darkness","White Noise"]},{"damage_healed":0,"gold_gain":100,"player_choice":"Bet on Murderer","damage_taken":0,"max_hp_gain":0,"max_hp_loss":0,"event_name":"The Joust","floor":20,"gold_loss":50},{"damage_healed":0,"gold_gain":0,"player_choice":"Paid Fearfully","damage_taken":0,"max_hp_gain":0,"max_hp_loss":0,"event_name":"Masked Bandits","floor":22,"gold_loss":238},{"damage_healed":0,"gold_gain":0,"player_choice":"Became a vampire","damage_taken":0,"max_hp_gain":0,"max_hp_loss":23,"event_name":"Vampires","floor":31,"gold_loss":0,"cards_obtained":["Bite","Bite","Bite","Bite","Bite"]}],"is_beta":false,"boss_relics":[{"not_picked":["Sozu","Tiny House"],"picked":"Nuclear Battery"}],"items_purged_floors":[],"is_endless":false,"potions_floor_spawned":[7,10,13,21],"killed_by":"Automaton","ascension_level":2}