{"gold_per_floor":[112,112,82,82,100,133,143,143,143,143,173,193,468,501,501,501],"floor_reached":16,"playtime":509,"items_purged":[],"score":142,"play_id":"2807c944-918f-4586-9e07-9c41c9fc652e","local_time":"20180922165935","is_ascension_mode":true,"campfire_choices":[{"floor":8,"key":"REST"},{"data":"Armaments","floor":15,"key":"SMITH"}],"neow_cost":"NONE","seed_source_timestamp":775153060118557,"circlet_count":0,"master_deck":["Strike_R+1","Strike_R+1","Strike_R","Strike_R","Defend_R","Defend_R","Defend_R","Defend_R","Bash+1","Shrug It Off","Headbutt","Twin Strike","Flame Barrier","Flex","Heavy Blade","Cleave","Rage","Regret","Armaments+1"],"relics":["Burning Blood","Dream Catcher","Darkstone Periapt","Anchor","Matryoshka"],"potions_floor_usage":[6,6,11,14,16],"damage_taken":[{"damage":3,"enemies":"Jaw Worm","floor":1,"turns":4},{"damage":0,"enemies":"2 Louse","floor":5,"turns":2},{"damage":27,"enemies":"Lagavulin","floor":6,"turns":6},{"damage":0,"enemies":"Cultist","floor":7,"turns":4},{"damage":18,"enemies":"Gremlin Nob","floor":11,"turns":4},{"damage":0,"enemies":"Exordium Wildlife","floor":12,"turns":3},{"damage":24,"enemies":"Lagavulin","floor":14,"turns":4},{"damage":65,"enemies":"Hexaghost","floor":16,"turns":11}],"seed_played":"6361675968443920826","potions_obtained":[{"floor":1,"key":"Dexterity Potion"},{"floor":3,"key":"EssenceOfSteel"},{"floor":3,"key":"SteroidPotion"},{"floor":6,"key":"PowerPotion"},{"floor":12,"key":"GamblersBrew"}],"is_trial":false,"path_per_floor":["M","?","?","?","M","E","M","R","T","$","E","M","?","E","R"],"character_chosen":"IRONCLAD","items_purchased":[],"campfire_rested":1,"item_purchase_floors":[],"current_hp_per_floor":[80,64,64,64,70,49,55,79,79,79,67,73,79,61,61,0],"gold":501,"neow_bonus":"UPGRADE_CARD","is_prod":false,"is_daily":false,"chose_seed":false,"campfire_upgraded":1,"win_rate":0,"timestamp":1537657175,"path_taken":["M","?","?","?","M","E","?","R","T","$","E","M","?","E","R","BOSS"],"build_version":"2018-09-20","purchased_purges":0,"victory":false,"max_hp_per_floor":[80,80,80,80,80,80,80,80,80,80,80,80,86,86,86,86],"card_choices":[{"not_picked":["Disarm","Carnage"],"picked":"Shrug It Off","floor":1},{"not_picked":["Burning Pact","Battle Trance"],"picked":"Twin Strike","floor":5},{"not_picked":["Shockwave","Reckless Charge"],"picked":"Flame Barrier","floor":6},{"not_picked":["Body Slam","Pummel"],"picked":"Flex","floor":7},{"not_picked":["Clothesline","Perfected Strike"],"picked":"Heavy Blade","floor":8},{"not_picked":["Fiend Fire","Dual Wield"],"picked":"Cleave","floor":11},{"not_picked":["Reckless Charge","Heavy Blade"],"picked":"Rage","floor":12},{"not_picked":["Carnage","Havoc"],"picked":"Armaments","floor":14}],"player_experience":558003,"relics_obtained":[{"floor":6,"key":"Dream Catcher"},{"floor":9,"key":"Darkstone Periapt"},{"floor":11,"key":"Anchor"},{"floor":14,"key":"Matryoshka"}],"event_choices":[{"event_name":"Shining Light","player_choice":"Entered Light","floor":2,"damage_taken":0},{"event_name":"The Woman in Blue","player_choice":"Bought 2 Potions","floor":3,"damage_taken":0},{"event_name":"Living Wall","player_choice":"Change","floor":4,"damage_taken":0},{"event_name":"Golden Shrine","player_choice":"Desecrate","floor":13,"damage_taken":0}],"is_beta":false,"boss_relics":[],"items_purged_floors":[],"is_endless":false,"potions_floor_spawned":[1,6,12],"killed_by":"Hexaghost","ascension_level":4}