{"gold_per_floor":[114,189,204,219,234,264,264,279,279,294,309,324,374,549,549,649,649,664,56,56,56,71,71,86,86,111,26,41,56,71,86,86,186,186,201,201,216,78,0,0,0,15,15,15,15,30,90,105,105,105],"floor_reached":50,"playtime":2885,"items_purged":[],"score":835,"play_id":"709a3193-438e-4081-bbaf-75037f6a2d9e","local_time":"20180819205030","daily_mods":["Brewmaster","Cursed Run","Lethality"],"is_ascension_mode":false,"campfire_choices":[{"floor":7,"key":"REST"},{"floor":15,"key":"REST"},{"data":"Static Discharge","floor":23,"key":"SMITH"},{"floor":25,"key":"REST"},{"floor":32,"key":"REST"},{"floor":41,"key":"REST"},{"floor":44,"key":"REST"},{"floor":49,"key":"REST"}],"neow_cost":"","seed_source_timestamp":230923502000352,"circlet_count":0,"master_deck":["Zap","Dualcast","Venomology","Venomology","Venomology","Venomology","Coolheaded","Shame","Beam Cell+1","Streamline+1","Ball Lightning+1","Ball Lightning+1","Streamline+1","Normality","Go for the Eyes+1","Storm","Conserve Battery","Doubt","Injury","All For One+1","Cold Snap+1","BootSequence","Static Discharge+1","Capacitor","Go for the Eyes+1","Steam+1","Defragment","Conserve Battery","Forethought","Stack","Glacier","Regret","Stack","Chill","Ball Lightning+1","Go for the Eyes+1","Normality","Reboot","Steam","Streamline+1","Turbo","Double Energy","Capacitor","Conserve Battery","Go for the Eyes+1","Consume","Coolheaded","Go for the Eyes+1","Rebound+1","Coolheaded","Heatsinks","Aggregate+1","Shame","Writhe","Compile Driver+1","Sweeping Beam+1","Leap+1"],"special_seed":17763,"relics":["Cursed Key","Darkstone Periapt","Du-Vu Doll","White Beast Statue","Molten Egg 2","Blood Vial","Smiling Mask","Orrery","Potion Belt","Blue Candle","Nilry\u0027s Codex","Oddly Smooth Stone","Strawberry","Pandora\u0027s Box","Red Mask","Singing Bowl","Tiny Chest"],"potions_floor_usage":[1,3,3,5,5,5,5,5,6,6,6,6,8,8,10,10,10,11,16,16,18,24,24,24,28,29,29,30,31,31,33,33,33,33,33,33,37,40,40,40,40,40,42,42,47,47,47,47,48,48,50,50,50],"damage_taken":[{"damage":0,"enemies":"Cultist","floor":1,"turns":3},{"damage":0,"enemies":"Small Slimes","floor":3,"turns":3},{"damage":5,"enemies":"2 Louse","floor":4,"turns":2},{"damage":11,"enemies":"2 Fungi Beasts","floor":5,"turns":3},{"damage":16,"enemies":"Lagavulin","floor":6,"turns":3},{"damage":0,"enemies":"Large Slime","floor":8,"turns":3},{"damage":3,"enemies":"3 Louse","floor":10,"turns":2},{"damage":13,"enemies":"Looter","floor":11,"turns":2},{"damage":15,"enemies":"Lots of Slimes","floor":12,"turns":3},{"damage":0,"enemies":"Slime Boss","floor":16,"turns":4},{"damage":6,"enemies":"Spheric Guardian","floor":18,"turns":3},{"damage":2,"enemies":"Chosen","floor":22,"turns":3},{"damage":31,"enemies":"Centurion and Healer","floor":24,"turns":7},{"damage":29,"enemies":"Snecko","floor":28,"turns":6},{"damage":5,"enemies":"Cultist and Chosen","floor":29,"turns":3},{"damage":0,"enemies":"Centurion and Healer","floor":30,"turns":2},{"damage":17,"enemies":"Chosen and Byrds","floor":31,"turns":4},{"damage":20,"enemies":"Collector","floor":33,"turns":9},{"damage":13,"enemies":"Orb Walker","floor":35,"turns":4},{"damage":19,"enemies":"3 Darklings","floor":37,"turns":9},{"damage":82,"enemies":"2 Orb Walkers","floor":40,"turns":5},{"damage":29,"enemies":"Spire Growth","floor":42,"turns":3},{"damage":51,"enemies":"Sphere and 2 Shapes","floor":46,"turns":4},{"damage":42,"enemies":"Giant Head","floor":47,"turns":8},{"damage":12,"enemies":"Flame Bruiser 2 Orb","floor":48,"turns":7},{"damage":94,"enemies":"Awakened One","floor":50,"turns":5}],"seed_played":"2261956990400884625","potions_obtained":[{"floor":1,"key":"Energy Potion"},{"floor":3,"key":"Strength Potion"},{"floor":4,"key":"FocusPotion"},{"floor":5,"key":"Strength Potion"},{"floor":6,"key":"SteroidPotion"},{"floor":10,"key":"Energy Potion"},{"floor":11,"key":"PowerPotion"},{"floor":12,"key":"SkillPotion"},{"floor":16,"key":"Explosive Potion"},{"floor":18,"key":"Poison Potion"},{"floor":21,"key":"Energy Potion"},{"floor":21,"key":"Strength Potion"},{"floor":22,"key":"Weak Potion"},{"floor":24,"key":"FearPotion"},{"floor":28,"key":"SkillPotion"},{"floor":29,"key":"Swift Potion"},{"floor":30,"key":"LiquidBronze"},{"floor":31,"key":"Poison Potion"},{"floor":33,"key":"Regen Potion"},{"floor":35,"key":"Ancient Potion"},{"floor":37,"key":"FearPotion"},{"floor":42,"key":"AttackPotion"},{"floor":46,"key":"Poison Potion"},{"floor":47,"key":"Regen Potion"},{"floor":48,"key":"GamblersBrew"}],"is_trial":false,"path_per_floor":["M","T","M","M","M","E","R","M","T","M","M","M","?","?","R","B",null,"M","$","?","?","M","R","M","R","T","?","M","M","M","M","R","B",null,"M","?","M","$","?","E","R","M","T","R","?","M","E","M","R"],"character_chosen":"DEFECT","items_purchased":["Defragment","Potion Belt","Blue Candle","Conserve Battery","Forethought","Rebound+1","Coolheaded","Heatsinks"],"campfire_rested":7,"item_purchase_floors":[19,19,19,19,19,38,38,38],"current_hp_per_floor":[75,81,81,76,65,49,73,75,81,80,69,56,56,62,89,97,99,93,93,77,77,77,77,48,77,83,90,63,60,62,47,80,68,118,105,105,88,88,88,8,43,25,31,68,105,56,16,21,60,0],"gold":105,"neow_bonus":"","is_prod":false,"is_daily":true,"chose_seed":false,"campfire_upgraded":1,"win_rate":0,"timestamp":1534733430,"path_taken":["M","?","M","M","?","E","R","?","T","M","M","M","?","?","R","BOSS","M","$","?","?","M","R","M","R","T","?","M","?","M","?","R","BOSS","M","?","?","$","?","E","R","M","T","R","?","?","E","M","R","BOSS"],"build_version":"2018-08-16","purchased_purges":0,"victory":false,"max_hp_per_floor":[75,81,81,81,81,81,81,81,87,87,87,87,87,93,93,99,99,99,99,99,99,99,99,99,99,105,112,112,112,112,112,112,118,118,118,118,118,118,118,118,118,118,124,124,130,130,130,130,130,130],"card_choices":[{"not_picked":["Skim","Blizzard"],"picked":"Coolheaded","floor":1},{"not_picked":["Leap","Doom and Gloom+1"],"picked":"Beam Cell+1","floor":3},{"not_picked":["FTL+1","Recycle"],"picked":"Streamline+1","floor":4},{"not_picked":["Recycle","Sweeping Beam+1"],"picked":"Ball Lightning+1","floor":5},{"not_picked":["Fusion","Stack"],"picked":"Ball Lightning+1","floor":6},{"not_picked":["Rebound+1","Aggregate"],"picked":"Streamline+1","floor":8},{"not_picked":["Barrage+1","Doom and Gloom+1"],"picked":"Go for the Eyes+1","floor":10},{"not_picked":["Amplify","Leap"],"picked":"Storm","floor":11},{"not_picked":["Turbo","Glacier"],"picked":"Conserve Battery","floor":12},{"not_picked":["Biased Cognition","Hyperbeam+1"],"picked":"All For One+1","floor":16},{"not_picked":["Go for the Eyes+1","Melter+1"],"picked":"Cold Snap+1","floor":17},{"not_picked":["Tempest","Scrape+1"],"picked":"BootSequence","floor":17},{"not_picked":["Storm","Steam"],"picked":"Static Discharge","floor":17},{"not_picked":["Compile Driver+1","Leap"],"picked":"Capacitor","floor":17},{"not_picked":["Compile Driver+1","Turbo"],"picked":"Go for the Eyes+1","floor":17},{"not_picked":["Coolheaded+1","BootSequence+1"],"picked":"Steam+1","floor":18},{"not_picked":["Blizzard+1","Heatsinks"],"picked":"Stack","floor":22},{"not_picked":["Lockon+1","Skim+1"],"picked":"Glacier","floor":24},{"not_picked":["FTL+1","Hologram+1"],"picked":"Stack","floor":28},{"not_picked":["Double Energy","Turbo+1"],"picked":"Chill","floor":29},{"not_picked":["Redo+1","Conserve Battery+1"],"picked":"Ball Lightning+1","floor":30},{"not_picked":["Reinforced Body","Machine Learning"],"picked":"Go for the Eyes+1","floor":31},{"not_picked":["Buffer","Amplify"],"picked":"Reboot","floor":33},{"not_picked":["Auto Shields","Compile Driver+1"],"picked":"Coolheaded","floor":35},{"not_picked":["Gash+1","Hologram"],"picked":"Go for the Eyes+1","floor":37},{"not_picked":["Streamline+1","Go for the Eyes+1"],"picked":"Aggregate+1","floor":42},{"not_picked":["Fusion+1","Beam Cell+1"],"picked":"Compile Driver+1","floor":46},{"not_picked":["Echo Form","Coolheaded"],"picked":"Sweeping Beam+1","floor":47},{"not_picked":["Conserve Battery","Undo"],"picked":"Leap+1","floor":48}],"player_experience":267292,"relics_obtained":[{"floor":2,"key":"Molten Egg 2"},{"floor":6,"key":"Blood Vial"},{"floor":9,"key":"Smiling Mask"},{"floor":20,"key":"Nilry\u0027s Codex"},{"floor":26,"key":"Oddly Smooth Stone"},{"floor":43,"key":"Singing Bowl"},{"floor":47,"key":"Tiny Chest"}],"event_choices":[{"event_name":"Golden Wing","player_choice":"Gained Gold","floor":13,"damage_taken":0},{"event_name":"Liars Game","player_choice":"agreed","floor":14,"damage_taken":0},{"event_name":"Cursed Tome","player_choice":"Obtained Book","floor":20,"damage_taken":0},{"event_name":"The Lab","player_choice":"Got Potions","floor":21,"damage_taken":0},{"event_name":"Addict","player_choice":"Obtained Relic","floor":27,"damage_taken":0},{"event_name":"Falling","player_choice":"Removed Skill","floor":36,"damage_taken":0},{"event_name":"Tomb of Lord Red Mask","player_choice":"Paid","floor":39,"damage_taken":0},{"event_name":"Winding Halls","player_choice":"Writhe","floor":45,"damage_taken":0}],"is_beta":false,"boss_relics":[{"not_picked":["Ectoplasm","Tiny House"],"picked":"Orrery"},{"not_picked":["Inserter","Busted Crown"],"picked":"Pandora\u0027s Box"}],"items_purged_floors":[],"is_endless":false,"potions_floor_spawned":[1,3,4,5,6,8,10,11,12,16,18,22,24,28,29,30,31,33,35,37,40,42,46,47,48],"killed_by":"Awakened One","ascension_level":0}