{"gold_per_floor":[114,129,144,319,319,349,364,10,10,25,25,25,40,40,40,140,140,155,155,155,10,10,70,70,85,110,110,140,155,170,170,170,270,270,285,285,300,300,315,315,345,56,81,96,121,151,151,151,151,151],"floor_reached":50,"playtime":2263,"items_purged":["Decay"],"score":713,"play_id":"22b6d007-ec3b-4ea4-813e-8e6d063d2360","local_time":"20180904003008","daily_mods":["Specialized","Time Dilation","Night Terrors"],"is_ascension_mode":false,"campfire_choices":[{"floor":15,"key":"REST"},{"floor":24,"key":"REST"},{"data":"Expertise","floor":27,"key":"SMITH"},{"data":"Blade Dance","floor":32,"key":"SMITH"},{"data":"Madness","floor":40,"key":"SMITH"},{"data":"Footwork","floor":47,"key":"SMITH"},{"data":"Dark Shackles","floor":49,"key":"SMITH"}],"neow_cost":"","seed_source_timestamp":0,"circlet_count":0,"master_deck":["Defend_G+1","Defend_G+1","Defend_G+1","Defend_G+1","Defend_G+1","Strike_G+1","Strike_G+1","Strike_G+1","Strike_G+1","Strike_G+1","Survivor+1","Neutralize+1","Adrenaline+1","Adrenaline+1","Adrenaline+1","Adrenaline+1","Adrenaline+1","Dagger Spray+1","Bouncing Flask+1","Burst+1","Cloak And Dagger+1","Cloak And Dagger+1","Infinite Blades+1","Prepared+1","Backstab+1","Infinite Blades+1","Burst+1","Bane+1","Necronomicurse","Enlightenment+1","Sucker Punch+1","Finisher+1","Expertise+1","Die Die Die+1","Finisher+1","Blade Dance+1","After Image+1","Outmaneuver+1","Flechettes","Madness+1","Madness","Blade Dance+1","Dagger Spray+1","Mind Blast","Bullet Time","Distraction","Footwork+1","Accuracy+1","Dark Shackles+1"],"special_seed":17778,"relics":["Ring of the Serpent","Sundial","Oddly Smooth Stone","Ninja Scroll","Snecko Eye","Necronomicon","MutagenicStrength","Tiny Chest","Lantern","Boot","Meat on the Bone","Mark of the Bloom","Bag of Preparation","Art of War","Strawberry","Centennial Puzzle"],"potions_floor_usage":[7,13,28,30,33,33,33,39,41],"damage_taken":[{"damage":0,"enemies":"Cultist","floor":1,"turns":1},{"damage":0,"enemies":"2 Louse","floor":2,"turns":1},{"damage":0,"enemies":"Small Slimes","floor":3,"turns":1},{"damage":10,"enemies":"Lagavulin","floor":6,"turns":4},{"damage":0,"enemies":"2 Fungi Beasts","floor":7,"turns":1},{"damage":0,"enemies":"Looter","floor":10,"turns":1},{"damage":0,"enemies":"3 Louse","floor":13,"turns":1},{"damage":0,"enemies":"Slime Boss","floor":16,"turns":5},{"damage":0,"enemies":"Chosen","floor":18,"turns":3},{"damage":0,"enemies":"Colosseum Slavers","floor":22,"turns":1},{"damage":20,"enemies":"Book of Stabbing","floor":23,"turns":3},{"damage":10,"enemies":"3 Byrds","floor":25,"turns":4},{"damage":0,"enemies":"Gremlin Leader","floor":28,"turns":1},{"damage":6,"enemies":"Centurion and Healer","floor":29,"turns":4},{"damage":0,"enemies":"Shelled Parasite and Fungi","floor":30,"turns":1},{"damage":37,"enemies":"Automaton","floor":33,"turns":7},{"damage":0,"enemies":"3 Shapes","floor":35,"turns":2},{"damage":13,"enemies":"Orb Walker","floor":37,"turns":3},{"damage":0,"enemies":"Maw","floor":39,"turns":2},{"damage":29,"enemies":"Giant Head","floor":41,"turns":7},{"damage":0,"enemies":"Transient","floor":44,"turns":5},{"damage":5,"enemies":"2 Orb Walkers","floor":46,"turns":3},{"damage":7,"enemies":"Awakened One","floor":50,"turns":1}],"seed_played":"899177994719070386","potions_obtained":[{"floor":1,"key":"Regen Potion"},{"floor":2,"key":"FearPotion"},{"floor":3,"key":"Explosive Potion"},{"floor":10,"key":"GhostInAJar"},{"floor":18,"key":"Dexterity Potion"},{"floor":28,"key":"AttackPotion"},{"floor":30,"key":"AttackPotion"},{"floor":37,"key":"GamblersBrew"},{"floor":39,"key":"SkillPotion"}],"is_trial":false,"path_per_floor":["M","M","M","?","?","E","M","$","T","M","?","?","M","$","R","B",null,"M","?","?","$","?","E","R","M","T","R","E","M","M","T","R","B",null,"M","?","M","?","M","R","E","$","T","M","T","E","R","?","R"],"character_chosen":"THE_SILENT","items_purchased":["Infinite Blades","Prepared","Oddly Smooth Stone","Enlightenment","Sucker Punch","Mind Blast","Bullet Time","Distraction"],"campfire_rested":2,"item_purchase_floors":[8,8,8,21,21,42,42,42],"current_hp_per_floor":[70,70,70,70,70,60,60,60,60,60,46,46,46,46,65,65,65,65,49,49,49,49,29,60,50,50,50,50,44,44,44,44,19,60,60,60,47,39,39,39,10,10,10,10,10,5,5,5,5,0],"gold":151,"neow_bonus":"","is_prod":false,"is_daily":true,"chose_seed":false,"campfire_upgraded":5,"win_rate":0,"timestamp":1536042608,"path_taken":["M","?","M","?","?","E","M","$","T","M","?","?","?","?","R","BOSS","M","?","?","?","?","E","R","M","T","R","E","M","?","?","R","BOSS","M","?","?","?","?","R","E","$","T","M","?","E","R","?","R","BOSS"],"build_version":"2018-08-30","purchased_purges":1,"victory":false,"max_hp_per_floor":[70,70,70,70,70,70,70,70,70,70,70,70,70,70,65,65,65,65,65,65,65,65,65,60,60,60,60,60,60,60,60,60,60,60,60,60,60,60,60,60,60,60,60,60,67,67,67,67,67,67],"card_choices":[{"not_picked":["PiercingWail","Reflex"],"picked":"Dagger Spray","floor":1},{"not_picked":["Outmaneuver","Underhanded Strike"],"picked":"Bouncing Flask","floor":2},{"not_picked":["Poisoned Stab","Finisher"],"picked":"Burst","floor":3},{"not_picked":["Dagger Spray","Skewer"],"picked":"Cloak And Dagger","floor":6},{"not_picked":["Prepared","Terror"],"picked":"Cloak And Dagger","floor":7},{"not_picked":["Slice","Flying Knee"],"picked":"Backstab","floor":10},{"not_picked":["Acrobatics","Crippling Poison"],"picked":"Infinite Blades","floor":13},{"not_picked":["Unload","Grand Finale"],"picked":"Burst","floor":16},{"not_picked":["Deflect","Eviscerate"],"picked":"Bane+1","floor":18},{"not_picked":["Venomology","Distraction"],"picked":"Finisher+1","floor":23},{"not_picked":["All Out Attack","Reflex"],"picked":"Expertise","floor":25},{"not_picked":["Underhanded Strike","Deflect"],"picked":"Die Die Die","floor":28},{"not_picked":["All Out Attack","Underhanded Strike"],"picked":"Finisher","floor":29},{"not_picked":["Setup","Prepared"],"picked":"Blade Dance","floor":30},{"not_picked":["Malaise","Corpse Explosion"],"picked":"After Image","floor":33},{"not_picked":["Slice","Underhanded Strike+1"],"picked":"Outmaneuver","floor":35},{"not_picked":["Outmaneuver+1","Poisoned Stab"],"picked":"Flechettes","floor":37},{"not_picked":["Skewer+1","Flying Knee+1"],"picked":"Blade Dance+1","floor":39},{"not_picked":["Deflect","Choke"],"picked":"Dagger Spray+1","floor":41},{"not_picked":["Well Laid Plans+1","Backflip"],"picked":"Footwork","floor":44},{"not_picked":["Flying Knee+1","Glass Knife"],"picked":"Accuracy+1","floor":46},{"not_picked":["Trip","Forethought"],"picked":"Dark Shackles","floor":48}],"player_experience":458495,"relics_obtained":[{"floor":6,"key":"Sundial"},{"floor":9,"key":"Ninja Scroll"},{"floor":19,"key":"Necronomicon"},{"floor":23,"key":"Tiny Chest"},{"floor":26,"key":"Lantern"},{"floor":28,"key":"Boot"},{"floor":31,"key":"Meat on the Bone"},{"floor":41,"key":"Bag of Preparation"},{"floor":43,"key":"Art of War"},{"floor":45,"key":"Strawberry"},{"floor":46,"key":"Centennial Puzzle"}],"event_choices":[{"event_name":"Liars Game","player_choice":"agreed","floor":4,"damage_taken":0},{"event_name":"Living Wall","player_choice":"Change","floor":5,"damage_taken":0},{"event_name":"Shining Light","player_choice":"Entered Light","floor":11,"damage_taken":0},{"event_name":"Accursed Blacksmith","player_choice":"Forge","floor":12,"damage_taken":0},{"event_name":"Cursed Tome","player_choice":"Obtained Book","floor":19,"damage_taken":0},{"event_name":"Drug Dealer","player_choice":"Inject Mutagens","floor":20,"damage_taken":0},{"event_name":"Colosseum","player_choice":"Fight","floor":22,"damage_taken":0},{"event_name":"Colosseum","player_choice":"Fled From Nobs","floor":22,"damage_taken":0},{"event_name":"MindBloom","player_choice":"Upgrade","floor":36,"damage_taken":0},{"event_name":"Winding Halls","player_choice":"Embrace Madness","floor":38,"damage_taken":0},{"event_name":"SensoryStone","player_choice":"Memory 1","floor":48,"damage_taken":0}],"is_beta":false,"boss_relics":[{"not_picked":["Runic Dome","Velvet Choker"],"picked":"Snecko Eye"},{"not_picked":["Calling Bell","Pandora\u0027s Box"],"picked":"Ring of the Serpent"}],"items_purged_floors":[8],"is_endless":false,"potions_floor_spawned":[1,2,3,10,18,28,30,37,39],"killed_by":"Awakened One","ascension_level":0}