{"gold_per_floor":[118,193,213,213,229,229,258,208,208,90,90,15,15,26,26,127,127,139,153,170,170,80,80,105,105,105,105,137,155,155],"floor_reached":30,"playtime":2017,"items_purged":["Strike_G"],"score":451,"play_id":"a27e54c0-576a-490d-b2b6-bb09896f8a9b","local_time":"20190213233431","is_ascension_mode":true,"campfire_choices":[{"data":"Neutralize","floor":6.0,"key":"SMITH"},{"data":"Noxious Fumes","floor":11.0,"key":"SMITH"},{"data":"Dash","floor":13.0,"key":"SMITH"},{"data":"Catalyst","floor":15.0,"key":"SMITH"},{"data":"Concentrate","floor":23.0,"key":"SMITH"},{"floor":25.0,"key":"REST"},{"data":"Night Terror","floor":27.0,"key":"SMITH"}],"neow_cost":"NONE","seed_source_timestamp":967517644011807,"circlet_count":0,"master_deck":["AscendersBane","Defend_G","Defend_G","Defend_G","Defend_G","Defend_G+1","Strike_G","Strike_G","Survivor","Neutralize+1","Underhanded Strike","Dash+1","Acrobatics","Noxious Fumes+1","Catalyst+1","Night Terror+1","Setup","Setup+1","Dodge and Roll+1","Concentrate+1","Flechettes+1","Calculated Gamble"],"special_seed":0,"relics":["Runic Pyramid","Bottled Flame","Molten Egg 2","Black Star","Centennial Puzzle","Ginger","Blue Candle","Frozen Egg 2","Art of War"],"potions_floor_usage":[],"damage_taken":[{"damage":0.0,"enemies":"2 Louse","floor":1.0,"turns":3.0},{"damage":0.0,"enemies":"Small Slimes","floor":3.0,"turns":4.0},{"damage":0.0,"enemies":"Cultist","floor":5.0,"turns":3.0},{"damage":14.0,"enemies":"3 Sentries","floor":7.0,"turns":9.0},{"damage":3.0,"enemies":"Lots of Slimes","floor":14.0,"turns":5.0},{"damage":8.0,"enemies":"The Guardian","floor":16.0,"turns":11.0},{"damage":22.0,"enemies":"3 Byrds","floor":18.0,"turns":5.0},{"damage":3.0,"enemies":"Chosen","floor":19.0,"turns":5.0},{"damage":10.0,"enemies":"Centurion and Healer","floor":20.0,"turns":6.0},{"damage":39.0,"enemies":"Slavers","floor":24.0,"turns":8.0},{"damage":18.0,"enemies":"Gremlin Leader","floor":28.0,"turns":4.0},{"damage":8,"enemies":"Snake Plant","floor":29,"turns":5},{"damage":21,"enemies":"Snecko","floor":30,"turns":4}],"seed_played":"1149410279206859836","potions_obtained":[{"floor":1.0,"key":"Fire Potion"},{"floor":14.0,"key":"FearPotion"},{"floor":18.0,"key":"Regen Potion"},{"floor":19.0,"key":"Block Potion"},{"floor":20.0,"key":"Swift Potion"},{"floor":24.0,"key":"Fire Potion"}],"is_trial":false,"path_per_floor":["M","?","M","?","M","R","E","?","T","$","R","$","R","M","R","B",null,"M","M","M","?","?","R","E","R","T","R","E","M","M"],"character_chosen":"THE_SILENT","items_purchased":["Noxious Fumes","Catalyst"],"campfire_rested":1,"item_purchase_floors":[10,10],"current_hp_per_floor":[63,52,52,57,57,57,43,43,43,43,43,43,43,40,40,32,64,42,39,29,29,29,29,5,27,27,27,9,1,0],"gold":155,"neow_bonus":"BOSS_RELIC","is_prod":false,"is_daily":false,"chose_seed":false,"campfire_upgraded":6,"win_rate":0,"timestamp":1550129671,"path_taken":["M","?","M","?","M","R","E","?","T","$","R","$","R","M","R","BOSS","M","M","M","?","?","R","E","R","T","R","E","M","M"],"build_version":"2019-01-23","purchased_purges":1,"victory":false,"max_hp_per_floor":[70,70,70,75,75,75,75,75,75,75,75,75,75,75,75,75,75,75,75,75,75,75,75,75,75,75,75,75,75,75],"card_choices":[{"not_picked":["Eviscerate","Expertise"],"picked":"Underhanded Strike","floor":1.0},{"not_picked":["Dodge and Roll","Flying Knee"],"picked":"Dash","floor":3.0},{"not_picked":["Outmaneuver","Backflip"],"picked":"Acrobatics","floor":5.0},{"not_picked":["Acrobatics","Endless Agony","Cloak And Dagger"],"picked":"SKIP","floor":7.0},{"not_picked":["Grand Finale+1","Poisoned Stab+1","Choke+1"],"picked":"SKIP","floor":14.0},{"not_picked":["Doppelganger","Unload+1"],"picked":"Night Terror","floor":16.0},{"not_picked":["Outmaneuver+1","Well Laid Plans+1"],"picked":"Setup","floor":18.0},{"not_picked":["Sucker Punch+1","Outmaneuver"],"picked":"Setup+1","floor":19.0},{"not_picked":["Sucker Punch+1","Quick Slash+1"],"picked":"Dodge and Roll+1","floor":20.0},{"not_picked":["Deadly Poison","Noxious Fumes"],"picked":"Flechettes+1","floor":24.0},{"not_picked":["After Image","Skewer+1","Deflect+1"],"picked":"SKIP","floor":28.0},{"not_picked":["Underhanded Strike+1","Choke+1"],"picked":"Calculated Gamble","floor":29}],"player_experience":394060,"relics_obtained":[{"floor":7.0,"key":"Bottled Flame"},{"floor":9.0,"key":"Molten Egg 2"},{"floor":24.0,"key":"Centennial Puzzle"},{"floor":24.0,"key":"Ginger"},{"floor":26.0,"key":"Blue Candle"},{"floor":28.0,"key":"Frozen Egg 2"},{"floor":28.0,"key":"Art of War"}],"event_choices":[{"damage_healed":0.0,"max_hp_gain":0.0,"max_hp_loss":0.0,"gold_gain":75.0,"event_name":"World of Goop","player_choice":"Gather Gold","floor":2.0,"gold_loss":0.0,"damage_taken":11.0},{"damage_healed":0.0,"max_hp_gain":5.0,"max_hp_loss":0.0,"gold_gain":0.0,"event_name":"Big Fish","player_choice":"Donut","floor":4.0,"gold_loss":0.0,"damage_taken":0.0},{"cards_removed":["Strike_G"],"damage_healed":0.0,"max_hp_gain":0.0,"max_hp_loss":0.0,"gold_gain":0.0,"event_name":"The Cleric","player_choice":"Card Removal","floor":8.0,"gold_loss":50.0,"damage_taken":0.0},{"damage_healed":0.0,"max_hp_gain":0.0,"max_hp_loss":0.0,"gold_gain":0.0,"event_name":"The Library","player_choice":"Read","floor":21.0,"gold_loss":0.0,"damage_taken":0.0,"cards_obtained":["Concentrate"]},{"cards_removed":["Strike_G"],"damage_healed":0.0,"max_hp_gain":0.0,"max_hp_loss":0.0,"gold_gain":0.0,"event_name":"Designer","player_choice":"Upgrade and Remove","floor":22.0,"gold_loss":90.0,"damage_taken":0.0,"cards_upgraded":["Defend_G"]}],"is_beta":false,"boss_relics":[{"not_picked":["White Beast Statue","Lizard Tail"],"picked":"Black Star"}],"items_purged_floors":[12],"is_endless":false,"potions_floor_spawned":[1,14,18,19,20,24],"killed_by":"Snecko","ascension_level":11}