{"gold_per_floor":[119,134,63,75,86,86,112,112,189,209,219,237,272,288,288,390,390,407,28,48,48,66,101,101,133,160,192,192],"floor_reached":28,"playtime":2968,"items_purged":[],"score":587,"play_id":"4e90812c-2943-4457-9fe2-618d4f69a9da","local_time":"20190328213120","is_ascension_mode":true,"campfire_choices":[{"data":"Neutralize","floor":6,"key":"SMITH"},{"floor":8,"key":"REST"},{"data":"Noxious Fumes","floor":15,"key":"SMITH"},{"floor":24,"key":"REST"}],"neow_cost":"NONE","seed_source_timestamp":1114026098796336,"circlet_count":0,"master_deck":["AscendersBane","Defend_G","Defend_G","Defend_G","Defend_G","Defend_G","Strike_G","Strike_G","Strike_G","Survivor","Neutralize+1","Quick Slash","Dagger Throw","Noxious Fumes+1","Poisoned Stab","Footwork","Corpse Explosion","Leg Sweep","Slice","Deflect","Cloak And Dagger","Corpse Explosion","Dagger Spray","PiercingWail","Footwork+1","Shame","After Image","Catalyst"],"relics":["Ring of the Snake","Centennial Puzzle","Ice Cream","Mercury Hourglass","Happy Flower","Empty Cage","Bronze Scales","Medical Kit","Pen Nib","Shuriken","Strawberry","Snake Skull","Dream Catcher"],"potions_floor_usage":[7,23,27],"damage_taken":[{"damage":2,"enemies":"2 Louse","floor":1,"turns":4},{"damage":6,"enemies":"Jaw Worm","floor":2,"turns":5},{"damage":0,"enemies":"Cultist","floor":4,"turns":3},{"damage":22,"enemies":"Exordium Wildlife","floor":5,"turns":6},{"damage":33,"enemies":"3 Sentries","floor":7,"turns":9},{"damage":1,"enemies":"Looter","floor":10,"turns":4},{"damage":3,"enemies":"2 Fungi Beasts","floor":11,"turns":2},{"damage":0,"enemies":"Exordium Wildlife","floor":12,"turns":2},{"damage":9,"enemies":"Lagavulin","floor":13,"turns":7},{"damage":0,"enemies":"Large Slime","floor":14,"turns":4},{"damage":0,"enemies":"The Guardian","floor":16,"turns":10},{"damage":2,"enemies":"Shell Parasite","floor":18,"turns":7},{"damage":18,"enemies":"Chosen","floor":20,"turns":6},{"damage":8,"enemies":"3 Cultists","floor":22,"turns":3},{"damage":16,"enemies":"Book of Stabbing","floor":23,"turns":8},{"damage":21,"enemies":"Gremlin Leader","floor":25,"turns":7},{"damage":20,"enemies":"Book of Stabbing","floor":27,"turns":8},{"damage":7,"enemies":"Snecko","floor":28,"turns":2}],"seed_played":"-290992544491836805","potions_obtained":[{"floor":1,"key":"SpeedPotion"},{"floor":4,"key":"Regen Potion"},{"floor":7,"key":"Strength Potion"},{"floor":16,"key":"GhostInAJar"},{"floor":25,"key":"AttackPotion"}],"is_trial":false,"path_per_floor":["?"],"character_chosen":"THE_SILENT","items_purchased":["Noxious Fumes","Bronze Scales","PiercingWail","Medical Kit"],"campfire_rested":2,"item_purchase_floors":[3,19,19,19],"current_hp_per_floor":[61,55,55,55,33,33,15,36,36,35,32,32,23,23,23,23,58,56,56,38,38,30,14,35,21,21,1,0],"gold":192,"neow_bonus":"RANDOM_COMMON_RELIC","is_prod":false,"is_daily":false,"chose_seed":false,"campfire_upgraded":2,"win_rate":0,"timestamp":1553823080,"path_taken":["M","M","$","M","M","R","E","R","T","M","M","M","E","M","R","BOSS","M","$","M","?","M","E","R","E","T","E","M"],"build_version":"2019-01-23","purchased_purges":0,"victory":false,"max_hp_per_floor":[70,70,70,70,70,70,70,70,70,70,70,70,70,70,70,70,70,70,70,70,70,70,70,70,77,77,77,77],"card_choices":[{"not_picked":["Blade Dance","Flying Knee"],"picked":"Quick Slash","floor":1},{"not_picked":["Setup","Deadly Poison"],"picked":"Dagger Throw","floor":2},{"not_picked":["Calculated Gamble","Riddle With Holes"],"picked":"Poisoned Stab","floor":4},{"not_picked":["Poisoned Stab","Deadly Poison"],"picked":"Footwork","floor":5},{"not_picked":["Catalyst","Eviscerate"],"picked":"Corpse Explosion","floor":7},{"not_picked":["Underhanded Strike","Sucker Punch"],"picked":"Leg Sweep","floor":10},{"not_picked":["Quick Slash","Cloak And Dagger"],"picked":"Slice","floor":11},{"not_picked":["Slice","Phantasmal Killer"],"picked":"Deflect","floor":12},{"not_picked":["Slice","Prepared","Sucker Punch"],"picked":"SKIP","floor":13},{"not_picked":["Terror","Prepared"],"picked":"Cloak And Dagger","floor":14},{"not_picked":["Unload","Venomology"],"picked":"Corpse Explosion","floor":16},{"not_picked":["Riddle With Holes","Endless Agony"],"picked":"Dagger Spray","floor":18},{"not_picked":["Reflex","Dodge and Roll+1"],"picked":"Footwork+1","floor":20},{"not_picked":["Quick Slash","Flying Knee+1","Expertise"],"picked":"SKIP","floor":22},{"not_picked":["Dagger Spray","Acrobatics"],"picked":"After Image","floor":23},{"not_picked":["Bane+1","Dash","Flying Knee"],"picked":"SKIP","floor":25},{"not_picked":["Quick Slash+1","Eviscerate"],"picked":"Catalyst","floor":27}],"player_experience":1143962,"relics_obtained":[{"floor":7,"key":"Ice Cream"},{"floor":9,"key":"Mercury Hourglass"},{"floor":13,"key":"Happy Flower"},{"floor":23,"key":"Shuriken"},{"floor":25,"key":"Strawberry"},{"floor":26,"key":"Snake Skull"},{"floor":27,"key":"Dream Catcher"}],"event_choices":[{"damage_healed":0,"gold_gain":0,"player_choice":"Stole Relic","damage_taken":0,"relics_obtained":["Pen Nib"],"max_hp_gain":0,"max_hp_loss":0,"event_name":"Addict","floor":21,"gold_loss":0,"cards_obtained":["Shame"]}],"is_beta":false,"boss_relics":[{"not_picked":["Astrolabe","WristBlade"],"picked":"Empty Cage"}],"items_purged_floors":[],"is_endless":false,"potions_floor_spawned":[1,4,7,10,14,16,20,25],"killed_by":"Snecko","ascension_level":12}