{"gold_per_floor":[109,123,123,123,123,154,154,197,197,217,238,32,32,75,75,204,204,229,254,353,377,392,392],"floor_reached":23,"playtime":1898,"items_purged":[],"score":274,"play_id":"99563a08-6ad4-48a4-bb5a-efe5fe2a6c58","local_time":"20181026170355","is_ascension_mode":true,"campfire_choices":[{"data":"Poisoned Stab","floor":7,"key":"SMITH"},{"floor":15,"key":"REST"}],"neow_cost":"NONE","seed_source_timestamp":1378830520032927,"circlet_count":0,"master_deck":["Defend_G","Defend_G","Defend_G","Defend_G","Defend_G","Strike_G","Strike_G","Strike_G","Strike_G","Strike_G","Survivor","Neutralize","Poisoned Stab+1","Injury","Deadly Poison","Malaise","Backflip","Caltrops","Deadly Poison","After Image","Die Die Die","Slice","Crippling Poison","After Image","Flying Knee"],"relics":["Ring of the Serpent","NeowsBlessing","Golden Idol","Incense Burner","Bag of Preparation","Gambling Chip","PreservedInsect","Ornamental Fan"],"potions_floor_usage":[14,14,16,21,23],"damage_taken":[{"damage":0,"enemies":"Cultist","floor":1,"turns":1},{"damage":0,"enemies":"Jaw Worm","floor":2,"turns":1},{"damage":0,"enemies":"Gremlin Nob","floor":6,"turns":1},{"damage":25,"enemies":"3 Sentries","floor":8,"turns":13},{"damage":2,"enemies":"Small Slimes","floor":10,"turns":4},{"damage":2,"enemies":"Exordium Thugs","floor":11,"turns":4},{"damage":0,"enemies":"Gremlin Nob","floor":14,"turns":3},{"damage":28,"enemies":"Slime Boss","floor":16,"turns":15},{"damage":1,"enemies":"Spheric Guardian","floor":18,"turns":4},{"damage":1,"enemies":"Chosen","floor":19,"turns":5},{"damage":10,"enemies":"3 Cultists","floor":21,"turns":6},{"damage":21,"enemies":"Snake Plant","floor":22,"turns":6},{"damage":42,"enemies":"Slavers","floor":23,"turns":4}],"seed_played":"6027487263902671113","potions_obtained":[{"floor":1,"key":"AttackPotion"},{"floor":10,"key":"LiquidBronze"},{"floor":11,"key":"Weak Potion"},{"floor":16,"key":"Ancient Potion"},{"floor":18,"key":"Dexterity Potion"},{"floor":22,"key":"Poison Potion"}],"is_trial":false,"path_per_floor":["M","M","?","?","?","E","R","E","T","M","M","$","?","E","R","B",null,"M","M","?","M","M"],"character_chosen":"THE_SILENT","items_purchased":["PreservedInsect","Deadly Poison"],"campfire_rested":1,"item_purchase_floors":[12,12],"current_hp_per_floor":[70,70,75,75,75,75,75,50,50,48,46,46,46,46,68,40,75,74,73,73,63,42,0],"gold":392,"neow_bonus":"THREE_ENEMY_KILL","is_prod":false,"is_daily":false,"chose_seed":false,"campfire_upgraded":1,"win_rate":0,"timestamp":1540595035,"path_taken":["M","M","?","?","?","E","R","E","T","M","M","$","?","E","R","BOSS","M","M","?","M","?","E"],"build_version":"2018-10-25v2","purchased_purges":0,"victory":false,"max_hp_per_floor":[70,70,75,75,75,75,75,75,75,75,75,75,75,75,75,75,75,75,75,75,75,75,75],"card_choices":[{"not_picked":["Well Laid Plans","Dodge and Roll"],"picked":"Poisoned Stab","floor":1},{"not_picked":["Predator","Acrobatics","Endless Agony"],"picked":"SKIP","floor":2},{"not_picked":["Well Laid Plans","Acrobatics"],"picked":"Deadly Poison","floor":6},{"not_picked":["Dodge and Roll","Slice"],"picked":"Malaise","floor":8},{"not_picked":["Riddle With Holes","Calculated Gamble"],"picked":"Backflip","floor":10},{"not_picked":["Blade Dance","Reflex"],"picked":"Caltrops","floor":11},{"not_picked":["Poisoned Stab","Quick Slash"],"picked":"After Image","floor":14},{"not_picked":["Storm of Steel","Tools of the Trade"],"picked":"Die Die Die","floor":16},{"not_picked":["Acrobatics","Infinite Blades"],"picked":"Slice","floor":18},{"not_picked":["Slice","Deflect"],"picked":"Crippling Poison","floor":19},{"not_picked":["Dagger Throw","Blur"],"picked":"After Image","floor":21},{"not_picked":["Footwork","Bane"],"picked":"Flying Knee","floor":22}],"player_experience":870750,"relics_obtained":[{"floor":6,"key":"Incense Burner"},{"floor":8,"key":"Bag of Preparation"},{"floor":9,"key":"Gambling Chip"},{"floor":14,"key":"Ornamental Fan"}],"event_choices":[{"damage_healed":0,"gold_gain":0,"player_choice":"Donut","damage_taken":0,"max_hp_gain":5,"max_hp_loss":0,"event_name":"Big Fish","floor":3,"gold_loss":0},{"damage_healed":0,"gold_gain":0,"player_choice":"Ignored","damage_taken":0,"max_hp_gain":0,"max_hp_loss":0,"event_name":"Golden Wing","floor":4,"gold_loss":0},{"damage_healed":0,"gold_gain":0,"player_choice":"Take Wound","damage_taken":0,"relics_obtained":["Golden Idol"],"max_hp_gain":0,"max_hp_loss":0,"event_name":"Golden Idol","floor":5,"gold_loss":0,"cards_obtained":["Injury"]},{"damage_healed":0,"gold_gain":0,"player_choice":"Ignored","damage_taken":0,"max_hp_gain":0,"max_hp_loss":0,"event_name":"Shining Light","floor":13,"gold_loss":0},{"damage_healed":0,"gold_gain":99,"player_choice":"Stole From Cult","damage_taken":0,"max_hp_gain":0,"max_hp_loss":0,"event_name":"Nest","floor":20,"gold_loss":0}],"is_beta":false,"boss_relics":[{"not_picked":["Calling Bell","Runic Pyramid"],"picked":"Ring of the Serpent"}],"items_purged_floors":[],"is_endless":false,"potions_floor_spawned":[1,10,11,16,18,22],"killed_by":"Slavers","ascension_level":1}