{"gold_per_floor":[19,38,55,55,55,80,80,91,162,162,193,211,211],"floor_reached":13,"playtime":1000,"items_purged":[],"score":134,"play_id":"6baf6b6f-23a5-4774-a886-daffb38f290b","local_time":"20190204142354","is_ascension_mode":true,"campfire_choices":[{"floor":7,"key":"REST"},{"floor":10,"key":"REST"}],"neow_cost":"NO_GOLD","seed_source_timestamp":574332647947059,"circlet_count":0,"master_deck":["Strike_B","Strike_B","Strike_B","Strike_B","Defend_B","Defend_B","Zap","Go for the Eyes","Redo","Static Discharge","FTL","FTL","Gash"],"relics":["Cracked Core","Girya","Pear","Centennial Puzzle"],"potions_floor_usage":[6],"damage_taken":[{"damage":1,"enemies":"Cultist","floor":1,"turns":3},{"damage":1,"enemies":"2 Louse","floor":2,"turns":3},{"damage":11,"enemies":"Small Slimes","floor":3,"turns":3},{"damage":65,"enemies":"3 Sentries","floor":6,"turns":8},{"damage":4,"enemies":"Blue Slaver","floor":8,"turns":3},{"damage":25,"enemies":"Lagavulin","floor":11,"turns":6},{"damage":13,"enemies":"3 Louse","floor":12,"turns":2},{"damage":21,"enemies":"The Mushroom Lair","floor":13,"turns":2}],"seed_played":"532419685340330631","potions_obtained":[{"floor":1,"key":"GamblersBrew"},{"floor":11,"key":"Weak Potion"}],"is_trial":false,"path_per_floor":["M","?","?","?"],"character_chosen":"DEFECT","items_purchased":[],"campfire_rested":2,"item_purchase_floors":[],"current_hp_per_floor":[74,73,62,67,67,2,26,22,32,59,34,21,0],"gold":211,"neow_bonus":"REMOVE_TWO","is_prod":false,"is_daily":false,"chose_seed":false,"campfire_upgraded":0,"win_rate":0,"timestamp":1549308234,"path_taken":["M","?","M","?","?","E","R","M","T","R","E","M","?"],"build_version":"2019-01-23","purchased_purges":0,"victory":false,"max_hp_per_floor":[75,75,75,80,80,80,80,80,90,90,90,90,90],"card_choices":[{"not_picked":["Recycle","BootSequence"],"picked":"Go for the Eyes","floor":1},{"not_picked":["Force Field","Stack"],"picked":"Redo","floor":2},{"not_picked":["Rip and Tear","Leap","Turbo"],"picked":"SKIP","floor":3},{"not_picked":["Force Field","Steam"],"picked":"Static Discharge","floor":6},{"not_picked":["Reprogram","Hologram"],"picked":"FTL","floor":8},{"not_picked":["Stack","Turbo"],"picked":"FTL","floor":11},{"not_picked":["Compile Driver","Machine Learning"],"picked":"Gash","floor":12}],"player_experience":222380,"relics_obtained":[{"floor":6,"key":"Girya"},{"floor":9,"key":"Pear"},{"floor":11,"key":"Centennial Puzzle"}],"event_choices":[{"damage_healed":0,"gold_gain":0,"player_choice":"Donut","damage_taken":0,"max_hp_gain":5,"max_hp_loss":0,"event_name":"Big Fish","floor":4,"gold_loss":0},{"cards_removed":["Defend_B"],"damage_healed":0,"gold_gain":0,"player_choice":"Forget","damage_taken":0,"max_hp_gain":0,"max_hp_loss":0,"event_name":"Living Wall","floor":5,"gold_loss":0},{"damage_healed":0,"gold_gain":0,"player_choice":"Fought Mushrooms","damage_taken":0,"max_hp_gain":0,"max_hp_loss":0,"event_name":"Mushrooms","floor":13,"gold_loss":0}],"is_beta":false,"boss_relics":[],"items_purged_floors":[],"is_endless":false,"potions_floor_spawned":[1,11],"killed_by":"The Mushroom Lair","ascension_level":3}