{"gold_per_floor":[114,125,192,202,216,216,291,291,291,308,27,44,78,88,88,163,163,176,176,160,160,170,170,170,170,196,213,213,213],"floor_reached":29,"playtime":1357,"items_purged":[],"score":400,"play_id":"dd6a99b0-d785-49c0-b94b-36cf85105a2f","local_time":"20181018215048","is_ascension_mode":true,"campfire_choices":[{"data":"Malaise","floor":6.0,"key":"SMITH"},{"floor":8.0,"key":"REST"},{"floor":15.0,"key":"REST"},{"floor":23.0,"key":"REST"},{"floor":25.0,"key":"REST"},{"data":"Flechettes","floor":28.0,"key":"SMITH"}],"neow_cost":"PERCENT_DAMAGE","seed_source_timestamp":46995713730072,"circlet_count":0,"master_deck":["Defend_G","Defend_G","Defend_G","Defend_G","Defend_G","Survivor+1","Neutralize","AscendersBane","Malaise+1","Heel Hook","Dash","Backflip+1","Flying Knee","Leg Sweep","Heel Hook","Tools of the Trade","Caltrops","Malaise","Cloak And Dagger","Outmaneuver","Concentrate","Bite","Bite","Bite","Bite","Bite","Flechettes+1"],"special_seed":0,"relics":["Ring of the Snake","Bag of Marbles","War Paint","Blue Candle","Runic Pyramid","Nunchaku","Dream Catcher"],"potions_floor_usage":[],"damage_taken":[{"damage":8.0,"enemies":"Small Slimes","floor":1.0,"turns":6.0},{"damage":5.0,"enemies":"Cultist","floor":2.0,"turns":4.0},{"damage":0.0,"enemies":"Jaw Worm","floor":4.0,"turns":4.0},{"damage":4.0,"enemies":"3 Louse","floor":5.0,"turns":5.0},{"damage":14.0,"enemies":"Lots of Slimes","floor":10.0,"turns":5.0},{"damage":0.0,"enemies":"Blue Slaver","floor":12.0,"turns":3.0},{"damage":6.0,"enemies":"Gremlin Nob","floor":13.0,"turns":6.0},{"damage":0.0,"enemies":"Large Slime","floor":14.0,"turns":6.0},{"damage":20.0,"enemies":"The Guardian","floor":16.0,"turns":18.0},{"damage":2.0,"enemies":"3 Byrds","floor":18.0,"turns":4.0},{"damage":13.0,"enemies":"2 Thieves","floor":20.0,"turns":4.0},{"damage":24.0,"enemies":"Chosen and Byrds","floor":22.0,"turns":11.0},{"damage":19.0,"enemies":"Centurion and Healer","floor":27.0,"turns":10.0},{"damage":0,"enemies":"Gremlin Leader","floor":29,"turns":1}],"seed_played":"2297474627946371217","potions_obtained":[{"floor":1.0,"key":"SpeedPotion"},{"floor":2.0,"key":"Energy Potion"},{"floor":10.0,"key":"Strength Potion"},{"floor":18.0,"key":"EssenceOfSteel"},{"floor":20.0,"key":"LiquidBronze"}],"is_trial":false,"path_per_floor":["M","M","?","M","M","R","?","R","T","M","$","M","E","M","R","B",null,"M","?","M","?","M","R","?","R","T","M","R"],"character_chosen":"THE_SILENT","items_purchased":["Heel Hook","War Paint","Energy Potion"],"campfire_rested":4,"item_purchase_floors":[11,11,11],"current_hp_per_floor":[37,32,32,32,28,28,17,38,38,24,24,24,18,18,39,19,57,55,42,29,29,5,27,27,42,42,49,49,49],"gold":213,"neow_bonus":"THREE_RARE_CARDS","is_prod":false,"is_daily":false,"chose_seed":false,"campfire_upgraded":2,"win_rate":0,"timestamp":1539913848,"path_taken":["M","M","?","M","?","R","?","R","T","M","$","M","E","M","R","BOSS","M","?","?","?","M","R","?","R","T","M","R","E"],"build_version":"2018-10-18","purchased_purges":0,"victory":false,"max_hp_per_floor":[70,70,70,70,70,70,70,70,70,70,70,70,70,70,70,70,70,70,75,75,75,75,75,52,52,52,52,52,52],"card_choices":[{"not_picked":["Bullet Time","Burst"],"picked":"Malaise","floor":0.0},{"not_picked":["Leg Sweep","Dagger Throw"],"picked":"Heel Hook","floor":1.0},{"not_picked":["Tactician","Escape Plan"],"picked":"Dash","floor":2.0},{"not_picked":["Sucker Punch","Deflect"],"picked":"Backflip","floor":4.0},{"not_picked":["Catalyst","Blade Dance"],"picked":"Flying Knee","floor":5.0},{"not_picked":["Deadly Poison","Poisoned Stab"],"picked":"Leg Sweep","floor":10.0},{"not_picked":["Flechettes","Quick Slash","Catalyst"],"picked":"SKIP","floor":12.0},{"not_picked":["Prepared","Accuracy"],"picked":"Tools of the Trade","floor":13.0},{"not_picked":["Escape Plan","Blade Dance"],"picked":"Caltrops","floor":14.0},{"not_picked":["Envenom","Night Terror"],"picked":"Malaise","floor":16.0},{"not_picked":["Expertise","Dagger Spray"],"picked":"Cloak And Dagger","floor":18.0},{"not_picked":["Expertise+1","Predator"],"picked":"Outmaneuver","floor":20.0},{"not_picked":["Quick Slash","Slice"],"picked":"Concentrate","floor":22.0},{"not_picked":["Grand Finale","Tactician"],"picked":"Flechettes","floor":27.0}],"player_experience":369594,"relics_obtained":[{"floor":9.0,"key":"Bag of Marbles"},{"floor":13.0,"key":"Blue Candle"},{"floor":26.0,"key":"Dream Catcher"}],"event_choices":[{"damage_healed":0.0,"max_hp_gain":0.0,"max_hp_loss":0.0,"gold_gain":67.0,"event_name":"Golden Wing","player_choice":"Gained Gold","floor":3.0,"gold_loss":0.0,"damage_taken":0.0},{"damage_healed":0.0,"max_hp_gain":0.0,"max_hp_loss":0.0,"gold_gain":75.0,"event_name":"World of Goop","player_choice":"Gather Gold","floor":7.0,"gold_loss":0.0,"damage_taken":11.0},{"damage_healed":0.0,"max_hp_gain":5.0,"max_hp_loss":0.0,"gold_gain":0.0,"event_name":"Forgotten Altar","player_choice":"Shed Blood","floor":19.0,"gold_loss":0.0,"damage_taken":18.0},{"damage_healed":0.0,"max_hp_gain":0.0,"max_hp_loss":0.0,"gold_gain":0.0,"event_name":"The Mausoleum","player_choice":"Opened","floor":21.0,"gold_loss":0.0,"damage_taken":0.0,"relics_obtained":["Nunchaku"]},{"damage_healed":0.0,"max_hp_gain":0.0,"max_hp_loss":23.0,"gold_gain":0.0,"event_name":"Vampires","player_choice":"Became a vampire","floor":24.0,"gold_loss":0.0,"damage_taken":0.0,"cards_obtained":["Bite","Bite","Bite","Bite","Bite"]}],"is_beta":true,"boss_relics":[{"not_picked":["Snecko Eye","Velvet Choker"],"picked":"Runic Pyramid"}],"items_purged_floors":[],"is_endless":false,"potions_floor_spawned":[1,2,10,18,20],"killed_by":"Gremlin Leader","ascension_level":13}