{"gold_per_floor":[116,134,134,146,162,437,437,454,454,167,167,167,180,198,198,303,303,318,332,346,360,360,360,360],"floor_reached":24,"playtime":1521,"items_purged":["Regret"],"score":217,"play_id":"11b0152d-9c4e-4f95-8579-d5fa4266706a","local_time":"20190217211929","is_ascension_mode":false,"campfire_choices":[{"data":"Bash","floor":7.0,"key":"SMITH"},{"data":"Enlightenment","floor":11.0,"key":"SMITH"},{"data":"True Grit","floor":15.0,"key":"SMITH"},{"floor":23,"key":"REST"}],"neow_cost":"CURSE","seed_source_timestamp":184278991447257,"circlet_count":0,"master_deck":["Strike_R","Strike_R","Strike_R","Strike_R","Strike_R","Defend_R","Defend_R","Defend_R","Defend_R","Bash+1","Wild Strike","Warcry","Iron Wave","Reaper","Shockwave","True Grit+1","Dual Wield","Enlightenment+1","Shrug It Off","Anger","Demon Form","Sword Boomerang+1","Shrug It Off","Warcry","Wild Strike+1"],"special_seed":0,"relics":["Burning Blood"],"potions_floor_usage":[21,21,21],"damage_taken":[{"damage":5.0,"enemies":"Small Slimes","floor":1.0,"turns":3.0},{"damage":0.0,"enemies":"Cultist","floor":2.0,"turns":2.0},{"damage":10.0,"enemies":"Jaw Worm","floor":4.0,"turns":4.0},{"damage":4.0,"enemies":"Gremlin Gang","floor":5.0,"turns":6.0},{"damage":17.0,"enemies":"Large Slime","floor":8.0,"turns":7.0},{"damage":6.0,"enemies":"2 Fungi Beasts","floor":13.0,"turns":3.0},{"damage":6.0,"enemies":"Blue Slaver","floor":14.0,"turns":4.0},{"damage":68.0,"enemies":"Hexaghost","floor":16.0,"turns":15.0},{"damage":34.0,"enemies":"Spheric Guardian","floor":18.0,"turns":7.0},{"damage":36.0,"enemies":"2 Thieves","floor":19.0,"turns":5.0},{"damage":53.0,"enemies":"Shelled Parasite and Fungi","floor":20.0,"turns":9.0},{"damage":24,"enemies":"3 Cultists","floor":21,"turns":5},{"damage":58,"enemies":"Book of Stabbing","floor":24,"turns":8}],"seed_played":"9069571542882988778","potions_obtained":[{"floor":2.0,"key":"SkillPotion"},{"floor":4.0,"key":"SkillPotion"},{"floor":5.0,"key":"Dexterity Potion"},{"floor":16.0,"key":"Explosive Potion"},{"floor":18.0,"key":"LiquidBronze"},{"floor":20.0,"key":"Swift Potion"}],"is_trial":false,"path_per_floor":["M","M","?","M","M","?","R","M","T","$","R","?","M","M","R","B",null,"M","M","M","M","?","R","E"],"character_chosen":"IRONCLAD","items_purchased":["True Grit","Dual Wield","Enlightenment"],"campfire_rested":1,"item_purchase_floors":[10,10,10],"current_hp_per_floor":[96,96,96,92,94,94,94,89,89,89,89,89,89,93,93,37,96,68,58,23,19,19,47,0],"gold":360,"neow_bonus":"TWENTY_PERCENT_HP_BONUS","is_prod":false,"is_daily":false,"chose_seed":false,"campfire_upgraded":3,"win_rate":0,"timestamp":1550463569,"path_taken":["M","M","?","M","M","?","R","?","T","$","R","?","M","M","R","BOSS","M","?","M","M","?","R","E"],"build_version":"2019-01-23","purchased_purges":1,"victory":false,"max_hp_per_floor":[96,96,96,96,96,96,96,96,96,96,96,96,96,96,96,96,96,96,96,96,96,96,96,96],"card_choices":[{"not_picked":["Uppercut","Cleave"],"picked":"Wild Strike","floor":1.0},{"not_picked":["Whirlwind","Havoc"],"picked":"Warcry","floor":2.0},{"not_picked":["Feel No Pain","Combust"],"picked":"Iron Wave","floor":4.0},{"not_picked":["Metallicize","Warcry"],"picked":"Reaper","floor":5.0},{"not_picked":["Havoc","Clash"],"picked":"Shockwave","floor":8.0},{"not_picked":["Anger","Sentinel"],"picked":"Shrug It Off","floor":13.0},{"not_picked":["Clash","Entrench"],"picked":"Anger","floor":14.0},{"not_picked":["Feed","Impervious"],"picked":"Demon Form","floor":16.0},{"not_picked":["Reckless Charge+1","True Grit"],"picked":"Sword Boomerang+1","floor":18.0},{"not_picked":["Iron Wave","Infernal Blade"],"picked":"Shrug It Off","floor":19.0},{"not_picked":["Thunderclap","Armaments"],"picked":"Warcry","floor":20.0},{"not_picked":["Spot Weakness","Evolve+1"],"picked":"Wild Strike+1","floor":21}],"player_experience":1508223,"relics_obtained":[],"event_choices":[{"damage_healed":0.0,"max_hp_gain":0.0,"max_hp_loss":0.0,"gold_gain":0.0,"event_name":"Scrap Ooze","player_choice":"Fled","floor":3.0,"gold_loss":0.0,"damage_taken":0.0},{"damage_healed":0.0,"max_hp_gain":0.0,"max_hp_loss":0.0,"gold_gain":275.0,"event_name":"Golden Shrine","player_choice":"Desecrate","floor":6.0,"gold_loss":0.0,"damage_taken":0.0,"cards_obtained":["Regret"]},{"cards_removed":["Doubt"],"damage_healed":0.0,"max_hp_gain":0.0,"max_hp_loss":0.0,"gold_gain":0.0,"event_name":"Purifier","player_choice":"Purged","floor":12.0,"gold_loss":0.0,"damage_taken":0.0},{"damage_healed":0,"gold_gain":0,"player_choice":"Ignored","damage_taken":0,"max_hp_gain":0,"max_hp_loss":0,"event_name":"The Mausoleum","floor":22,"gold_loss":0}],"is_beta":false,"boss_relics":[{"not_picked":["Fusion Hammer","Mark of Pain","Cursed Key"]}],"items_purged_floors":[10],"is_endless":false,"potions_floor_spawned":[2,4,5,16,18,20],"killed_by":"Book of Stabbing","ascension_level":0}