{"gold_per_floor":[117,131,131,142,142,173,25,25,51,70,83,83,110,123,123,223,223,241,256,256,256,256,256,273,273,273,293,293,293,243,261,261,356,356,374,393,68,85,104,104,134,134,134,134,161,179,179,179,179,179],"floor_reached":51,"playtime":2479,"items_purged":["Hemokinesis","Defend_R"],"score":1053,"play_id":"f5dddca5-8b6b-4fb5-acb3-2f482a0f8f8c","local_time":"20190203163942","is_ascension_mode":true,"campfire_choices":[{"data":"Finesse","floor":8.0,"key":"SMITH"},{"data":"Inflame","floor":12.0,"key":"SMITH"},{"floor":15.0,"key":"REST"},{"data":"Uppercut","floor":23.0,"key":"SMITH"},{"data":"Shockwave","floor":25.0,"key":"SMITH"},{"data":"Whirlwind","floor":28.0,"key":"SMITH"},{"floor":32,"key":"REST"},{"data":"Metallicize","floor":40,"key":"SMITH"},{"floor":42,"key":"REST"},{"data":"Impervious","floor":44,"key":"SMITH"},{"floor":49,"key":"REST"}],"neow_cost":"NONE","seed_source_timestamp":78182873479644,"circlet_count":0,"master_deck":["Defend_R","Defend_R","Defend_R","Bash","Finesse+1","Inflame+1","Thunderclap","Clothesline+1","Shrug It Off","Shockwave+1","Impervious+1","Shrug It Off","Uppercut+1","Shrug It Off","Whirlwind+1","Inflame","Double Tap","Reckless Charge+1","Barricade+1","Ghostly Armor+1","Dropkick","Metallicize+1","Headbutt","Shockwave+1","Entrench+1","Exhume","Metallicize+1","Madness","Madness","Impervious+1"],"special_seed":0,"relics":["Burning Blood","Omamori","Vajra","Happy Flower","Smiling Mask","Velvet Choker","Mercury Hourglass","WarpedTongs","Astrolabe","Bag of Marbles","Dodecahedron","Shuriken","Singing Bowl"],"potions_floor_usage":[31,33,50,50],"damage_taken":[{"damage":4.0,"enemies":"Cultist","floor":1.0,"turns":3.0},{"damage":3.0,"enemies":"Small Slimes","floor":2.0,"turns":3.0},{"damage":7.0,"enemies":"Jaw Worm","floor":4.0,"turns":4.0},{"damage":41.0,"enemies":"3 Sentries","floor":6.0,"turns":9.0},{"damage":6.0,"enemies":"Exordium Thugs","floor":10.0,"turns":4.0},{"damage":8.0,"enemies":"Exordium Wildlife","floor":11.0,"turns":5.0},{"damage":18.0,"enemies":"Lagavulin","floor":13.0,"turns":6.0},{"damage":1.0,"enemies":"3 Louse","floor":14.0,"turns":4.0},{"damage":48.0,"enemies":"The Guardian","floor":16.0,"turns":12.0},{"damage":25.0,"enemies":"3 Byrds","floor":18.0,"turns":5.0},{"damage":10.0,"enemies":"Shell Parasite","floor":19.0,"turns":6.0},{"damage":7.0,"enemies":"Colosseum Slavers","floor":22.0,"turns":5.0},{"damage":3.0,"enemies":"Snecko","floor":24.0,"turns":5.0},{"damage":16.0,"enemies":"Sentry and Sphere","floor":27.0,"turns":5.0},{"damage":0,"enemies":"Snake Plant","floor":31,"turns":2},{"damage":12,"enemies":"Automaton","floor":33,"turns":7},{"damage":14,"enemies":"Orb Walker","floor":35,"turns":3},{"damage":1,"enemies":"3 Darklings","floor":36,"turns":6},{"damage":22,"enemies":"Sphere and 2 Shapes","floor":38,"turns":6},{"damage":0,"enemies":"Writhing Mass","floor":39,"turns":8},{"damage":43,"enemies":"Reptomancer","floor":41,"turns":7},{"damage":0,"enemies":"Giant Head","floor":45,"turns":12},{"damage":6,"enemies":"Jaw Worm Horde","floor":46,"turns":5},{"damage":49,"enemies":"Awakened One","floor":50,"turns":23}],"seed_played":"-4971639939954969208","potions_obtained":[{"floor":1.0,"key":"Energy Potion"},{"floor":4.0,"key":"SkillPotion"},{"floor":13.0,"key":"PowerPotion"},{"floor":14.0,"key":"Swift Potion"},{"floor":18.0,"key":"Dexterity Potion"},{"floor":24.0,"key":"Fire Potion"},{"floor":38,"key":"Dexterity Potion"},{"floor":46,"key":"Poison Potion"}],"is_trial":false,"path_per_floor":["M","M","?","M","?","E","$","R","T","M","M","R","E","M","R","B",null,"M","M","?","?","?","R","M","R","T","M","R","?","$","M","R","B",null,"M","M","$","M","M","R","E","R","T","R","E","M","?","?","R","B",null],"character_chosen":"IRONCLAD","items_purchased":["Vajra","Bag of Marbles","Metallicize","Headbutt"],"campfire_rested":4,"item_purchase_floors":[7,37,37,37],"current_hp_per_floor":[74,77,70,69,69,34,34,34,34,34,32,32,20,25,49,7,62,43,39,39,24,23,23,26,26,26,16,16,16,16,22,47,41,74,66,71,71,55,61,61,24,49,49,49,55,55,44,44,69,26],"gold":179,"neow_bonus":"RANDOM_COLORLESS","is_prod":false,"is_daily":false,"chose_seed":false,"campfire_upgraded":7,"win_rate":0,"timestamp":1549240782,"path_taken":["M","?","?","M","?","E","$","R","T","M","?","R","E","M","R","BOSS","M","M","?","?","?","R","M","R","T","M","R","?","$","?","R","BOSS","M","M","$","M","M","R","E","R","T","R","E","M","?","?","R","BOSS"],"build_version":"2019-01-23","purchased_purges":2,"victory":true,"max_hp_per_floor":[80,80,80,80,80,80,80,80,80,80,80,80,80,80,80,80,80,80,80,80,85,85,85,85,85,85,85,85,85,85,85,85,85,85,85,85,85,85,85,85,85,85,85,85,85,85,85,85,85,85],"card_choices":[{"not_picked":["Clothesline","Blood for Blood"],"picked":"Inflame","floor":1.0},{"not_picked":["Havoc","True Grit"],"picked":"Thunderclap","floor":2.0},{"not_picked":["Body Slam","Battle Trance"],"picked":"Clothesline","floor":4.0},{"not_picked":["Armaments","Pummel"],"picked":"Shrug It Off","floor":6.0},{"not_picked":["Heavy Blade","Anger"],"picked":"Shockwave","floor":10.0},{"not_picked":["Entrench","Armaments","Warcry"],"picked":"SKIP","floor":11.0},{"not_picked":["Fire Breathing","Hemokinesis"],"picked":"Infernal Blade","floor":13.0},{"not_picked":["Hemokinesis","Flex","Thunderclap"],"picked":"SKIP","floor":14.0},{"not_picked":["Berserk","Offering"],"picked":"Impervious","floor":16.0},{"not_picked":["Armaments","True Grit"],"picked":"Shrug It Off","floor":18.0},{"not_picked":["Entrench","Flex"],"picked":"Uppercut","floor":19.0},{"not_picked":["Warcry","Clothesline","Sever Soul"],"picked":"SKIP","floor":24.0},{"not_picked":["Clothesline","Sentinel"],"picked":"Whirlwind","floor":27.0},{"not_picked":["Searing Blow","Sword Boomerang"],"picked":"Inflame","floor":31},{"not_picked":["Brutality","Feed"],"picked":"Double Tap","floor":33},{"not_picked":["Wild Strike+1","Havoc","Cleave+1"],"picked":"SKIP","floor":35},{"not_picked":["Perfected Strike","Iron Wave"],"picked":"Dropkick","floor":36},{"not_picked":["Thunderclap+1","Cleave+1"],"picked":"Shockwave+1","floor":38},{"not_picked":["Reckless Charge+1","Bloodletting"],"picked":"Entrench+1","floor":39},{"not_picked":["Perfected Strike+1","Sentinel","Hemokinesis+1"],"picked":"SKIP","floor":41},{"not_picked":["Sever Soul","Berserk"],"picked":"Exhume","floor":45},{"not_picked":["Havoc","Pummel"],"picked":"Metallicize+1","floor":46}],"player_experience":355230,"relics_obtained":[{"floor":6.0,"key":"Omamori"},{"floor":9.0,"key":"Happy Flower"},{"floor":13.0,"key":"Smiling Mask"},{"floor":26.0,"key":"Mercury Hourglass"},{"floor":41,"key":"Dodecahedron"},{"floor":43,"key":"Shuriken"},{"floor":45,"key":"Singing Bowl"}],"event_choices":[{"cards_removed":["Strike_R"],"damage_healed":0.0,"max_hp_gain":0.0,"max_hp_loss":0.0,"gold_gain":0.0,"event_name":"Golden Wing","player_choice":"Card Removal","floor":3.0,"gold_loss":0.0,"damage_taken":7.0},{"damage_healed":0.0,"max_hp_gain":0.0,"max_hp_loss":0.0,"gold_gain":0.0,"event_name":"Upgrade Shrine","player_choice":"Upgraded","floor":5.0,"gold_loss":0.0,"damage_taken":0.0,"cards_upgraded":["Clothesline"]},{"damage_healed":0.0,"max_hp_gain":0.0,"max_hp_loss":0.0,"gold_gain":0.0,"cards_transformed":["Strike_R","Strike_R"],"event_name":"Drug Dealer","player_choice":"Became Test Subject","floor":20.0,"gold_loss":0.0,"damage_taken":0.0,"cards_obtained":["Hemokinesis","Shrug It Off"]},{"damage_healed":0.0,"max_hp_gain":5.0,"max_hp_loss":0.0,"gold_gain":0.0,"event_name":"Forgotten Altar","player_choice":"Shed Blood","floor":21.0,"gold_loss":0.0,"damage_taken":20.0},{"damage_healed":0.0,"max_hp_gain":0.0,"max_hp_loss":0.0,"gold_gain":0.0,"event_name":"Colosseum","player_choice":"Fight","floor":22.0,"gold_loss":0.0,"damage_taken":0.0},{"damage_healed":0.0,"max_hp_gain":0.0,"max_hp_loss":0.0,"gold_gain":0.0,"event_name":"Colosseum","player_choice":"Fled From Nobs","floor":22.0,"gold_loss":0.0,"damage_taken":0.0},{"damage_healed":0.0,"max_hp_gain":0.0,"max_hp_loss":0.0,"gold_gain":0.0,"event_name":"Accursed Blacksmith","player_choice":"Rummage","floor":29.0,"gold_loss":0.0,"damage_taken":0.0,"relics_obtained":["WarpedTongs"],"cards_obtained":["Pain"]},{"damage_healed":0,"gold_gain":0,"player_choice":"Embrace Madness","damage_taken":11,"max_hp_gain":0,"max_hp_loss":0,"event_name":"Winding Halls","floor":47,"gold_loss":0,"cards_obtained":["Madness","Madness"]},{"damage_healed":0,"gold_gain":0,"player_choice":"Copied","damage_taken":0,"max_hp_gain":0,"max_hp_loss":0,"event_name":"Duplicator","floor":48,"gold_loss":0,"cards_obtained":["Impervious"]}],"is_beta":false,"boss_relics":[{"not_picked":["Philosopher\u0027s Stone","Runic Cube"],"picked":"Velvet Choker"},{"not_picked":["Coffee Dripper","Eternal Feather"],"picked":"Astrolabe"}],"items_purged_floors":[30,37],"is_endless":false,"potions_floor_spawned":[1,4,13,14,18,19,24,27,38,46],"ascension_level":9}