{"gold_per_floor":[113,127,127,48,48,66,66,66,112,137,158,179,179,198,198,324,324,340,340,340,9,0,0,0,16,16,30,44,44,60,85,85,85],"floor_reached":33,"playtime":2618,"items_purged":[],"score":316,"play_id":"927a0018-6e7c-402f-afc9-7e6a9c9602fa","local_time":"20180729124607","is_ascension_mode":false,"campfire_choices":[{"floor":8,"key":"REST"},{"data":"Feed","floor":15,"key":"SMITH"},{"floor":23,"key":"REST"},{"floor":32,"key":"REST"}],"neow_cost":"CURSE","seed_source_timestamp":238783112053270,"circlet_count":0,"master_deck":["Strike_R","Strike_R","Strike_R","Strike_R","Strike_R","Defend_R","Defend_R","Defend_R","Bash","Feed+1","Iron Wave","Thunderclap","Metallicize","Headbutt","Clothesline","Headbutt","Headbutt","Perfected Strike","Impervious","Perfected Strike","RitualDagger","Rampage","True Grit","Blind","Iron Wave","Uppercut+1","Anger","Uppercut","Blood for Blood","Headbutt+1"],"relics":["Burning Blood","Golden Idol","Ancient Tea Set","Empty Cage","Blood Vial","Thread and Needle"],"potions_floor_usage":[14,16,27],"damage_taken":[{"damage":7,"enemies":"2 Louse","floor":1,"turns":3},{"damage":3,"enemies":"Small Slimes","floor":2,"turns":3},{"damage":13,"enemies":"Cultist","floor":6,"turns":6},{"damage":3,"enemies":"Red Slaver","floor":10,"turns":5},{"damage":6,"enemies":"Looter","floor":11,"turns":4},{"damage":4,"enemies":"Exordium Wildlife","floor":12,"turns":5},{"damage":4,"enemies":"Blue Slaver","floor":14,"turns":5},{"damage":90,"enemies":"The Guardian","floor":16,"turns":20},{"damage":46,"enemies":"Shell Parasite","floor":18,"turns":9},{"damage":13,"enemies":"2 Thieves","floor":22,"turns":5},{"damage":30,"enemies":"Cultist and Chosen","floor":25,"turns":8},{"damage":17,"enemies":"Chosen and Byrds","floor":27,"turns":6},{"damage":28,"enemies":"Sentry and Sphere","floor":28,"turns":6},{"damage":13,"enemies":"Snake Plant","floor":30,"turns":5},{"damage":4,"enemies":"Snecko","floor":31,"turns":5},{"damage":90,"enemies":"Champ","floor":33,"turns":15}],"seed_played":"4074892422760384438","potions_obtained":[{"floor":1,"key":"EssenceOfSteel"},{"floor":2,"key":"Energy Potion"},{"floor":12,"key":"LiquidBronze"},{"floor":18,"key":"Explosive Potion"},{"floor":30,"key":"Swift Potion"}],"is_trial":false,"path_per_floor":["M","M","?","$","?","M","?","R","T","M","M","M","?","M","R","B",null,"M","?","?","$","M","R","?","M","T","M","M","?","M","M","R"],"character_chosen":"IRONCLAD","items_purchased":["Metallicize","Blood Vial","Rampage","True Grit","Blind"],"campfire_rested":3,"item_purchase_floors":[4,21,21,21,21],"current_hp_per_floor":[82,86,86,86,65,61,66,94,94,97,100,103,103,106,106,26,110,70,70,64,64,59,92,92,70,70,65,49,49,44,48,83,0],"gold":85,"neow_bonus":"THREE_RARE_CARDS","is_prod":false,"is_daily":false,"chose_seed":false,"campfire_upgraded":1,"win_rate":0.0,"timestamp":1532889967,"path_taken":["M","M","?","$","?","?","?","R","T","M","M","M","?","?","R","BOSS","M","?","?","$","M","R","?","M","T","M","?","?","?","M","R","BOSS"],"build_version":"2018-07-26","purchased_purges":0,"victory":false,"max_hp_per_floor":[83,86,86,86,86,89,94,94,94,97,100,103,103,106,106,110,110,110,110,110,110,110,110,110,110,110,114,118,118,118,118,118,118],"card_choices":[{"not_picked":["Reaper","Berserk"],"picked":"Feed","floor":0},{"not_picked":["Flame Barrier","Warcry"],"picked":"Iron Wave","floor":1},{"not_picked":["Body Slam","Clash"],"picked":"Thunderclap","floor":2},{"not_picked":["Twin Strike","Entrench"],"picked":"Headbutt","floor":6},{"not_picked":["Cleave","Headbutt"],"picked":"Clothesline","floor":10},{"not_picked":["Pommel Strike","Wild Strike"],"picked":"Headbutt","floor":11},{"not_picked":["Disarm","Second Wind"],"picked":"Headbutt","floor":12},{"not_picked":["Twin Strike","Ghostly Armor"],"picked":"Perfected Strike","floor":14},{"not_picked":["Berserk","Immolate"],"picked":"Impervious","floor":16},{"not_picked":["Rampage","Headbutt"],"picked":"Perfected Strike","floor":18},{"not_picked":["Warcry","Dropkick"],"picked":"Iron Wave","floor":22},{"not_picked":["Iron Wave","Sword Boomerang"],"picked":"Uppercut+1","floor":25},{"not_picked":["Warcry+1","Body Slam+1"],"picked":"Anger","floor":27},{"not_picked":["Sword Boomerang","Reckless Charge"],"picked":"Uppercut","floor":28},{"not_picked":["Clash+1","Twin Strike"],"picked":"Blood for Blood","floor":30},{"not_picked":["Immolate","Wild Strike"],"picked":"Headbutt+1","floor":31}],"player_experience":65327,"relics_obtained":[{"floor":9,"key":"Ancient Tea Set"},{"floor":26,"key":"Thread and Needle"}],"event_choices":[{"event_name":"Liars Game","player_choice":"disagreed","floor":3,"damage_taken":0},{"event_name":"Golden Idol","player_choice":"Take Damage","floor":5,"damage_taken":0},{"event_name":"Big Fish","player_choice":"Donut","floor":7,"damage_taken":0},{"event_name":"The Woman in Blue","player_choice":"Bought 0 Potions","floor":13,"damage_taken":0},{"event_name":"Beggar","player_choice":"Ignored","floor":19,"damage_taken":0},{"event_name":"Nest","player_choice":"Joined the Cult","floor":20,"damage_taken":0},{"event_name":"Addict","player_choice":"Ignored","floor":24,"damage_taken":0},{"event_name":"Vampires","player_choice":"Ignored","floor":29,"damage_taken":0}],"is_beta":false,"boss_relics":[{"not_picked":["Busted Crown","Snecko Eye"],"picked":"Empty Cage"}],"items_purged_floors":[],"is_endless":false,"potions_floor_spawned":[1,2,12,18,30],"killed_by":"Champ","ascension_level":0}