{"gold_per_floor":[116,116,291,301,301,301,329,349,349,359,309,60,73,84,84,179,179,192,208,208,220,0,0,33,33,57,82,98,98,123,123,123,220,220,235,95,1094,419,430,430,465,465,465,491,766,801,812,835,835,835],"floor_reached":51,"playtime":2166,"items_purged":[],"score":1148,"play_id":"ffb07d83-8895-4990-8fa3-97f8b81a99a2","local_time":"20180829000021","is_ascension_mode":true,"campfire_choices":[{"floor":6,"key":"REST"},{"floor":15,"key":"REST"},{"floor":23,"key":"REST"},{"floor":25,"key":"REST"},{"floor":32,"key":"REST"},{"data":"Accuracy","floor":40,"key":"SMITH"},{"data":"Cloak And Dagger","floor":42,"key":"SMITH"},{"floor":49,"key":"REST"}],"neow_cost":"NONE","seed_source_timestamp":1030446440816328,"circlet_count":0,"master_deck":["Defend_G+1","Defend_G","Defend_G+1","Defend_G","Defend_G","Survivor","Neutralize","Regret","Clumsy","Decay","Infinite Blades+1","Cloak And Dagger","Flechettes","Flechettes","Outmaneuver","Backstab","Discovery","Distraction","Cloak And Dagger","Deadly Poison","Phantasmal Killer","Dagger Spray+1","Cloak And Dagger+1","Flechettes","Cloak And Dagger+1","Backflip+1","Blade Dance","Bite","Bite","Bite","Bite","Bite+1","Adrenaline","Accuracy+1","Madness","Blade Dance+1","Normality","Cloak And Dagger+1","Endless Agony","Dagger Throw+1","Expertise","Quick Slash","Footwork","Decay","Infinite Blades+1","Regret","Backstab+1","PiercingWail+1","Clumsy"],"relics":["Calling Bell","Omamori","Shuriken","Du-Vu Doll","Blue Candle","Smiling Mask","Snecko Eye","Thread and Needle","Anchor","Oddly Smooth Stone","Potion Belt","Cursed Key","Matryoshka","Sling","Dodecahedron","War Paint","Ornamental Fan","Bronze Scales","Paper Crane","Pen Nib","Whetstone"],"potions_floor_usage":[7,20,20,24,24,27,44,50,50],"damage_taken":[{"damage":9,"enemies":"Jaw Worm","floor":1,"turns":2},{"damage":0,"enemies":"Small Slimes","floor":4,"turns":3},{"damage":3,"enemies":"3 Sentries","floor":7,"turns":4},{"damage":1,"enemies":"2 Louse","floor":8,"turns":2},{"damage":3,"enemies":"Looter","floor":10,"turns":2},{"damage":13,"enemies":"Large Slime","floor":13,"turns":4},{"damage":0,"enemies":"Exordium Wildlife","floor":14,"turns":1},{"damage":28,"enemies":"The Guardian","floor":16,"turns":13},{"damage":9,"enemies":"Spheric Guardian","floor":18,"turns":3},{"damage":1,"enemies":"3 Byrds","floor":19,"turns":4},{"damage":21,"enemies":"Colosseum Slavers","floor":20,"turns":4},{"damage":0,"enemies":"Sentry and Sphere","floor":21,"turns":2},{"damage":30,"enemies":"Slavers","floor":24,"turns":4},{"damage":8,"enemies":"Gremlin Leader","floor":27,"turns":4},{"damage":17,"enemies":"Snake Plant","floor":28,"turns":3},{"damage":40,"enemies":"Champ","floor":33,"turns":11},{"damage":9,"enemies":"Orb Walker","floor":35,"turns":3},{"damage":1,"enemies":"3 Darklings","floor":39,"turns":3},{"damage":2,"enemies":"Giant Head","floor":41,"turns":5},{"damage":22,"enemies":"2 Orb Walkers","floor":44,"turns":4},{"damage":3,"enemies":"Giant Head","floor":46,"turns":3},{"damage":30,"enemies":"Maw","floor":47,"turns":5},{"damage":28,"enemies":"Donu and Deca","floor":50,"turns":5}],"seed_played":"4380457725744022410","potions_obtained":[{"floor":1,"key":"Explosive Potion"},{"floor":8,"key":"Energy Potion"},{"floor":13,"key":"SmokeBomb"},{"floor":14,"key":"GhostInAJar"},{"floor":16,"key":"EssenceOfSteel"},{"floor":19,"key":"Explosive Potion"},{"floor":21,"key":"SteroidPotion"},{"floor":24,"key":"AttackPotion"},{"floor":33,"key":"FairyPotion"},{"floor":35,"key":"SpeedPotion"},{"floor":46,"key":"SteroidPotion"},{"floor":47,"key":"Swift Potion"}],"is_trial":false,"path_per_floor":["M","?","?","M","?","R","E","M","T","M","?","$","M","M","R","B",null,"M","M","?","M","?","R","E","R","T","E","M","?","T","?","R","B",null,"M","$","?","$","M","R","E","R","T","E","?","E","M","T","R","B"],"character_chosen":"THE_SILENT","items_purchased":["Backstab","Discovery","Distraction","Madness","Blade Dance","Matryoshka","Sling","Cloak And Dagger","Endless Agony","Dagger Throw","Expertise"],"campfire_rested":6,"item_purchase_floors":[12,12,12,36,36,38,38,38,38,38,38],"current_hp_per_floor":[61,47,47,47,47,68,65,64,64,61,61,61,48,48,69,41,70,61,60,39,39,39,60,30,51,51,43,26,26,26,26,40,10,49,40,40,40,40,45,45,49,49,49,29,29,30,4,4,18,4],"gold":835,"neow_bonus":"BOSS_RELIC","is_prod":false,"is_daily":false,"chose_seed":false,"campfire_upgraded":2,"win_rate":0,"timestamp":1535522421,"path_taken":["M","?","?","?","?","R","E","?","T","M","?","?","M","M","R","BOSS","M","M","?","M","?","R","E","R","T","E","?","?","?","?","R","BOSS","M","$","?","$","?","R","E","R","T","E","?","E","M","?","R","BOSS"],"build_version":"2018-08-23v2","purchased_purges":0,"victory":true,"max_hp_per_floor":[70,70,70,70,70,70,70,70,70,70,70,70,70,70,70,70,70,70,70,70,70,70,70,70,70,70,70,70,70,70,49,49,49,49,49,49,49,49,49,49,49,49,49,49,49,49,49,49,49,49],"card_choices":[{"not_picked":["All Out Attack","Heel Hook"],"picked":"Infinite Blades","floor":1},{"not_picked":["Blade Dance","Underhanded Strike"],"picked":"Cloak And Dagger","floor":4},{"not_picked":["Dash","Flying Knee"],"picked":"Flechettes","floor":7},{"not_picked":["Noxious Fumes","Underhanded Strike"],"picked":"Flechettes","floor":8},{"not_picked":["Dodge and Roll","Acrobatics"],"picked":"Outmaneuver","floor":10},{"not_picked":["Poisoned Stab","Slice"],"picked":"Cloak And Dagger","floor":13},{"not_picked":["Prepared","Unload"],"picked":"Deadly Poison","floor":14},{"not_picked":["Malaise","Venomology"],"picked":"Phantasmal Killer","floor":16},{"not_picked":["Outmaneuver","Poisoned Stab"],"picked":"Dagger Spray+1","floor":18},{"not_picked":["Slice","Prepared"],"picked":"Cloak And Dagger","floor":19},{"not_picked":["Tactician","Distraction"],"picked":"Flechettes","floor":21},{"not_picked":["Reflex+1","Footwork"],"picked":"Cloak And Dagger+1","floor":24},{"not_picked":["Eviscerate","Concentrate+1"],"picked":"Backflip+1","floor":27},{"not_picked":["Leg Sweep+1","Prepared"],"picked":"Blade Dance","floor":28},{"not_picked":["After Image","Malaise"],"picked":"Adrenaline","floor":33},{"not_picked":["Flechettes","Backflip+1"],"picked":"Accuracy","floor":35},{"not_picked":["Heel Hook+1","Poisoned Stab"],"picked":"Quick Slash","floor":39},{"not_picked":["Terror","Quick Slash"],"picked":"Footwork","floor":41},{"not_picked":["Poisoned Stab+1","Glass Knife"],"picked":"Infinite Blades+1","floor":44},{"not_picked":["Expertise+1","Deadly Poison"],"picked":"Backstab+1","floor":46},{"not_picked":["Slice","Footwork"],"picked":"PiercingWail+1","floor":47}],"player_experience":380336,"relics_obtained":[{"floor":0,"key":"Omamori"},{"floor":0,"key":"Shuriken"},{"floor":0,"key":"Du-Vu Doll"},{"floor":7,"key":"Blue Candle"},{"floor":9,"key":"Smiling Mask"},{"floor":24,"key":"Thread and Needle"},{"floor":26,"key":"Anchor"},{"floor":27,"key":"Oddly Smooth Stone"},{"floor":30,"key":"Potion Belt"},{"floor":41,"key":"Dodecahedron"},{"floor":43,"key":"War Paint"},{"floor":43,"key":"Ornamental Fan"},{"floor":44,"key":"Bronze Scales"},{"floor":46,"key":"Paper Crane"},{"floor":48,"key":"Pen Nib"},{"floor":48,"key":"Whetstone"}],"event_choices":[{"event_name":"Shining Light","player_choice":"Entered Light","floor":2,"damage_taken":0},{"event_name":"Liars Game","player_choice":"agreed","floor":3,"damage_taken":0},{"event_name":"Upgrade Shrine","player_choice":"Upgraded","floor":5,"damage_taken":0},{"event_name":"The Cleric","player_choice":"Card Removal","floor":11,"damage_taken":0},{"event_name":"Colosseum","player_choice":"Fight","floor":20,"damage_taken":0},{"event_name":"Colosseum","player_choice":"Fled From Nobs","floor":20,"damage_taken":0},{"event_name":"Masked Bandits","player_choice":"Paid Fearfully","floor":22,"damage_taken":0},{"event_name":"Back to Basics","player_choice":"Elegance","floor":29,"damage_taken":0},{"event_name":"Vampires","player_choice":"Became a vampire","floor":31,"damage_taken":0},{"event_name":"MindBloom","player_choice":"Gold","floor":37,"damage_taken":0},{"event_name":"Golden Shrine","player_choice":"Desecrate","floor":45,"damage_taken":0}],"is_beta":false,"boss_relics":[{"not_picked":["HoveringKite","Tiny House"],"picked":"Snecko Eye"},{"not_picked":["Philosopher\u0027s Stone","Sozu"],"picked":"Cursed Key"}],"items_purged_floors":[],"is_endless":false,"potions_floor_spawned":[1,8,13,14,16,19,21,24,33,35,46,47],"ascension_level":2}