{"gold_per_floor":[109,74,86,100,127,156,156,156,156,169,194,194,37,212,212,212],"floor_reached":16,"playtime":391,"items_purged":[],"score":167,"play_id":"af72daaa-0adb-480a-8918-124d8b35bcbc","local_time":"20181017024837","is_ascension_mode":true,"campfire_choices":[{"data":"Glass Knife","floor":7,"key":"SMITH"},{"data":"A Thousand Cuts","floor":12,"key":"SMITH"},{"floor":15,"key":"REST"}],"neow_cost":"PERCENT_DAMAGE","seed_source_timestamp":72903434628996,"circlet_count":0,"master_deck":["Defend_G","Defend_G+1","Defend_G","Defend_G","Defend_G+1","Strike_G","Strike_G","Strike_G","Strike_G","Strike_G","Survivor","Neutralize","AscendersBane","Glass Knife+1","Backstab","Backstab+1","A Thousand Cuts","A Thousand Cuts+1","Flash of Steel","Doubt"],"relics":["Ring of the Snake","Potion Belt","Matryoshka","Smiling Mask","War Paint","Pen Nib"],"potions_floor_usage":[6,11,16],"damage_taken":[{"damage":2,"enemies":"Small Slimes","floor":1,"turns":3},{"damage":3,"enemies":"Jaw Worm","floor":3,"turns":4},{"damage":0,"enemies":"Cultist","floor":4,"turns":2},{"damage":22,"enemies":"3 Sentries","floor":6,"turns":9},{"damage":0,"enemies":"Exordium Thugs","floor":10,"turns":4},{"damage":23,"enemies":"Gremlin Nob","floor":11,"turns":4},{"damage":33,"enemies":"Hexaghost","floor":16,"turns":9}],"seed_played":"-9195637584585433800","potions_obtained":[{"floor":1,"key":"Energy Potion"},{"floor":3,"key":"Poison Potion"}],"is_trial":false,"path_per_floor":["M","?","M","M","T","E","R","?","T","M","E","R","$","?","R"],"character_chosen":"THE_SILENT","items_purchased":["Flash of Steel","FearPotion"],"campfire_rested":1,"item_purchase_floors":[13,13],"current_hp_per_floor":[43,60,57,57,57,35,35,35,35,35,12,12,12,12,33,0],"gold":212,"neow_bonus":"THREE_RARE_CARDS","is_prod":false,"is_daily":false,"chose_seed":false,"campfire_upgraded":2,"win_rate":0,"timestamp":1539758917,"path_taken":["M","?","M","?","?","E","R","?","T","M","E","R","$","?","R","BOSS"],"build_version":"2018-10-15v2","purchased_purges":0,"victory":false,"max_hp_per_floor":[70,70,70,70,70,70,70,70,70,70,70,70,70,70,70,70],"card_choices":[{"not_picked":["Bullet Time","Burst"],"picked":"Glass Knife","floor":0},{"not_picked":["Bouncing Flask","Acrobatics"],"picked":"Backstab","floor":1},{"not_picked":["Quick Slash","Well Laid Plans"],"picked":"Backstab","floor":3},{"not_picked":["Sucker Punch","Dodge and Roll","Dash"],"picked":"SKIP","floor":4},{"not_picked":["Concentrate","Endless Agony"],"picked":"A Thousand Cuts","floor":6},{"not_picked":["Noxious Fumes","Dagger Throw","Dodge and Roll"],"picked":"SKIP","floor":10},{"not_picked":["PiercingWail","Sucker Punch"],"picked":"A Thousand Cuts","floor":11}],"player_experience":355820,"relics_obtained":[{"floor":5,"key":"Potion Belt"},{"floor":6,"key":"Matryoshka"},{"floor":9,"key":"Smiling Mask"},{"floor":9,"key":"War Paint"},{"floor":11,"key":"Pen Nib"}],"event_choices":[{"event_name":"The Cleric","player_choice":"Healed","floor":2,"damage_taken":0},{"event_name":"Upgrade Shrine","player_choice":"Upgraded","floor":8,"damage_taken":0},{"event_name":"Liars Game","player_choice":"agreed","floor":14,"damage_taken":0}],"is_beta":true,"boss_relics":[],"items_purged_floors":[],"is_endless":false,"potions_floor_spawned":[1,3],"killed_by":"Hexaghost","ascension_level":11}