{"gold_per_floor":[119,194,194,144,30,59,59,59,59,77,2,75,75,39,39,39],"floor_reached":16,"playtime":751,"items_purged":["Defend_G"],"score":162,"play_id":"3f0c1291-35d4-4124-9856-9647a98f0855","local_time":"20190410220054","is_ascension_mode":true,"campfire_choices":[{"data":"Neutralize","floor":7,"key":"SMITH"},{"data":"Footwork","floor":13,"key":"SMITH"},{"data":"Tactician","floor":15,"key":"SMITH"}],"neow_cost":"NONE","seed_source_timestamp":39406724918400,"circlet_count":0,"master_deck":["Defend_G","Defend_G","Defend_G","Defend_G","Strike_G","Strike_G","Strike_G","Survivor","Neutralize+1","Dagger Throw","Reflex","PiercingWail","Blur","Footwork+1","Tactician+1"],"relics":["Ring of the Snake","NeowsBlessing","Torii","Pear","Pantograph"],"potions_floor_usage":[16],"damage_taken":[{"damage":0,"enemies":"Small Slimes","floor":1,"turns":1},{"damage":0,"enemies":"Lagavulin","floor":6,"turns":1},{"damage":0,"enemies":"2 Louse","floor":10,"turns":1},{"damage":95,"enemies":"Hexaghost","floor":16,"turns":21}],"seed_played":"2735916617263013608","potions_obtained":[{"floor":6,"key":"Block Potion"}],"is_trial":false,"path_per_floor":["M","?","?","?","$","E","R","?","T","M","$","T","R","$","R","B"],"character_chosen":"THE_SILENT","items_purchased":["Reflex","Footwork","Tactician"],"campfire_rested":0,"item_purchase_floors":[5,11,14],"current_hp_per_floor":[70,59,52,52,52,52,52,57,67,67,67,67,67,67,67,0],"gold":39,"neow_bonus":"THREE_ENEMY_KILL","is_prod":false,"is_daily":false,"chose_seed":false,"campfire_upgraded":3,"win_rate":0,"timestamp":1554948054,"path_taken":["M","?","?","?","$","E","R","?","T","?","?","?","R","?","R","BOSS"],"build_version":"2019-01-23","purchased_purges":1,"victory":false,"max_hp_per_floor":[70,70,70,70,70,70,70,75,85,85,85,85,85,85,85,85],"card_choices":[{"not_picked":["Outmaneuver","Quick Slash"],"picked":"Dagger Throw","floor":1},{"not_picked":["Dagger Spray","Masterful Stab"],"picked":"PiercingWail","floor":6},{"not_picked":["Expertise","PiercingWail"],"picked":"Blur","floor":10}],"player_experience":314383,"relics_obtained":[{"floor":6,"key":"Torii"},{"floor":9,"key":"Pear"},{"floor":12,"key":"Pantograph"}],"event_choices":[{"damage_healed":0,"gold_gain":75,"player_choice":"Gather Gold","damage_taken":11,"max_hp_gain":0,"max_hp_loss":0,"event_name":"World of Goop","floor":2,"gold_loss":0},{"cards_removed":["Strike_G"],"damage_healed":0,"gold_gain":0,"player_choice":"Card Removal","damage_taken":7,"max_hp_gain":0,"max_hp_loss":0,"event_name":"Golden Wing","floor":3,"gold_loss":0},{"cards_removed":["Strike_G"],"damage_healed":0,"gold_gain":0,"player_choice":"Card Removal","damage_taken":0,"max_hp_gain":0,"max_hp_loss":0,"event_name":"The Cleric","floor":4,"gold_loss":50},{"damage_healed":0,"gold_gain":0,"player_choice":"Donut","damage_taken":0,"max_hp_gain":5,"max_hp_loss":0,"event_name":"Big Fish","floor":8,"gold_loss":0}],"is_beta":false,"boss_relics":[],"items_purged_floors":[5],"is_endless":false,"potions_floor_spawned":[6],"killed_by":"Hexaghost","ascension_level":3}