{"gold_per_floor":[113,126,136,20,20,32,65,65,115,146,146,163,163,196,196,297,347,361,361,1,15,29,64,74,94,173,183,183,218,233,262,262,362,362,374,390,407,807,823,848,859,884,961,1061,1094,1114,1124,177,177,177],"floor_reached":51,"playtime":22134,"items_purged":["Strike_G","Strike_G","Strike_G"],"score":848,"play_id":"49163b81-85ae-4b04-ac01-369fa649a6ec","local_time":"20190131215155","is_ascension_mode":false,"campfire_choices":[{"floor":8,"key":"REST"},{"floor":11,"key":"REST"},{"data":"Infinite Blades","floor":13,"key":"SMITH"},{"floor":15,"key":"REST"},{"floor":28,"key":"REST"},{"floor":32,"key":"REST"},{"floor":49,"key":"REST"}],"neow_cost":"NONE","seed_source_timestamp":234502641098047,"circlet_count":0,"master_deck":["Defend_G","Defend_G","Defend_G","Defend_G","Survivor","Neutralize","Infinite Blades+1","Noxious Fumes+1","Backstab","Noxious Fumes","Backstab","Dodge and Roll","Blade Dance","Escape Plan","Footwork","Deadly Poison+1","Backflip+1","Dodge and Roll+1","Dodge and Roll+1","Blade Dance+1","Tools of the Trade","Caltrops","Accuracy","Bouncing Flask+1","Crippling Poison+1","Envenom"],"relics":["Ring of the Snake","Darkstone Periapt","Happy Flower","Pen Nib","Meat on the Bone","Tiny House","FaceOfCleric","Bottled Tornado","Omamori","Mummified Hand","Potion Belt","Bag of Preparation","Empty Cage","Old Coin","Letter Opener","Strawberry","Ninja Scroll","Regal Pillow","Snake Skull","Question Card","Toolbox"],"potions_floor_usage":[7,23,24,25,27,33,33,40,41,45,50,50],"damage_taken":[{"damage":0,"enemies":"Cultist","floor":1,"turns":4},{"damage":0,"enemies":"Small Slimes","floor":2,"turns":3},{"damage":0,"enemies":"2 Louse","floor":3,"turns":3},{"damage":25,"enemies":"Exordium Thugs","floor":6,"turns":5},{"damage":27,"enemies":"3 Sentries","floor":7,"turns":5},{"damage":4,"enemies":"Lagavulin","floor":10,"turns":6},{"damage":0,"enemies":"2 Fungi Beasts","floor":12,"turns":2},{"damage":24,"enemies":"Gremlin Nob","floor":14,"turns":5},{"damage":1,"enemies":"The Guardian","floor":16,"turns":12},{"damage":12,"enemies":"Spheric Guardian","floor":18,"turns":5},{"damage":26,"enemies":"2 Thieves","floor":21,"turns":4},{"damage":24,"enemies":"Centurion and Healer","floor":22,"turns":6},{"damage":21,"enemies":"Book of Stabbing","floor":23,"turns":6},{"damage":3,"enemies":"Chosen and Byrds","floor":24,"turns":5},{"damage":3,"enemies":"Cultist and Chosen","floor":25,"turns":6},{"damage":14,"enemies":"Centurion and Healer","floor":27,"turns":5},{"damage":9,"enemies":"Gremlin Leader","floor":29,"turns":6},{"damage":2,"enemies":"Snecko","floor":30,"turns":5},{"damage":26,"enemies":"Slavers","floor":31,"turns":6},{"damage":55,"enemies":"Collector","floor":33,"turns":8},{"damage":12,"enemies":"3 Shapes","floor":35,"turns":5},{"damage":4,"enemies":"Orb Walker","floor":36,"turns":4},{"damage":0,"enemies":"4 Shapes","floor":37,"turns":6},{"damage":0,"enemies":"Mind Bloom Boss Battle","floor":38,"turns":8},{"damage":10,"enemies":"3 Darklings","floor":39,"turns":4},{"damage":53,"enemies":"Reptomancer","floor":40,"turns":7},{"damage":0,"enemies":"Transient","floor":41,"turns":5},{"damage":12,"enemies":"Giant Head","floor":42,"turns":10},{"damage":30,"enemies":"Reptomancer","floor":45,"turns":6},{"damage":0,"enemies":"Sphere and 2 Shapes","floor":46,"turns":3},{"damage":15,"enemies":"Jaw Worm Horde","floor":47,"turns":3},{"damage":25,"enemies":"Donu and Deca","floor":50,"turns":7}],"seed_played":"8025464900253887468","potions_obtained":[{"floor":1,"key":"Strength Potion"},{"floor":3,"key":"GamblersBrew"},{"floor":10,"key":"GamblersBrew"},{"floor":14,"key":"LiquidBronze"},{"floor":17,"key":"Fire Potion"},{"floor":22,"key":"LiquidBronze"},{"floor":23,"key":"EssenceOfSteel"},{"floor":27,"key":"PowerPotion"},{"floor":29,"key":"FearPotion"},{"floor":37,"key":"SkillPotion"},{"floor":38,"key":"Regen Potion"},{"floor":40,"key":"LiquidBronze"},{"floor":41,"key":"Ancient Potion"},{"floor":46,"key":"Energy Potion"},{"floor":47,"key":"Block Potion"}],"is_trial":false,"path_per_floor":["$","?","?","?","?","M"],"character_chosen":"THE_SILENT","items_purchased":["Noxious Fumes","Bottled Tornado","Snake Skull","Question Card","Envenom","Toolbox","SteroidPotion"],"campfire_rested":6,"item_purchase_floors":[4,20,48,48,48,48,48],"current_hp_per_floor":[77,77,77,77,70,45,18,41,41,37,60,60,60,36,59,58,82,70,70,70,45,34,26,36,46,46,45,71,63,62,49,76,34,92,81,78,79,80,71,31,59,67,67,67,50,63,61,61,109,85],"gold":177,"neow_bonus":"TEN_PERCENT_HP_BONUS","is_prod":false,"is_daily":false,"chose_seed":false,"campfire_upgraded":1,"win_rate":0.0,"timestamp":1548989515,"path_taken":["M","M","M","?","?","M","E","R","T","E","R","M","R","E","R","BOSS","M","?","$","M","M","E","M","M","T","M","R","E","M","E","R","BOSS","M","M","M","?","M","E","M","E","T","?","E","M","?","$","R","BOSS"],"build_version":"2019-01-23","purchased_purges":3,"victory":true,"max_hp_per_floor":[77,77,77,77,77,77,77,77,77,77,77,77,77,77,77,77,82,82,82,82,83,84,85,86,87,87,88,88,89,90,91,91,92,92,93,94,95,96,97,98,99,107,107,107,108,109,110,110,110,111],"card_choices":[{"not_picked":["Terror","Footwork"],"picked":"Infinite Blades","floor":1},{"not_picked":["Escape Plan","Underhanded Strike"],"picked":"Noxious Fumes","floor":2},{"not_picked":["Calculated Gamble","Outmaneuver"],"picked":"Backstab","floor":3},{"not_picked":["Flying Knee","Blade Dance"],"picked":"Backstab","floor":6},{"not_picked":["Poisoned Stab","Dagger Spray"],"picked":"Dodge and Roll","floor":7},{"not_picked":["PiercingWail","Poisoned Stab"],"picked":"Blade Dance","floor":10},{"not_picked":["Quick Slash","Acrobatics"],"picked":"Escape Plan","floor":12},{"not_picked":["Crippling Poison","Blade Dance","Doppelganger"],"picked":"SKIP","floor":14},{"not_picked":["Underhanded Strike","Catalyst"],"picked":"Footwork","floor":17},{"not_picked":["Bane","Calculated Gamble","Distraction"],"picked":"SKIP","floor":18},{"not_picked":["Eviscerate","Slice"],"picked":"Deadly Poison+1","floor":21},{"not_picked":["Underhanded Strike","Crippling Poison","Slice"],"picked":"SKIP","floor":22},{"not_picked":["Underhanded Strike","Sucker Punch"],"picked":"Backflip+1","floor":23},{"not_picked":["Acrobatics","Backflip","Flying Knee"],"picked":"SKIP","floor":24},{"not_picked":["Malaise","Slice"],"picked":"Dodge and Roll+1","floor":25},{"not_picked":["Dash","Outmaneuver"],"picked":"Dodge and Roll+1","floor":27},{"not_picked":["Outmaneuver+1","Sucker Punch+1","Slice+1"],"picked":"SKIP","floor":29},{"not_picked":["Prepared","Poisoned Stab","PiercingWail"],"picked":"SKIP","floor":30},{"not_picked":["Slice","Bane"],"picked":"Blade Dance+1","floor":31},{"not_picked":["Venomology","Malaise"],"picked":"Tools of the Trade","floor":33},{"not_picked":["Dagger Throw+1","Tactician+1","Distraction+1"],"picked":"SKIP","floor":35},{"not_picked":["Predator","Quick Slash"],"picked":"Caltrops","floor":36},{"not_picked":["Acrobatics+1","Outmaneuver","Predator+1"],"picked":"SKIP","floor":37},{"not_picked":["Calculated Gamble","Blur"],"picked":"Accuracy","floor":39},{"not_picked":["Finisher","Venomology","Masterful Stab"],"picked":"SKIP","floor":40},{"not_picked":["Bane+1","Catalyst+1","Dagger Throw"],"picked":"SKIP","floor":41},{"not_picked":["Flechettes","Flying Knee","Reflex+1"],"picked":"SKIP","floor":42},{"not_picked":["Bane+1","Sucker Punch+1"],"picked":"Bouncing Flask+1","floor":45},{"not_picked":["Sucker Punch","Malaise"],"picked":"Crippling Poison+1","floor":46},{"not_picked":["Poisoned Stab+1","Reflex","Skewer"],"picked":"SKIP","floor":47}],"player_experience":82626,"relics_obtained":[{"floor":7,"key":"Darkstone Periapt"},{"floor":9,"key":"Happy Flower"},{"floor":10,"key":"Pen Nib"},{"floor":14,"key":"Meat on the Bone"},{"floor":23,"key":"Omamori"},{"floor":26,"key":"Mummified Hand"},{"floor":29,"key":"Potion Belt"},{"floor":31,"key":"Bag of Preparation"},{"floor":38,"key":"Old Coin"},{"floor":40,"key":"Letter Opener"},{"floor":42,"key":"Strawberry"},{"floor":43,"key":"Ninja Scroll"},{"floor":45,"key":"Regal Pillow"}],"event_choices":[{"cards_removed":["Defend_G"],"damage_healed":0,"gold_gain":0,"player_choice":"Card Removal","damage_taken":7,"max_hp_gain":0,"max_hp_loss":0,"event_name":"Golden Wing","floor":5,"gold_loss":0},{"damage_healed":0,"gold_gain":0,"player_choice":"Trade","damage_taken":0,"relics_obtained":["FaceOfCleric"],"max_hp_gain":0,"max_hp_loss":0,"event_name":"FaceTrader","floor":19,"gold_loss":0},{"damage_healed":0,"gold_gain":0,"player_choice":"Fight","damage_taken":0,"max_hp_gain":0,"max_hp_loss":0,"event_name":"MindBloom","floor":38,"gold_loss":0},{"damage_healed":0,"gold_gain":100,"player_choice":"Pray","damage_taken":0,"max_hp_gain":0,"max_hp_loss":0,"event_name":"Golden Shrine","floor":44,"gold_loss":0}],"is_beta":false,"boss_relics":[{"not_picked":["Ectoplasm","Runic Dome"],"picked":"Tiny House"},{"not_picked":["Ring of the Serpent","HoveringKite"],"picked":"Empty Cage"}],"items_purged_floors":[4,20,48],"is_endless":false,"potions_floor_spawned":[1,3,10,14,16,22,23,27,29,37,38,40,41,46,47],"ascension_level":0}