{"gold_per_floor":[117,117,81,91,14,14,40,40,40,74,93,93,111,2,2,106,106,122,122,22,22,22],"floor_reached":22,"playtime":1051,"items_purged":["Strike_B","Writhe"],"score":266,"play_id":"42fa8156-55eb-4cab-8194-27df77e5f7c6","local_time":"20190127124929","is_ascension_mode":true,"campfire_choices":[{"data":"Echo Form","floor":6.0,"key":"SMITH"},{"floor":8.0,"key":"REST"},{"floor":15.0,"key":"REST"}],"neow_cost":"NONE","seed_source_timestamp":0,"circlet_count":0,"master_deck":["Strike_B","Strike_B","Defend_B","Defend_B","Defend_B","Zap","Dualcast","Leap","Capacitor","Streamline","Conserve Battery","FTL","Creative AI","Recycle","Ball Lightning","Echo Form+1","Barrage","Hologram","Biased Cognition","White Noise","Seek"],"special_seed":0,"relics":["Orrery","PreservedInsect","Mummified Hand","Singing Bowl","Sozu","Anchor"],"potions_floor_usage":[],"damage_taken":[{"damage":0.0,"enemies":"Jaw Worm","floor":1.0,"turns":3.0},{"damage":10.0,"enemies":"Cultist","floor":4.0,"turns":4.0},{"damage":40.0,"enemies":"Gremlin Nob","floor":7.0,"turns":5.0},{"damage":16.0,"enemies":"Lagavulin","floor":10.0,"turns":6.0},{"damage":3.0,"enemies":"Small Slimes","floor":11.0,"turns":3.0},{"damage":14.0,"enemies":"2 Fungi Beasts","floor":13.0,"turns":3.0},{"damage":15.0,"enemies":"The Guardian","floor":16.0,"turns":12.0},{"damage":31.0,"enemies":"Shell Parasite","floor":18.0,"turns":8.0},{"damage":34,"enemies":"Colosseum Slavers","floor":22,"turns":3}],"seed_played":"-7312404171549886181","potions_obtained":[{"floor":4.0,"key":"Swift Potion"},{"floor":10.0,"key":"Explosive Potion"},{"floor":11.0,"key":"FearPotion"}],"is_trial":false,"path_per_floor":["M","?","$","M","$","R","E","R","T","E","M","?","M","$","R","B",null,"M","?","$","?","?"],"character_chosen":"DEFECT","items_purchased":["Recycle","Echo Form","White Noise"],"campfire_rested":2,"item_purchase_floors":[3,5,14],"current_hp_per_floor":[68,68,68,58,58,58,18,40,40,24,21,21,9,9,32,17,62,33,33,33,33,0],"gold":22,"neow_bonus":"BOSS_RELIC","is_prod":false,"is_daily":false,"chose_seed":false,"campfire_upgraded":1,"win_rate":0,"timestamp":1548622169,"path_taken":["M","?","?","M","$","R","E","R","T","E","M","?","?","?","R","BOSS","M","?","$","?","?"],"build_version":"2019-01-23","purchased_purges":2,"victory":false,"max_hp_per_floor":[75,75,75,75,75,75,75,75,75,75,75,75,77,77,77,77,77,79,79,79,79,79],"card_choices":[{"not_picked":["Go for the Eyes","Conserve Battery"],"picked":"Leap","floor":0.0},{"not_picked":["Auto Shields","Steam"],"picked":"Capacitor","floor":0.0},{"not_picked":["Leap","Stack"],"picked":"Streamline","floor":0.0},{"not_picked":["Redo","Stack"],"picked":"Conserve Battery","floor":0.0},{"not_picked":["Compile Driver","Sweeping Beam"],"picked":"FTL","floor":0.0},{"not_picked":["Coolheaded","Compile Driver"],"picked":"Creative AI","floor":1.0},{"not_picked":["Tempest","Turbo"],"picked":"Ball Lightning","floor":4.0},{"not_picked":["Compile Driver","Capacitor"],"picked":"Barrage","floor":7.0},{"not_picked":["Doom and Gloom","Turbo"],"picked":"Hologram","floor":10.0},{"not_picked":["Steam","Darkness"],"picked":"Biased Cognition","floor":11.0},{"not_picked":["Force Field","Sweeping Beam","Steam Power"],"picked":"Singing Bowl","floor":13.0},{"not_picked":["Biased Cognition","Creative AI"],"picked":"Seek","floor":16.0},{"not_picked":["Recycle","Stack","Redo"],"picked":"Singing Bowl","floor":18.0}],"player_experience":321922,"relics_obtained":[{"floor":7.0,"key":"PreservedInsect"},{"floor":9.0,"key":"Mummified Hand"},{"floor":10.0,"key":"Singing Bowl"}],"event_choices":[{"cards_removed":["Defend_B"],"damage_healed":0.0,"max_hp_gain":0.0,"max_hp_loss":0.0,"gold_gain":0.0,"event_name":"Bonfire Elementals","player_choice":"Offered Basic","floor":2.0,"gold_loss":0.0,"damage_taken":0.0},{"damage_healed":0.0,"max_hp_gain":0.0,"max_hp_loss":0.0,"gold_gain":0.0,"event_name":"Dead Adventurer","player_choice":"Searched \u00270\u0027 times","floor":12.0,"gold_loss":0.0,"damage_taken":0.0},{"damage_healed":0.0,"max_hp_gain":0.0,"max_hp_loss":0.0,"gold_gain":0.0,"event_name":"The Mausoleum","player_choice":"Opened","floor":19.0,"gold_loss":0.0,"damage_taken":0.0,"relics_obtained":["Anchor"],"cards_obtained":["Writhe"]},{"cards_removed":["Strike_B"],"damage_healed":0.0,"max_hp_gain":0.0,"max_hp_loss":0.0,"gold_gain":0.0,"event_name":"Back to Basics","player_choice":"Elegance","floor":21.0,"gold_loss":0.0,"damage_taken":0.0},{"damage_healed":0,"gold_gain":0,"player_choice":"Fight","damage_taken":0,"max_hp_gain":0,"max_hp_loss":0,"event_name":"Colosseum","floor":22,"gold_loss":0}],"is_beta":false,"boss_relics":[{"not_picked":["Coffee Dripper","Eternal Feather"],"picked":"Sozu"}],"items_purged_floors":[14,20],"is_endless":false,"potions_floor_spawned":[4,10,11],"killed_by":"Colosseum Slavers","ascension_level":8}