{"gold_per_floor":[113,113,113,123,123,149,173,212,224,268,296,308,320,350,362,453,465,497,489,518,545,572,584],"floor_reached":23,"playtime":1201,"items_purged":[],"score":396,"play_id":"d50d4720-9da2-4f09-9732-cb10e806ded4","local_time":"20190331224734","is_ascension_mode":true,"campfire_choices":[{"floor":13,"key":"REST"},{"floor":15,"key":"REST"}],"neow_cost":"NONE","seed_source_timestamp":1379565125783548,"circlet_count":0,"master_deck":["AscendersBane","Defend_G","Defend_G","Defend_G","Defend_G","Defend_G","Strike_G","Strike_G","Strike_G","Strike_G","Strike_G","Survivor","Neutralize","Dagger Throw","Noxious Fumes","Poisoned Stab","Cloak And Dagger","Leg Sweep","Envenom+1","Footwork+1","After Image+1","Slice"],"relics":["Ring of the Snake","NeowsBlessing","Ornamental Fan","MawBank","Blue Candle","Frozen Egg 2","Busted Crown"],"potions_floor_usage":[10,11,20,23],"damage_taken":[{"damage":0,"enemies":"Small Slimes","floor":1,"turns":1},{"damage":0,"enemies":"Jaw Worm","floor":4,"turns":1},{"damage":0,"enemies":"Lagavulin","floor":6,"turns":1},{"damage":0,"enemies":"2 Louse","floor":7,"turns":3},{"damage":21,"enemies":"3 Sentries","floor":8,"turns":8},{"damage":33,"enemies":"Gremlin Nob","floor":10,"turns":6},{"damage":1,"enemies":"2 Fungi Beasts","floor":11,"turns":5},{"damage":0,"enemies":"Looter","floor":14,"turns":4},{"damage":10,"enemies":"Hexaghost","floor":16,"turns":9},{"damage":7,"enemies":"Chosen","floor":18,"turns":5},{"damage":12,"enemies":"2 Thieves","floor":19,"turns":5},{"damage":6,"enemies":"Snecko","floor":20,"turns":7},{"damage":8,"enemies":"Cultist and Chosen","floor":21,"turns":9},{"damage":14,"enemies":"Snake Plant","floor":22,"turns":6},{"damage":15,"enemies":"Book of Stabbing","floor":23,"turns":3}],"seed_played":"-1463867724213778940","potions_obtained":[{"floor":1,"key":"Dexterity Potion"},{"floor":4,"key":"Swift Potion"},{"floor":11,"key":"Poison Potion"},{"floor":18,"key":"GamblersBrew"},{"floor":22,"key":"Fire Potion"}],"is_trial":false,"path_per_floor":["?","?","?"],"character_chosen":"THE_SILENT","items_purchased":[],"campfire_rested":2,"item_purchase_floors":[],"current_hp_per_floor":[63,63,56,56,56,56,56,35,35,2,1,1,22,22,43,33,61,54,42,36,28,14,0],"gold":584,"neow_bonus":"THREE_ENEMY_KILL","is_prod":false,"is_daily":false,"chose_seed":false,"campfire_upgraded":0,"win_rate":0,"timestamp":1554086854,"path_taken":["M","?","?","M","$","E","M","E","T","E","M","?","R","M","R","BOSS","M","M","M","M","M","E"],"build_version":"2019-01-23","purchased_purges":0,"victory":false,"max_hp_per_floor":[70,70,70,70,70,70,70,70,70,70,70,70,70,70,70,70,70,70,70,70,70,70,70],"card_choices":[{"not_picked":["Crippling Poison","Terror"],"picked":"Dagger Throw","floor":1},{"not_picked":["Predator","Deadly Poison"],"picked":"Noxious Fumes","floor":4},{"not_picked":["Dagger Throw","Tools of the Trade"],"picked":"Poisoned Stab","floor":6},{"not_picked":["Poisoned Stab","Deflect"],"picked":"Cloak And Dagger","floor":7},{"not_picked":["Blur","Cloak And Dagger"],"picked":"Leg Sweep","floor":8},{"not_picked":["Poisoned Stab","Slice"],"picked":"Envenom","floor":10},{"not_picked":["Acrobatics","Eviscerate","Accuracy+1"],"picked":"SKIP","floor":11},{"not_picked":["Masterful Stab","Crippling Poison"],"picked":"Footwork+1","floor":14},{"not_picked":["Glass Knife","Malaise"],"picked":"After Image+1","floor":16},{"not_picked":["Quick Slash"],"picked":"SKIP","floor":18},{"not_picked":["Dodge and Roll"],"picked":"SKIP","floor":19},{"not_picked":[],"picked":"Slice","floor":20},{"not_picked":["Blade Dance"],"picked":"SKIP","floor":21},{"not_picked":["Underhanded Strike"],"picked":"SKIP","floor":22}],"player_experience":1359426,"relics_obtained":[{"floor":6,"key":"MawBank"},{"floor":8,"key":"Blue Candle"},{"floor":10,"key":"Frozen Egg 2"}],"event_choices":[{"damage_healed":0,"gold_gain":0,"player_choice":"Box","damage_taken":0,"relics_obtained":["Ornamental Fan"],"max_hp_gain":0,"max_hp_loss":0,"event_name":"Big Fish","floor":2,"gold_loss":0,"cards_obtained":["Regret"]},{"cards_removed":["Regret"],"damage_healed":0,"gold_gain":0,"player_choice":"Card Removal","damage_taken":7,"max_hp_gain":0,"max_hp_loss":0,"event_name":"Golden Wing","floor":3,"gold_loss":0},{"damage_healed":0,"gold_gain":0,"player_choice":"Ignored","damage_taken":0,"max_hp_gain":0,"max_hp_loss":0,"event_name":"Shining Light","floor":12,"gold_loss":0}],"is_beta":false,"boss_relics":[{"not_picked":["Ectoplasm","Calling Bell"],"picked":"Busted Crown"}],"items_purged_floors":[],"is_endless":false,"potions_floor_spawned":[1,4,7,11,18,19,22],"killed_by":"Book of Stabbing","ascension_level":13}