{"gold_per_floor":[213,288,304,315,2,28,78,92,92,1,13,13,13,13,13,13],"floor_reached":16,"playtime":554,"items_purged":["Strike_R"],"score":175,"play_id":"069bdcd5-dc43-4f81-b85a-1e8ea8d42ee0","local_time":"20190405190457","is_ascension_mode":true,"campfire_choices":[{"floor":15,"key":"REST"}],"neow_cost":"NONE","seed_source_timestamp":1798856251849225,"circlet_count":0,"master_deck":["AscendersBane","Strike_R","Strike_R","Strike_R","Strike_R+1","Defend_R","Defend_R","Defend_R","Defend_R","Bash+1","Pommel Strike","Feel No Pain","Exhume","Clothesline+1","Fiend Fire","Twin Strike","Purity"],"relics":["Burning Blood","PreservedInsect","Singing Bowl"],"potions_floor_usage":[6,11,16],"damage_taken":[{"damage":0,"enemies":"2 Louse","floor":1,"turns":3},{"damage":6,"enemies":"Cultist","floor":3,"turns":4},{"damage":10,"enemies":"Small Slimes","floor":4,"turns":4},{"damage":20,"enemies":"Gremlin Nob","floor":6,"turns":4},{"damage":24,"enemies":"Exordium Wildlife","floor":8,"turns":4},{"damage":0,"enemies":"2 Fungi Beasts","floor":11,"turns":4},{"damage":46,"enemies":"Slime Boss","floor":16,"turns":6}],"seed_played":"3813029051861926573","potions_obtained":[{"floor":4,"key":"SkillPotion"},{"floor":6,"key":"FearPotion"},{"floor":8,"key":"BloodPotion"}],"is_trial":false,"path_per_floor":["?","?","M","$","$","?","?"],"character_chosen":"IRONCLAD","items_purchased":["Exhume","Fire Potion","Clothesline","Purity"],"campfire_rested":1,"item_purchase_floors":[5,5,5,10],"current_hp_per_floor":[74,63,63,59,59,45,45,27,27,27,42,42,19,19,42,0],"gold":13,"neow_bonus":"HUNDRED_GOLD","is_prod":false,"is_daily":false,"chose_seed":false,"campfire_upgraded":0,"win_rate":0,"timestamp":1554505497,"path_taken":["M","?","M","M","$","E","?","?","T","?","M","?","?","?","R","BOSS"],"build_version":"2019-01-23","purchased_purges":1,"victory":false,"max_hp_per_floor":[75,75,75,75,75,75,75,75,75,75,77,77,77,77,77,77],"card_choices":[{"not_picked":["Havoc","Bloodletting","Armaments"],"picked":"SKIP","floor":1},{"not_picked":["Cleave","Shockwave"],"picked":"Pommel Strike","floor":3},{"not_picked":["Heavy Blade","Wild Strike"],"picked":"Feel No Pain","floor":4},{"not_picked":["Pummel","Evolve"],"picked":"Fiend Fire","floor":6},{"not_picked":["Sentinel","Iron Wave"],"picked":"Twin Strike","floor":8},{"not_picked":["Havoc","Clash","Combust"],"picked":"Singing Bowl","floor":11}],"player_experience":1526882,"relics_obtained":[{"floor":6,"key":"PreservedInsect"},{"floor":9,"key":"Singing Bowl"}],"event_choices":[{"damage_healed":0,"gold_gain":75,"player_choice":"Gather Gold","damage_taken":11,"max_hp_gain":0,"max_hp_loss":0,"event_name":"World of Goop","floor":2,"gold_loss":0},{"damage_healed":0,"gold_gain":50,"player_choice":"Pray","damage_taken":0,"max_hp_gain":0,"max_hp_loss":0,"event_name":"Golden Shrine","floor":7,"gold_loss":0},{"damage_healed":0,"gold_gain":0,"player_choice":"Entered Light","damage_taken":23,"max_hp_gain":0,"max_hp_loss":0,"event_name":"Shining Light","floor":13,"gold_loss":0,"cards_upgraded":["Strike_R","Clothesline"]},{"damage_healed":0,"gold_gain":0,"player_choice":"Grow","damage_taken":0,"max_hp_gain":0,"max_hp_loss":0,"event_name":"Living Wall","floor":14,"gold_loss":0,"cards_upgraded":["Bash"]}],"is_beta":false,"boss_relics":[],"items_purged_floors":[5],"is_endless":false,"potions_floor_spawned":[4,6,8],"killed_by":"Slime Boss","ascension_level":15}