{"path_per_floor":["M","M","?","M","M","E","M","?","T","M","R","M","$"],"character_chosen":"DEFECT","items_purchased":["White Noise","Leap"],"gold_per_floor":[119,133,83,98,117,143,161,161,185,205,205,225,32,32],"floor_reached":14,"campfire_rested":1,"playtime":893,"current_hp_per_floor":[74,74,74,61,52,26,19,19,19,15,37,30,30,0],"items_purged":["Strike_B"],"gold":32,"score":94,"play_id":"b6387519-f93f-4b14-a890-ab6ea8550dce","local_time":"20180427030324","is_prod":false,"is_daily":false,"chose_seed":false,"is_ascension_mode":false,"campfire_upgraded":0,"timestamp":1524812604,"path_taken":["M","M","?","M","M","E","M","?","T","M","R","M","$","M"],"build_version":"2018-04-26v2","seed_source_timestamp":206061384742618,"purchased_purges":1,"victory":false,"master_deck":["Strike_B","Strike_B","Defend_B","Defend_B","Defend_B","Defend_B","Zap","Dualcast","Impulse","Skim","Aggregate","Aggregate","Defragment","FTL","Hologram","Capacitor","White Noise","Leap"],"max_hp_per_floor":[75,75,75,75,75,75,75,75,75,75,75,75,75,75],"relics":["Cracked Core","Ornamental Fan","Oddly Smooth Stone","Singing Bowl"],"card_choices":[{"not_picked":["Hello World","Barrage"],"picked":"Impulse","floor":1},{"not_picked":["Beam Cell","Hologram"],"picked":"Skim","floor":2},{"not_picked":["Skim","Cold Snap"],"picked":"Aggregate","floor":4},{"not_picked":["Force Field","Static Discharge"],"picked":"Aggregate","floor":5},{"not_picked":["Hello World","Sweeping Beam"],"picked":"Defragment","floor":6},{"not_picked":["Sweeping Beam","Streamline"],"picked":"FTL","floor":7},{"not_picked":["Blizzard","Force Field"],"picked":"Hologram","floor":10},{"not_picked":["Glacier","Skim"],"picked":"Capacitor","floor":12}],"player_experience":101294,"potions_floor_usage":[6,6,7,10],"damage_taken":[{"damage":1,"enemies":"Jaw Worm","floor":1,"turns":4},{"damage":0,"enemies":"2 Louse","floor":2,"turns":3},{"damage":13,"enemies":"Cultist","floor":4,"turns":5},{"damage":9,"enemies":"Blue Slaver","floor":5,"turns":4},{"damage":26,"enemies":"Lagavulin","floor":6,"turns":7},{"damage":7,"enemies":"2 Fungi Beasts","floor":7,"turns":3},{"damage":4,"enemies":"Looter","floor":10,"turns":4},{"damage":7,"enemies":"Red Slaver","floor":12,"turns":4},{"damage":33,"enemies":"Exordium Thugs","floor":14,"turns":4}],"event_choices":[{"event_name":"The Cleric","player_choice":"Card Removal","floor":3,"damage_taken":0},{"event_name":"Dead Adventurer","player_choice":"Searched \u00271\u0027 times","floor":8,"damage_taken":0}],"boss_relics":[],"potions_floor_spawned":[2,5,6,7],"seed_played":"-6018986147446481027","killed_by":"Exordium Thugs","ascension_level":0,"is_trial":false}