{"gold_per_floor":[117,117,117,132,307,341,341,341,341,365,391,413,375,419,431,443],"floor_reached":16,"playtime":2141,"items_purged":[],"score":135,"play_id":"33552b48-2bbd-4b7e-b43c-bab5516eb58c","local_time":"20190407122419","is_ascension_mode":false,"campfire_choices":[{"data":"Outmaneuver","floor":8,"key":"SMITH"},{"data":"Bouncing Flask","floor":15,"key":"SMITH"}],"neow_cost":"NONE","seed_source_timestamp":146349483252179,"circlet_count":0,"master_deck":["Defend_G","Defend_G","Defend_G","Defend_G","Strike_G","Strike_G","Strike_G","Strike_G","Strike_G","Survivor","Neutralize","Flying Knee","Quick Slash","Sucker Punch","Doubt","Outmaneuver+1","Bouncing Flask+1","Backflip","Footwork","Skewer","Tools of the Trade","Backflip","Poisoned Stab"],"relics":["Ring of the Snake","NeowsBlessing","Anchor","Prayer Wheel","MawBank","Happy Flower"],"potions_floor_usage":[14,14],"damage_taken":[{"damage":0,"enemies":"2 Louse","floor":1,"turns":1},{"damage":0,"enemies":"Small Slimes","floor":4,"turns":1},{"damage":0,"enemies":"3 Sentries","floor":6,"turns":2},{"damage":0,"enemies":"Jaw Worm","floor":10,"turns":4},{"damage":4,"enemies":"3 Louse","floor":11,"turns":4},{"damage":1,"enemies":"2 Fungi Beasts","floor":12,"turns":3},{"damage":2,"enemies":"Gremlin Nob","floor":14,"turns":5},{"damage":68,"enemies":"The Guardian","floor":16,"turns":8}],"seed_played":"-6258257548494083219","potions_obtained":[{"floor":1,"key":"GhostInAJar"},{"floor":10,"key":"GhostInAJar"},{"floor":14,"key":"LiquidBronze"}],"is_trial":false,"path_per_floor":["M","?","?","M","?","E","?","R","T","M","M","M","?","E","R","B"],"character_chosen":"THE_SILENT","items_purchased":[],"campfire_rested":0,"item_purchase_floors":[],"current_hp_per_floor":[70,70,70,70,70,70,70,70,70,70,66,65,65,63,63,0],"gold":443,"neow_bonus":"THREE_ENEMY_KILL","is_prod":false,"is_daily":false,"chose_seed":false,"campfire_upgraded":2,"win_rate":0,"timestamp":1554636259,"path_taken":["M","?","?","M","?","E","?","R","T","M","M","?","?","E","R","BOSS"],"build_version":"2019-01-23","purchased_purges":0,"victory":false,"max_hp_per_floor":[70,70,70,70,70,70,70,70,70,70,70,70,70,70,70,70],"card_choices":[{"not_picked":["Choke","Quick Slash"],"picked":"Flying Knee","floor":1},{"not_picked":["Dagger Spray","Underhanded Strike"],"picked":"Sucker Punch","floor":4},{"not_picked":["PiercingWail","Caltrops"],"picked":"Outmaneuver","floor":6},{"not_picked":["Concentrate","Dagger Spray"],"picked":"Bouncing Flask","floor":10},{"not_picked":["All Out Attack","Finisher"],"picked":"Backflip","floor":10},{"not_picked":["Quick Slash","Underhanded Strike"],"picked":"Footwork","floor":11},{"not_picked":["Riddle With Holes","Acrobatics"],"picked":"Skewer","floor":11},{"not_picked":["Underhanded Strike","Endless Agony"],"picked":"Tools of the Trade","floor":12},{"not_picked":["Outmaneuver","Quick Slash"],"picked":"Backflip","floor":12},{"not_picked":["Finisher","Eviscerate"],"picked":"Poisoned Stab","floor":14}],"player_experience":334009,"relics_obtained":[{"floor":6,"key":"Anchor"},{"floor":9,"key":"MawBank"},{"floor":14,"key":"Happy Flower"}],"event_choices":[{"damage_healed":0,"gold_gain":0,"cards_transformed":["Defend_G"],"player_choice":"Change","damage_taken":0,"max_hp_gain":0,"max_hp_loss":0,"event_name":"Living Wall","floor":2,"gold_loss":0,"cards_obtained":["Quick Slash"]},{"damage_healed":0,"gold_gain":0,"player_choice":"Ignored","damage_taken":0,"max_hp_gain":0,"max_hp_loss":0,"event_name":"Golden Wing","floor":3,"gold_loss":0},{"damage_healed":0,"gold_gain":175,"player_choice":"AGREE","damage_taken":0,"max_hp_gain":0,"max_hp_loss":0,"event_name":"Liars Game","floor":5,"gold_loss":0,"cards_obtained":["Doubt"]},{"damage_healed":0,"gold_gain":0,"player_choice":"Box","damage_taken":0,"relics_obtained":["Prayer Wheel"],"max_hp_gain":0,"max_hp_loss":0,"event_name":"Big Fish","floor":7,"gold_loss":0,"cards_obtained":["Regret"]},{"cards_removed":["Regret"],"damage_healed":0,"gold_gain":0,"player_choice":"Card Removal","damage_taken":0,"max_hp_gain":0,"max_hp_loss":0,"event_name":"The Cleric","floor":13,"gold_loss":50}],"is_beta":false,"boss_relics":[],"items_purged_floors":[],"is_endless":false,"potions_floor_spawned":[1,10,14],"killed_by":"The Guardian","ascension_level":0}