{"gold_per_floor":[213,229,248,248,262,262,276,276,303,303,336,368,236,236,236,331,331,346,396,446,466,516,546,299,319,371,391,391,457,474,486,486,486],"floor_reached":33,"playtime":14744,"items_purged":["Regret"],"score":403,"play_id":"6597fc85-c0ed-451e-b2fe-cb30c92a5b33","local_time":"20190124135933","is_ascension_mode":true,"campfire_choices":[{"data":"Neutralize","floor":6.0,"key":"SMITH"},{"floor":15.0,"key":"REST"},{"data":"Bite","floor":32,"key":"SMITH"}],"neow_cost":"NONE","seed_source_timestamp":246057821624394,"circlet_count":0,"master_deck":["Defend_G","Defend_G","Defend_G","Defend_G","Defend_G","Survivor","Neutralize+1","Backflip","Flying Knee","Sucker Punch","Slice","After Image","Prepared","Deflect","Sucker Punch","Deflect","Venomology","Dodge and Roll+1","Caltrops","Writhe","Cloak And Dagger+1","Bite+1","Bite","Bite","Bite","Bite","Flying Knee","Prepared","Blade Dance","Heel Hook","Cloak And Dagger","Accuracy+1"],"special_seed":0,"relics":["Ring of the Snake","WarpedTongs","Bag of Marbles","Lantern","MawBank","SsserpentHead","White Beast Statue","Potion Belt","Peace Pipe","Membership Card","Regal Pillow"],"potions_floor_usage":[25,27,27,27,28,28,28,28,30,30,31,33,33,33],"damage_taken":[{"damage":4.0,"enemies":"2 Louse","floor":1.0,"turns":3.0},{"damage":1.0,"enemies":"Cultist","floor":2.0,"turns":5.0},{"damage":2.0,"enemies":"Jaw Worm","floor":3.0,"turns":4.0},{"damage":4.0,"enemies":"Looter","floor":5.0,"turns":4.0},{"damage":7.0,"enemies":"Exordium Thugs","floor":7.0,"turns":4.0},{"damage":11.0,"enemies":"Gremlin Nob","floor":11.0,"turns":5.0},{"damage":0.0,"enemies":"3 Louse","floor":12.0,"turns":3.0},{"damage":6.0,"enemies":"Hexaghost","floor":16.0,"turns":14.0},{"damage":2.0,"enemies":"Shell Parasite","floor":18.0,"turns":8.0},{"damage":3.0,"enemies":"Chosen","floor":21.0,"turns":4.0},{"damage":30.0,"enemies":"Book of Stabbing","floor":23.0,"turns":8.0},{"damage":15,"enemies":"Sentry and Sphere","floor":25,"turns":9},{"damage":2,"enemies":"Chosen and Byrds","floor":27,"turns":8},{"damage":21,"enemies":"Gremlin Leader","floor":28,"turns":6},{"damage":11,"enemies":"Snake Plant","floor":29,"turns":8},{"damage":20,"enemies":"3 Cultists","floor":30,"turns":7},{"damage":15,"enemies":"Snecko","floor":31,"turns":8},{"damage":48,"enemies":"Collector","floor":33,"turns":6}],"seed_played":"3429858579403450065","potions_obtained":[{"floor":3.0,"key":"Explosive Potion"},{"floor":5.0,"key":"FearPotion"},{"floor":12.0,"key":"Dexterity Potion"},{"floor":16.0,"key":"Swift Potion"},{"floor":18.0,"key":"Poison Potion"},{"floor":21.0,"key":"SkillPotion"},{"floor":23.0,"key":"Block Potion"},{"floor":25,"key":"Dexterity Potion"},{"floor":27,"key":"Fruit Juice"},{"floor":29,"key":"SkillPotion"},{"floor":30,"key":"Weak Potion"},{"floor":31,"key":"Explosive Potion"}],"is_trial":false,"path_per_floor":["M","M","M","?","M","R","M","?","T","?","E","M","$","?","R","B",null,"M","?","?","M","?","E","$","M","T","M","E","M","M","M","R","B"],"character_chosen":"THE_SILENT","items_purchased":["Sucker Punch","Deflect","Membership Card","Prepared","Blade Dance","Heel Hook"],"campfire_rested":1,"item_purchase_floors":[13,13,24,24,24,24],"current_hp_per_floor":[59,58,56,56,52,52,45,38,38,38,27,27,27,27,48,42,63,61,61,61,58,49,32,32,34,34,54,39,37,29,29,29,0],"gold":486,"neow_bonus":"HUNDRED_GOLD","is_prod":false,"is_daily":false,"chose_seed":false,"campfire_upgraded":2,"win_rate":0,"timestamp":1548363573,"path_taken":["M","M","M","?","?","R","M","?","T","?","E","M","$","?","R","BOSS","M","?","?","M","?","E","?","M","T","M","E","?","M","M","R","BOSS"],"build_version":"2019-01-23","purchased_purges":1,"victory":false,"max_hp_per_floor":[70,70,70,70,70,70,70,70,70,70,70,70,70,70,70,70,70,70,70,70,70,49,49,49,49,49,54,54,54,54,54,54,54],"card_choices":[{"not_picked":["Flechettes","Underhanded Strike"],"picked":"Backflip","floor":1.0},{"not_picked":["Outmaneuver","Bane"],"picked":"Flying Knee","floor":2.0},{"not_picked":["Caltrops","Flying Knee"],"picked":"Sucker Punch","floor":3.0},{"not_picked":["Bouncing Flask","Reflex"],"picked":"Slice","floor":5.0},{"not_picked":["Outmaneuver","Bane"],"picked":"After Image","floor":7.0},{"not_picked":["Reflex","Quick Slash"],"picked":"Prepared","floor":11.0},{"not_picked":["Acrobatics","Deadly Poison"],"picked":"Deflect","floor":12.0},{"not_picked":["Night Terror","A Thousand Cuts"],"picked":"Venomology","floor":16.0},{"not_picked":["Eviscerate","Well Laid Plans"],"picked":"Dodge and Roll+1","floor":18.0},{"not_picked":["Finisher","Blade Dance"],"picked":"Cloak And Dagger+1","floor":21.0},{"not_picked":["Noxious Fumes","Underhanded Strike"],"picked":"Flying Knee","floor":23.0},{"not_picked":["Flechettes","Infinite Blades","Flying Knee"],"picked":"SKIP","floor":25},{"not_picked":["Burst","Caltrops"],"picked":"Cloak And Dagger","floor":27},{"not_picked":["Flying Knee+1","Cloak And Dagger"],"picked":"Accuracy+1","floor":29},{"not_picked":["Bane","Dagger Spray","Tactician"],"picked":"SKIP","floor":30},{"not_picked":["Poisoned Stab","Skewer","Setup"],"picked":"SKIP","floor":31}],"player_experience":1280793,"relics_obtained":[{"floor":9.0,"key":"Bag of Marbles"},{"floor":11.0,"key":"MawBank"},{"floor":23.0,"key":"Peace Pipe"},{"floor":26,"key":"Regal Pillow"}],"event_choices":[{"damage_healed":0.0,"max_hp_gain":0.0,"max_hp_loss":0.0,"gold_gain":0.0,"event_name":"Accursed Blacksmith","player_choice":"Rummage","floor":4.0,"gold_loss":0.0,"damage_taken":0.0,"relics_obtained":["WarpedTongs"],"cards_obtained":["Pain"]},{"cards_removed":["Pain"],"damage_healed":0.0,"max_hp_gain":0.0,"max_hp_loss":0.0,"gold_gain":0.0,"event_name":"Golden Wing","player_choice":"Card Removal","floor":8.0,"gold_loss":0.0,"damage_taken":7.0},{"damage_healed":0.0,"max_hp_gain":0.0,"max_hp_loss":0.0,"gold_gain":0.0,"event_name":"Big Fish","player_choice":"Box","floor":10.0,"gold_loss":0.0,"damage_taken":0.0,"relics_obtained":["Lantern"],"cards_obtained":["Regret"]},{"damage_healed":0.0,"max_hp_gain":0.0,"max_hp_loss":0.0,"gold_gain":0.0,"event_name":"FaceTrader","player_choice":"Trade","floor":14.0,"gold_loss":0.0,"damage_taken":0.0,"relics_obtained":["SsserpentHead"]},{"damage_healed":0.0,"max_hp_gain":0.0,"max_hp_loss":0.0,"gold_gain":0.0,"event_name":"The Library","player_choice":"Read","floor":19.0,"gold_loss":0.0,"damage_taken":0.0,"cards_obtained":["Caltrops"]},{"damage_healed":0.0,"max_hp_gain":0.0,"max_hp_loss":0.0,"gold_gain":0.0,"event_name":"The Mausoleum","player_choice":"Opened","floor":20.0,"gold_loss":0.0,"damage_taken":0.0,"relics_obtained":["Potion Belt"],"cards_obtained":["Writhe"]},{"damage_healed":0.0,"max_hp_gain":0.0,"max_hp_loss":21.0,"gold_gain":0.0,"event_name":"Vampires","player_choice":"Became a vampire","floor":22.0,"gold_loss":0.0,"damage_taken":0.0,"cards_obtained":["Bite","Bite","Bite","Bite","Bite"]}],"is_beta":false,"boss_relics":[{"not_picked":["Ectoplasm","Coffee Dripper"],"picked":"White Beast Statue"}],"items_purged_floors":[13],"is_endless":false,"potions_floor_spawned":[3,5,12,16,18,21,23,25,27,28,29,30,31],"killed_by":"Collector","ascension_level":6}