{"gold_per_floor":[115,129,11,11,31,31,57,57,57,87,87,87,87],"floor_reached":13,"playtime":857,"items_purged":["Parasite"],"score":173,"play_id":"51afc3d4-363d-45d4-9b62-4ec37789beb7","local_time":"20190411153855","is_ascension_mode":true,"campfire_choices":[{"data":"Noxious Fumes","floor":6,"key":"SMITH"},{"floor":8,"key":"REST"}],"neow_cost":"CURSE","seed_source_timestamp":2304590724163424,"circlet_count":0,"master_deck":["AscendersBane","Defend_G","Defend_G","Defend_G","Defend_G","Defend_G+1","Strike_G+1","Strike_G","Strike_G","Strike_G","Strike_G","Survivor","Neutralize","Choke","Noxious Fumes+1","Crippling Poison","Calculated Gamble","Caltrops"],"relics":["Ring of the Snake","Mango","Letter Opener","Shuriken","Omamori","Bag of Preparation"],"potions_floor_usage":[13],"damage_taken":[{"damage":14,"enemies":"Jaw Worm","floor":1,"turns":8},{"damage":5,"enemies":"Cultist","floor":2,"turns":5},{"damage":0,"enemies":"Small Slimes","floor":5,"turns":4},{"damage":32,"enemies":"3 Sentries","floor":7,"turns":9},{"damage":10,"enemies":"Lagavulin","floor":10,"turns":6},{"damage":15,"enemies":"3 Sentries","floor":13,"turns":3}],"seed_played":"4786130972595684304","potions_obtained":[{"floor":2,"key":"Weak Potion"},{"floor":7,"key":"Strength Potion"},{"floor":10,"key":"Swift Potion"}],"is_trial":false,"path_per_floor":["?","M","?","?"],"character_chosen":"THE_SILENT","items_purchased":["Noxious Fumes"],"campfire_rested":1,"item_purchase_floors":[3],"current_hp_per_floor":[59,54,54,54,54,54,22,45,45,35,12,7,0],"gold":87,"neow_bonus":"ONE_RARE_RELIC","is_prod":false,"is_daily":false,"chose_seed":false,"campfire_upgraded":1,"win_rate":0,"timestamp":1555011535,"path_taken":["M","M","$","?","?","R","E","R","T","E","?","?","E"],"build_version":"2019-01-23","purchased_purges":1,"victory":false,"max_hp_per_floor":[80,80,77,77,77,77,77,77,77,77,77,77,77],"card_choices":[{"not_picked":["Eviscerate","Bane","Blade Dance"],"picked":"SKIP","floor":1},{"not_picked":["Dodge and Roll","Acrobatics"],"picked":"Choke","floor":2},{"not_picked":["Envenom","Accuracy"],"picked":"Crippling Poison","floor":5},{"not_picked":["Flying Knee","Blade Dance"],"picked":"Calculated Gamble","floor":7},{"not_picked":["Underhanded Strike","Blur"],"picked":"Caltrops","floor":10}],"player_experience":1817143,"relics_obtained":[{"floor":7,"key":"Shuriken"},{"floor":9,"key":"Omamori"},{"floor":10,"key":"Bag of Preparation"}],"event_choices":[{"damage_healed":0,"gold_gain":0,"player_choice":"Gave Potion","damage_taken":0,"relics_obtained":["Letter Opener"],"max_hp_gain":0,"max_hp_loss":0,"event_name":"WeMeetAgain","floor":4,"gold_loss":0},{"damage_healed":0,"gold_gain":0,"player_choice":"Entered Light","damage_taken":23,"max_hp_gain":0,"max_hp_loss":0,"event_name":"Shining Light","floor":11,"gold_loss":0,"cards_upgraded":["Strike_G","Defend_G"]},{"damage_healed":0,"gold_gain":0,"player_choice":"Fled","damage_taken":5,"max_hp_gain":0,"max_hp_loss":0,"event_name":"Scrap Ooze","floor":12,"gold_loss":0}],"is_beta":false,"boss_relics":[],"items_purged_floors":[3],"is_endless":false,"potions_floor_spawned":[2,7,10],"killed_by":"3 Sentries","ascension_level":18}