{"gold_per_floor":[118,42,58,73,85,120,139,171,171,171,197,197,208,239,239,336,336,354,354,369,111,129,145,159,169,169,169],"floor_reached":27,"playtime":1447,"items_purged":["Strike_B"],"score":386,"play_id":"498777c9-7cd2-4ef3-b7ac-8d60567e2ad8","local_time":"20190403000113","is_ascension_mode":true,"campfire_choices":[{"floor":10,"key":"REST"},{"floor":12,"key":"REST"},{"data":"Defragment","floor":15,"key":"SMITH"}],"neow_cost":"NONE","seed_source_timestamp":1556538811595104,"circlet_count":0,"master_deck":["AscendersBane","Defend_B","Defend_B","Defend_B","Defend_B","Zap","Dualcast","Coolheaded","Darkness","Defragment+1","Rip and Tear+1","Chill","Coolheaded","Capacitor","Ball Lightning+1","Cold Snap","Sweeping Beam","Steam","Seek","Doom and Gloom+1","Tempest+1","Reboot+1","Loop","Defragment","Chill"],"relics":["Cracked Core","Vajra","Whetstone","Omamori","Happy Flower","Ornamental Fan","Astrolabe","Enchiridion"],"potions_floor_usage":[6,8,16,27],"damage_taken":[{"damage":0,"enemies":"Cultist","floor":1,"turns":4},{"damage":2,"enemies":"Jaw Worm","floor":3,"turns":4},{"damage":0,"enemies":"2 Louse","floor":4,"turns":2},{"damage":0,"enemies":"Large Slime","floor":5,"turns":4},{"damage":40,"enemies":"Gremlin Nob","floor":6,"turns":6},{"damage":8,"enemies":"2 Fungi Beasts","floor":7,"turns":3},{"damage":19,"enemies":"Lagavulin","floor":8,"turns":7},{"damage":11,"enemies":"3 Sentries","floor":11,"turns":8},{"damage":11,"enemies":"3 Louse","floor":13,"turns":3},{"damage":5,"enemies":"Gremlin Nob","floor":14,"turns":3},{"damage":5,"enemies":"Hexaghost","floor":16,"turns":8},{"damage":13,"enemies":"Shell Parasite","floor":18,"turns":5},{"damage":0,"enemies":"Spheric Guardian","floor":20,"turns":2},{"damage":0,"enemies":"Cultist and Chosen","floor":22,"turns":4},{"damage":10,"enemies":"3 Cultists","floor":23,"turns":5},{"damage":8,"enemies":"Centurion and Healer","floor":24,"turns":5},{"damage":11,"enemies":"Snake Plant","floor":25,"turns":4},{"damage":26,"enemies":"Gremlin Leader","floor":27,"turns":4}],"seed_played":"3484801370996885538","potions_obtained":[{"floor":1,"key":"Explosive Potion"},{"floor":5,"key":"Ancient Potion"},{"floor":6,"key":"SkillPotion"},{"floor":8,"key":"Strength Potion"},{"floor":16,"key":"Fire Potion"}],"is_trial":false,"path_per_floor":["?"],"character_chosen":"DEFECT","items_purchased":["Darkness","Loop","FairyPotion"],"campfire_rested":2,"item_purchase_floors":[2,21,21],"current_hp_per_floor":[75,75,73,73,73,33,25,6,6,30,19,43,32,27,27,22,67,54,38,38,38,38,28,20,9,9,0],"gold":169,"neow_bonus":"TEN_PERCENT_HP_BONUS","is_prod":false,"is_daily":false,"chose_seed":false,"campfire_upgraded":1,"win_rate":0,"timestamp":1554264073,"path_taken":["M","$","M","M","M","E","M","E","T","R","E","R","M","E","R","BOSS","M","?","M","$","M","M","M","M","T","E"],"build_version":"2019-01-23","purchased_purges":1,"victory":false,"max_hp_per_floor":[82,82,82,82,82,82,82,82,82,82,82,82,82,82,82,82,82,82,82,82,82,82,82,82,82,82,82],"card_choices":[{"not_picked":["Skim","Beam Cell"],"picked":"Coolheaded","floor":1},{"not_picked":["Go for the Eyes","Cold Snap"],"picked":"Defragment","floor":3},{"not_picked":["Rebound","Coolheaded"],"picked":"Rip and Tear","floor":4},{"not_picked":["Redo","Fusion"],"picked":"Chill","floor":5},{"not_picked":["Gash","Leap"],"picked":"Coolheaded","floor":6},{"not_picked":["Go for the Eyes","Darkness"],"picked":"Capacitor","floor":7},{"not_picked":["Multi-Cast","Streamline"],"picked":"Ball Lightning","floor":8},{"not_picked":["Hello World","Sweeping Beam"],"picked":"Cold Snap","floor":11},{"not_picked":["Steam","Coolheaded"],"picked":"Sweeping Beam","floor":13},{"not_picked":["Beam Cell","Thunder Strike"],"picked":"Steam","floor":14},{"not_picked":["Amplify","Thunder Strike"],"picked":"Seek","floor":16},{"not_picked":["Hologram+1","Rebound+1","Streamline"],"picked":"SKIP","floor":18},{"not_picked":["Beam Cell+1","Melter+1","Darkness"],"picked":"SKIP","floor":20},{"not_picked":["Static Discharge","Undo","Doom and Gloom"],"picked":"SKIP","floor":22},{"not_picked":["Beam Cell","Ball Lightning"],"picked":"Defragment","floor":23},{"not_picked":["Steam Power","Stack"],"picked":"Chill","floor":24},{"not_picked":["Force Field","Streamline","Scrape+1"],"picked":"SKIP","floor":25}],"player_experience":1406090,"relics_obtained":[{"floor":6,"key":"Vajra"},{"floor":8,"key":"Whetstone"},{"floor":9,"key":"Omamori"},{"floor":11,"key":"Happy Flower"},{"floor":14,"key":"Ornamental Fan"},{"floor":19,"key":"Enchiridion"}],"event_choices":[{"damage_healed":0,"gold_gain":0,"player_choice":"Obtained Book","damage_taken":16,"max_hp_gain":0,"max_hp_loss":0,"event_name":"Cursed Tome","floor":19,"gold_loss":0}],"is_beta":false,"boss_relics":[{"not_picked":["Runic Dome","White Beast Statue"],"picked":"Astrolabe"}],"items_purged_floors":[21],"is_endless":false,"potions_floor_spawned":[1,5,6,8,16,22,25],"killed_by":"Gremlin Leader","ascension_level":11}