{"gold_per_floor":[20,33,53,73,91,91,106,61,87,99,131,174,186,211,223,334,346,376,388,400,462,536,580,666,678,690,702,740,752],"floor_reached":29,"playtime":2052,"items_purged":[],"score":265,"play_id":"47f66925-f692-4ac0-9800-938056db0096","local_time":"20180730163909","is_ascension_mode":false,"campfire_choices":[{"floor":6,"key":"REST"},{"floor":10,"key":"REST"},{"floor":13,"key":"REST"},{"floor":15,"key":"REST"},{"floor":25,"key":"REST"},{"floor":27,"key":"DIG"}],"neow_cost":"NO_GOLD","seed_source_timestamp":339733337487078,"circlet_count":0,"master_deck":["Defend_G","Defend_G","Defend_G","Defend_G","Defend_G","Strike_G","Strike_G","Strike_G","Strike_G","Strike_G","Survivor","Neutralize","A Thousand Cuts","Crippling Poison+1","Leg Sweep","Quick Slash","Blade Dance","Prepared","Deflect","Dagger Spray","Terror","Underhanded Strike","Deflect","Venomology+1","Deadly Poison+1","Acrobatics","Dagger Spray+1","Flying Knee","Blur+1"],"relics":["Ring of the Snake","MawBank","Ancient Tea Set","Eternal Feather","Dream Catcher","SsserpentHead","Blood Vial","Regal Pillow","War Paint","Shovel","Toxic Egg 2","Frozen Egg 2"],"potions_floor_usage":[7,12,12,16,18,22,22,23,23,23,28,29],"damage_taken":[{"damage":2,"enemies":"Cultist","floor":1,"turns":6},{"damage":3,"enemies":"2 Louse","floor":2,"turns":3},{"damage":3,"enemies":"Small Slimes","floor":3,"turns":4},{"damage":33,"enemies":"Exordium Thugs","floor":4,"turns":8},{"damage":15,"enemies":"2 Fungi Beasts","floor":5,"turns":4},{"damage":10,"enemies":"Looter","floor":7,"turns":3},{"damage":3,"enemies":"3 Louse","floor":11,"turns":4},{"damage":18,"enemies":"Lagavulin","floor":12,"turns":5},{"damage":7,"enemies":"Large Slime","floor":14,"turns":7},{"damage":31,"enemies":"The Guardian","floor":16,"turns":20},{"damage":20,"enemies":"3 Byrds","floor":18,"turns":5},{"damage":24,"enemies":"Chosen","floor":22,"turns":6},{"damage":36,"enemies":"Gremlin Leader","floor":23,"turns":8},{"damage":60,"enemies":"Slavers","floor":28,"turns":5},{"damage":13,"enemies":"Slaver and Parasite","floor":29,"turns":5}],"seed_played":"3888463044309894001","potions_obtained":[{"floor":1,"key":"Strength Potion"},{"floor":3,"key":"Poison Potion"},{"floor":5,"key":"SkillPotion"},{"floor":11,"key":"GhostInAJar"},{"floor":12,"key":"Dexterity Potion"},{"floor":16,"key":"Regen Potion"},{"floor":22,"key":"Explosive Potion"},{"floor":28,"key":"Energy Potion"}],"is_trial":false,"path_per_floor":["M","M","M","M","M","R","M","$","T","R","M","E","R","M","R","B",null,"M","?","?","?","M","E","T","R","T","R","E"],"character_chosen":"THE_SILENT","items_purchased":["Dagger Spray"],"campfire_rested":5,"item_purchase_floors":[8],"current_hp_per_floor":[68,65,62,29,14,35,25,25,25,46,43,25,46,39,60,29,70,50,50,50,50,43,9,9,60,60,70,10,0],"gold":752,"neow_bonus":"THREE_RARE_CARDS","is_prod":false,"is_daily":false,"chose_seed":false,"campfire_upgraded":0,"win_rate":0.0,"timestamp":1532990349,"path_taken":["M","M","?","M","M","R","M","$","T","R","M","E","R","M","R","BOSS","M","?","?","?","?","E","?","R","T","R","E","M"],"build_version":"2018-07-26","purchased_purges":0,"victory":false,"max_hp_per_floor":[70,70,70,70,70,70,70,70,70,70,70,70,70,70,70,70,70,70,70,70,70,70,70,70,70,70,70,70,70],"card_choices":[{"not_picked":["Envenom","Adrenaline"],"picked":"A Thousand Cuts","floor":0},{"not_picked":["Bouncing Flask","Prepared"],"picked":"Crippling Poison","floor":1},{"not_picked":["Outmaneuver","Acrobatics"],"picked":"Leg Sweep","floor":2},{"not_picked":["Underhanded Strike","Tools of the Trade"],"picked":"Quick Slash","floor":3},{"not_picked":["Prepared","Acrobatics"],"picked":"Blade Dance","floor":4},{"not_picked":["Catalyst","PiercingWail"],"picked":"Prepared","floor":5},{"not_picked":["Tactician","All Out Attack"],"picked":"Deflect","floor":7},{"not_picked":["Eviscerate","Leg Sweep"],"picked":"Terror","floor":11},{"not_picked":["Night Terror","Choke"],"picked":"Underhanded Strike","floor":12},{"not_picked":["Escape Plan","Backflip"],"picked":"Deflect","floor":14},{"not_picked":["Unload","Wraith Form v2"],"picked":"Venomology","floor":16},{"not_picked":["Acrobatics+1","Flying Knee"],"picked":"Deadly Poison+1","floor":18},{"not_picked":["PiercingWail+1","Eviscerate+1"],"picked":"Acrobatics","floor":22},{"not_picked":["Outmaneuver","Malaise"],"picked":"Dagger Spray+1","floor":23},{"not_picked":["Riddle With Holes","Reflex"],"picked":"Flying Knee","floor":25},{"not_picked":["Dagger Throw","Underhanded Strike+1"],"picked":"Blur+1","floor":28}],"player_experience":107006,"relics_obtained":[{"floor":9,"key":"MawBank"},{"floor":12,"key":"Ancient Tea Set"},{"floor":23,"key":"Regal Pillow"},{"floor":24,"key":"War Paint"},{"floor":26,"key":"Shovel"},{"floor":27,"key":"Toxic Egg 2"},{"floor":28,"key":"Frozen Egg 2"}],"event_choices":[{"event_name":"WeMeetAgain","player_choice":"Potion","floor":19,"damage_taken":0},{"event_name":"FaceTrader","player_choice":"Trade","floor":20,"damage_taken":0},{"event_name":"The Mausoleum","player_choice":"Yes","floor":21,"damage_taken":0}],"is_beta":false,"boss_relics":[{"not_picked":["Snecko Eye","Ectoplasm"],"picked":"Eternal Feather"}],"items_purged_floors":[],"is_endless":false,"potions_floor_spawned":[1,3,5,11,12,16,22,28],"killed_by":"Slaver and Parasite","ascension_level":0}