{"gold_per_floor":[117,130,150,150,164,198,198,214,214,224,29,62,62,62,62,161,161,177,196,196,196,212,212,212,227,276,201,201],"floor_reached":28,"playtime":1394,"items_purged":[],"score":250,"play_id":"7e5476f9-f5f7-460f-94a2-cbafdee8f437","local_time":"20190212163927","is_ascension_mode":false,"campfire_choices":[{"floor":7,"key":"REST"},{"floor":13,"key":"REST"},{"floor":15,"key":"REST"},{"data":"Zap","floor":23,"key":"SMITH"}],"neow_cost":"NONE","seed_source_timestamp":446142140502785,"circlet_count":0,"master_deck":["Strike_B","Strike_B+1","Strike_B","Strike_B","Defend_B","Defend_B+1","Defend_B","Zap+1","Dualcast+1","Gash+1","Leap","Self Repair","Leap","Gash+1","Genetic Algorithm","Core Surge","Gash","Defragment"],"relics":["Cracked Core","War Paint","Bottled Flame","Smiling Mask","DollysMirror","Pen Nib","Shuriken","Cursed Key","DataDisk"],"potions_floor_usage":[12,24,24,25,25,28],"damage_taken":[{"damage":0,"enemies":"Cultist","floor":1,"turns":3},{"damage":0,"enemies":"2 Louse","floor":2,"turns":2},{"damage":0,"enemies":"Small Slimes","floor":3,"turns":2},{"damage":7,"enemies":"Blue Slaver","floor":5,"turns":3},{"damage":54,"enemies":"3 Sentries","floor":6,"turns":15},{"damage":1,"enemies":"2 Fungi Beasts","floor":8,"turns":4},{"damage":0,"enemies":"Looter","floor":10,"turns":4},{"damage":14,"enemies":"Gremlin Nob","floor":12,"turns":4},{"damage":43,"enemies":"Hexaghost","floor":16,"turns":11},{"damage":10,"enemies":"Spheric Guardian","floor":18,"turns":4},{"damage":14,"enemies":"Shell Parasite","floor":19,"turns":5},{"damage":16,"enemies":"Cultist and Chosen","floor":22,"turns":6},{"damage":50,"enemies":"Slavers","floor":24,"turns":5},{"damage":7,"enemies":"Sentry and Sphere","floor":25,"turns":6},{"damage":23,"enemies":"Gremlin Leader","floor":28,"turns":4}],"seed_played":"8635045009918478718","potions_obtained":[{"floor":1,"key":"EntropicBrew"},{"floor":8,"key":"Swift Potion"},{"floor":12,"key":"Regen Potion"},{"floor":22,"key":"SmokeBomb"}],"is_trial":false,"path_per_floor":["M","?","?","?","?","?"],"character_chosen":"DEFECT","items_purchased":["DollysMirror"],"campfire_rested":3,"item_purchase_floors":[11],"current_hp_per_floor":[75,75,75,60,60,13,35,34,34,41,41,34,56,31,53,17,75,72,65,51,51,42,42,13,13,13,13,0],"gold":201,"neow_bonus":"RANDOM_COMMON_RELIC","is_prod":false,"is_daily":false,"chose_seed":false,"campfire_upgraded":1,"win_rate":0,"timestamp":1550007567,"path_taken":["M","?","M","?","M","E","R","M","T","M","$","E","R","?","R","BOSS","M","M","?","?","M","R","E","M","T","?","E"],"build_version":"2019-01-23","purchased_purges":0,"victory":false,"max_hp_per_floor":[75,75,75,75,75,75,75,75,75,75,75,75,75,75,75,75,75,75,75,80,80,80,80,80,80,80,80,80],"card_choices":[{"not_picked":["Force Field","Sweeping Beam"],"picked":"Gash","floor":1},{"not_picked":["Rebound","Sweeping Beam"],"picked":"Leap","floor":2},{"not_picked":["Barrage","Leap"],"picked":"Self Repair","floor":3},{"not_picked":["Rebound","Cold Snap","Multi-Cast"],"picked":"SKIP","floor":5},{"not_picked":["Tempest","Sweeping Beam","Fusion"],"picked":"SKIP","floor":6},{"not_picked":["Redo","Melter"],"picked":"Leap","floor":8},{"not_picked":["Compile Driver","Sweeping Beam","Darkness"],"picked":"SKIP","floor":10},{"not_picked":["Ball Lightning","Blizzard"],"picked":"Genetic Algorithm","floor":12},{"not_picked":["Multi-Cast","Meteor Strike"],"picked":"Core Surge","floor":16},{"not_picked":["White Noise+1","Heatsinks"],"picked":"Gash","floor":18},{"not_picked":["Coolheaded","Hologram","Turbo"],"picked":"SKIP","floor":19},{"not_picked":["Cold Snap","Conserve Battery"],"picked":"Defragment","floor":22},{"not_picked":["Streamline+1","Barrage","Stack"],"picked":"SKIP","floor":25}],"player_experience":449795,"relics_obtained":[{"floor":6,"key":"Bottled Flame"},{"floor":9,"key":"Smiling Mask"},{"floor":12,"key":"Pen Nib"},{"floor":26,"key":"DataDisk"}],"event_choices":[{"damage_healed":0,"gold_gain":0,"player_choice":"Entered Light","damage_taken":15,"max_hp_gain":0,"max_hp_loss":0,"event_name":"Shining Light","floor":4,"gold_loss":0,"cards_upgraded":["Strike_B","Gash"]},{"damage_healed":0,"gold_gain":0,"player_choice":"Success","damage_taken":25,"relics_obtained":["Shuriken"],"max_hp_gain":0,"max_hp_loss":0,"event_name":"Scrap Ooze","floor":14,"gold_loss":0},{"damage_healed":0,"gold_gain":0,"player_choice":"Shed Blood","damage_taken":19,"max_hp_gain":5,"max_hp_loss":0,"event_name":"Forgotten Altar","floor":20,"gold_loss":0},{"cards_removed":["Defend_B"],"damage_healed":0,"gold_gain":0,"player_choice":"Elegance","damage_taken":0,"max_hp_gain":0,"max_hp_loss":0,"event_name":"Back to Basics","floor":21,"gold_loss":0},{"cards_removed":["Regret"],"damage_healed":0,"gold_gain":0,"player_choice":"Gave Gold","damage_taken":0,"max_hp_gain":0,"max_hp_loss":0,"event_name":"Beggar","floor":27,"gold_loss":75}],"is_beta":false,"boss_relics":[{"not_picked":["Snecko Eye","FrozenCore"],"picked":"Cursed Key"}],"items_purged_floors":[],"is_endless":false,"potions_floor_spawned":[1,8,12,22],"killed_by":"Gremlin Leader","ascension_level":0}