{"gold_per_floor":[116,116,143,218,218,235,267,278,278,292,292,392,212,225,225,225],"floor_reached":16,"playtime":539,"items_purged":[],"score":100,"play_id":"75c4e577-5be4-4142-acd5-0e8dc2f5b960","local_time":"20190318111441","is_ascension_mode":false,"campfire_choices":[{"floor":15,"key":"REST"}],"neow_cost":"NONE","seed_source_timestamp":215457197221096,"circlet_count":0,"master_deck":["Strike_B","Strike_B+1","Strike_B","Strike_B+1","Defend_B","Defend_B","Zap","Dualcast","Conserve Battery","Go for the Eyes","White Noise","Master of Strategy","Beam Cell"],"relics":["Cracked Core","Whetstone","Potion Belt","Frozen Egg 2"],"potions_floor_usage":[],"damage_taken":[{"damage":0,"enemies":"Cultist","floor":1,"turns":3},{"damage":1,"enemies":"Jaw Worm","floor":6,"turns":3},{"damage":28,"enemies":"Gremlin Nob","floor":7,"turns":5},{"damage":0,"enemies":"Small Slimes","floor":8,"turns":3},{"damage":5,"enemies":"3 Louse","floor":10,"turns":3},{"damage":8,"enemies":"Red Slaver","floor":14,"turns":3},{"damage":44,"enemies":"Slime Boss","floor":16,"turns":8}],"seed_played":"-7646747782664380127","potions_obtained":[{"floor":1,"key":"Poison Potion"},{"floor":6,"key":"FairyPotion"},{"floor":14,"key":"SpeedPotion"}],"is_trial":false,"path_per_floor":["?","T","?","?","M","M","$","?"],"character_chosen":"DEFECT","items_purchased":["Master of Strategy"],"campfire_rested":1,"item_purchase_floors":[13],"current_hp_per_floor":[75,68,68,57,57,56,28,28,28,23,23,23,23,15,37,0],"gold":225,"neow_bonus":"THREE_CARDS","is_prod":false,"is_daily":false,"chose_seed":false,"campfire_upgraded":0,"win_rate":0,"timestamp":1552922081,"path_taken":["M","?","?","?","?","M","E","?","T","?","?","?","$","M","R","BOSS"],"build_version":"2019-01-23","purchased_purges":0,"victory":false,"max_hp_per_floor":[75,75,75,75,75,75,75,75,75,75,75,75,75,75,75,75],"card_choices":[{"not_picked":["Glacier","Lockon"],"picked":"Conserve Battery","floor":1},{"not_picked":["Leap","Ball Lightning","Coolheaded"],"picked":"SKIP","floor":6},{"not_picked":["Streamline","Capacitor"],"picked":"Go for the Eyes","floor":7},{"not_picked":["Scrape","Turbo","Stack"],"picked":"SKIP","floor":8},{"not_picked":["Cold Snap","Recycle"],"picked":"White Noise","floor":10},{"not_picked":["Streamline","Compile Driver"],"picked":"Beam Cell","floor":14}],"player_experience":746042,"relics_obtained":[{"floor":3,"key":"Whetstone"},{"floor":7,"key":"Potion Belt"},{"floor":9,"key":"Frozen Egg 2"}],"event_choices":[{"cards_removed":["Defend_B"],"damage_healed":0,"gold_gain":0,"player_choice":"Card Removal","damage_taken":7,"max_hp_gain":0,"max_hp_loss":0,"event_name":"Golden Wing","floor":2,"gold_loss":0},{"damage_healed":0,"gold_gain":75,"player_choice":"Gather Gold","damage_taken":11,"max_hp_gain":0,"max_hp_loss":0,"event_name":"World of Goop","floor":4,"gold_loss":0},{"cards_removed":["Defend_B"],"damage_healed":0,"gold_gain":0,"player_choice":"Offered Basic","damage_taken":0,"max_hp_gain":0,"max_hp_loss":0,"event_name":"Bonfire Elementals","floor":5,"gold_loss":0},{"damage_healed":0,"gold_gain":100,"player_choice":"Pray","damage_taken":0,"max_hp_gain":0,"max_hp_loss":0,"event_name":"Golden Shrine","floor":12,"gold_loss":0}],"is_beta":false,"boss_relics":[],"items_purged_floors":[],"is_endless":false,"potions_floor_spawned":[1,6,14],"killed_by":"Slime Boss","ascension_level":0}