{"gold_per_floor":[117,174,74,74,84,84,84,9,36,36,61,38,113,133,133,237,237,254,271,69,89,102,127,52,52],"floor_reached":25,"playtime":968,"items_purged":["Regret"],"score":285,"play_id":"5b798001-98ac-46d2-a56a-61c3b09d2b1f","local_time":"20190123171204","is_ascension_mode":true,"campfire_choices":[{"data":"Malaise","floor":6,"key":"SMITH"},{"data":"Neutralize","floor":10,"key":"SMITH"},{"floor":15,"key":"REST"}],"neow_cost":"NONE","seed_source_timestamp":185064257409376,"circlet_count":0,"master_deck":["Defend_G","Defend_G","Defend_G","Defend_G","Defend_G","Strike_G+1","Strike_G","Strike_G+1","Strike_G","Survivor","Neutralize+1","Malaise+1","All Out Attack","Deflect","Prepared","Slice","Backflip","Slice","Heel Hook","Adrenaline","Cloak And Dagger","Slice","Dodge and Roll","Caltrops+1","Distraction","PiercingWail"],"relics":["Ring of the Snake","Vajra","Darkstone Periapt","Oddly Smooth Stone","Potion Belt","Lizard Tail","Whetstone","Dead Branch"],"potions_floor_usage":[11,21,22,23,25],"damage_taken":[{"damage":1,"enemies":"Cultist","floor":1,"turns":4},{"damage":0,"enemies":"Jaw Worm","floor":5,"turns":5},{"damage":9,"enemies":"Lagavulin","floor":11,"turns":7},{"damage":0,"enemies":"2 Louse","floor":14,"turns":1},{"damage":31,"enemies":"Hexaghost","floor":16,"turns":17},{"damage":8,"enemies":"Shell Parasite","floor":18,"turns":9},{"damage":1,"enemies":"3 Byrds","floor":19,"turns":7},{"damage":47,"enemies":"Sentry and Sphere","floor":21,"turns":8},{"damage":23,"enemies":"Snecko","floor":22,"turns":6},{"damage":16,"enemies":"Book of Stabbing","floor":23,"turns":5},{"damage":12,"enemies":"Slavers","floor":25,"turns":2}],"seed_played":"2282534084403650163","potions_obtained":[{"floor":5,"key":"Poison Potion"},{"floor":11,"key":"SpeedPotion"},{"floor":16,"key":"Energy Potion"},{"floor":21,"key":"Strength Potion"},{"floor":23,"key":"SneckoOil"}],"is_trial":false,"path_per_floor":["M","?","$","?","M","R","?","$","T","R","E","$","?","M","R","B",null,"M","M","$","M","M","E","?","E"],"character_chosen":"THE_SILENT","items_purchased":["Deflect","Prepared","Slice","Whetstone","Dodge and Roll"],"campfire_rested":1,"item_purchase_floors":[3,3,12,20,20],"current_hp_per_floor":[62,62,62,44,44,44,50,50,50,50,41,41,30,30,52,21,62,54,53,53,6,28,12,12,0],"gold":52,"neow_bonus":"ONE_RANDOM_RARE_CARD","is_prod":false,"is_daily":false,"chose_seed":false,"campfire_upgraded":2,"win_rate":0,"timestamp":1548288724,"path_taken":["M","?","$","?","M","R","?","$","T","R","E","?","?","?","R","BOSS","M","M","?","?","M","E","?","E"],"build_version":"2019-01-23","purchased_purges":1,"victory":false,"max_hp_per_floor":[70,70,70,70,70,70,76,76,76,76,76,76,76,76,76,76,76,76,76,76,76,76,76,76,76],"card_choices":[{"not_picked":["Poisoned Stab","Sucker Punch"],"picked":"All Out Attack","floor":1},{"not_picked":["Prepared","Night Terror"],"picked":"Slice","floor":5},{"not_picked":["Concentrate","Deflect"],"picked":"Backflip","floor":11},{"not_picked":["Eviscerate","Bane"],"picked":"Heel Hook","floor":14},{"not_picked":["Tools of the Trade","Night Terror"],"picked":"Adrenaline","floor":16},{"not_picked":["Bane","Prepared+1"],"picked":"Cloak And Dagger","floor":18},{"not_picked":["Poisoned Stab","PiercingWail"],"picked":"Slice","floor":19},{"not_picked":["Prepared+1","Backflip"],"picked":"Caltrops+1","floor":21},{"not_picked":["Accuracy","Reflex"],"picked":"Distraction","floor":22},{"not_picked":["Expertise","Tactician+1"],"picked":"PiercingWail","floor":23}],"player_experience":1276404,"relics_obtained":[{"floor":9,"key":"Oddly Smooth Stone"},{"floor":11,"key":"Potion Belt"},{"floor":23,"key":"Dead Branch"}],"event_choices":[{"damage_healed":0,"gold_gain":57,"player_choice":"Gained Gold","damage_taken":0,"max_hp_gain":0,"max_hp_loss":0,"event_name":"Golden Wing","floor":2,"gold_loss":0},{"damage_healed":0,"gold_gain":0,"player_choice":"Success","damage_taken":18,"relics_obtained":["Vajra"],"max_hp_gain":0,"max_hp_loss":0,"event_name":"Scrap Ooze","floor":4,"gold_loss":0},{"damage_healed":0,"gold_gain":0,"player_choice":"Box","damage_taken":0,"relics_obtained":["Darkstone Periapt"],"max_hp_gain":0,"max_hp_loss":0,"event_name":"Big Fish","floor":7,"gold_loss":0,"cards_obtained":["Regret"]},{"damage_healed":0,"gold_gain":75,"player_choice":"Gather Gold","damage_taken":11,"max_hp_gain":0,"max_hp_loss":0,"event_name":"World of Goop","floor":13,"gold_loss":0},{"cards_removed":["Strike_G"],"damage_healed":0,"gold_gain":0,"player_choice":"Gave Gold","damage_taken":0,"max_hp_gain":0,"max_hp_loss":0,"event_name":"Beggar","floor":24,"gold_loss":75}],"is_beta":false,"boss_relics":[{"not_picked":["Fusion Hammer","Orrery"],"picked":"Lizard Tail"}],"items_purged_floors":[8],"is_endless":false,"potions_floor_spawned":[5,11,16,21,23],"killed_by":"Slavers","ascension_level":6}