{"gold_per_floor":[118,118,118,131,131,149,149,166,166,20,35,62,62,73,73,172,172,191,266,18,36,46,46,61,61,61,79,79,79,79],"floor_reached":30,"playtime":4843,"items_purged":["Strike_G"],"score":232,"play_id":"ee69cc53-fa77-4202-9271-850b32c74c5d","local_time":"20190329193839","is_ascension_mode":false,"campfire_choices":[{"floor":7.0,"key":"REST"},{"floor":13,"key":"REST"},{"floor":15,"key":"REST"},{"floor":23,"key":"REST"},{"floor":25,"key":"REST"}],"neow_cost":"NONE","seed_source_timestamp":1386744399046000,"circlet_count":0,"master_deck":["Defend_G","Defend_G+1","Defend_G+1","Defend_G","Defend_G","Strike_G","Strike_G","Strike_G","Survivor","Neutralize","Panacea","Escape Plan","Backflip","Outmaneuver","Footwork","All Out Attack","Tools of the Trade","Poisoned Stab","Prepared","Envenom","Prepared","Sucker Punch","Flying Knee","Sucker Punch+1","Backflip"],"special_seed":0,"relics":["Ring of the Snake","Pen Nib","Mercury Hourglass","Lizard Tail","Blood Vial","Nunchaku"],"potions_floor_usage":[16,24],"damage_taken":[{"damage":1.0,"enemies":"2 Louse","floor":1.0,"turns":5.0},{"damage":0.0,"enemies":"Jaw Worm","floor":4.0,"turns":7.0},{"damage":1.0,"enemies":"Cultist","floor":6.0,"turns":5.0},{"damage":1.0,"enemies":"Exordium Wildlife","floor":8.0,"turns":6.0},{"damage":1.0,"enemies":"Large Slime","floor":11.0,"turns":8.0},{"damage":46.0,"enemies":"Gremlin Nob","floor":12.0,"turns":6.0},{"damage":1,"enemies":"Red Slaver","floor":14,"turns":4},{"damage":47,"enemies":"Slime Boss","floor":16,"turns":12},{"damage":4,"enemies":"Shell Parasite","floor":18,"turns":10},{"damage":3,"enemies":"Chosen","floor":21,"turns":7},{"damage":25,"enemies":"3 Cultists","floor":22,"turns":6},{"damage":27,"enemies":"Centurion and Healer","floor":24,"turns":14},{"damage":24,"enemies":"Snake Plant","floor":27,"turns":5},{"damage":28,"enemies":"Colosseum Slavers","floor":28,"turns":7},{"damage":0,"enemies":"Snecko","floor":30,"turns":1}],"seed_played":"-6127428720742257644","potions_obtained":[{"floor":6.0,"key":"Regen Potion"},{"floor":12.0,"key":"Swift Potion"},{"floor":14,"key":"Regen Potion"},{"floor":22,"key":"Explosive Potion"},{"floor":24,"key":"FairyPotion"}],"is_trial":false,"path_per_floor":["M","?","?","M","?","M","R","M","T","$","M","E","R","M","R","B",null,"M","?","$","M","M","R","M","R","T","M","?","?","M"],"character_chosen":"THE_SILENT","items_purchased":["Footwork","All Out Attack","Sucker Punch","Blood Vial"],"campfire_rested":5,"item_purchase_floors":[10,10,20,20],"current_hp_per_floor":[69,55,60,60,60,59,75,74,74,74,73,27,49,48,70,38,75,71,64,64,63,40,62,46,68,68,46,20,4,6],"gold":79,"neow_bonus":"RANDOM_COLORLESS","is_prod":false,"is_daily":false,"chose_seed":false,"campfire_upgraded":0,"win_rate":0.0,"timestamp":1553902719,"path_taken":["M","?","?","M","?","M","R","M","T","$","M","E","R","M","R","BOSS","M","?","$","M","M","R","?","R","T","M","?","?","M"],"build_version":"2019-01-23","purchased_purges":1,"victory":false,"max_hp_per_floor":[70,70,75,75,75,75,75,75,75,75,75,75,75,75,75,75,75,75,75,75,75,75,75,75,75,75,75,75,75,75],"card_choices":[{"not_picked":["Flying Knee","Slice"],"picked":"Escape Plan","floor":1.0},{"not_picked":["PiercingWail","Outmaneuver"],"picked":"Backflip","floor":4.0},{"not_picked":["Skewer","Slice"],"picked":"Outmaneuver","floor":6.0},{"not_picked":["Underhanded Strike","Dagger Spray","Infinite Blades"],"picked":"SKIP","floor":8.0},{"not_picked":["Bane","Backflip"],"picked":"Tools of the Trade","floor":11.0},{"not_picked":["Finisher","Skewer"],"picked":"Poisoned Stab","floor":12.0},{"not_picked":["Endless Agony","Slice"],"picked":"Prepared","floor":14},{"not_picked":["Malaise","Venomology"],"picked":"Envenom","floor":16},{"not_picked":["Bane","All Out Attack"],"picked":"Prepared","floor":18},{"not_picked":["Riddle With Holes","Blade Dance","Crippling Poison"],"picked":"SKIP","floor":21},{"not_picked":["Leg Sweep","Underhanded Strike"],"picked":"Flying Knee","floor":22},{"not_picked":["Backflip","Slice"],"picked":"Sucker Punch+1","floor":24},{"not_picked":["Deflect","Bane"],"picked":"Backflip","floor":27}],"player_experience":19332,"relics_obtained":[{"floor":9.0,"key":"Pen Nib"},{"floor":12.0,"key":"Mercury Hourglass"},{"floor":26,"key":"Nunchaku"}],"event_choices":[{"damage_healed":0.0,"max_hp_gain":0.0,"max_hp_loss":0.0,"gold_gain":0.0,"event_name":"Shining Light","player_choice":"Entered Light","floor":2.0,"gold_loss":0.0,"damage_taken":14.0,"cards_upgraded":["Defend_G","Defend_G"]},{"damage_healed":0.0,"max_hp_gain":5.0,"max_hp_loss":0.0,"gold_gain":0.0,"event_name":"Big Fish","player_choice":"Donut","floor":3.0,"gold_loss":0.0,"damage_taken":0.0},{"cards_removed":["Strike_G"],"damage_healed":0.0,"max_hp_gain":0.0,"max_hp_loss":0.0,"gold_gain":0.0,"event_name":"Living Wall","player_choice":"Forget","floor":5.0,"gold_loss":0.0,"damage_taken":0.0},{"damage_healed":0,"gold_gain":75,"player_choice":"Touch","damage_taken":7,"max_hp_gain":0,"max_hp_loss":0,"event_name":"FaceTrader","floor":19,"gold_loss":0},{"damage_healed":0,"gold_gain":0,"player_choice":"Fight","damage_taken":0,"max_hp_gain":0,"max_hp_loss":0,"event_name":"Colosseum","floor":28,"gold_loss":0},{"damage_healed":0,"gold_gain":0,"player_choice":"Fled From Nobs","damage_taken":0,"max_hp_gain":0,"max_hp_loss":0,"event_name":"Colosseum","floor":28,"gold_loss":0},{"damage_healed":0,"gold_gain":0,"player_choice":"Obtained Book","damage_taken":16,"max_hp_gain":0,"max_hp_loss":0,"event_name":"Cursed Tome","floor":29,"gold_loss":0}],"is_beta":false,"boss_relics":[{"not_picked":["Eternal Feather","HoveringKite"],"picked":"Lizard Tail"}],"items_purged_floors":[20],"is_endless":false,"potions_floor_spawned":[6,12,14,22,24],"killed_by":"Snecko","ascension_level":0}