{"gold_per_floor":[12,27,27,47,65,75,75,88,111,125,144,154,173,173,173,272,322,339,22,22,22,42,42,60,60,60,70,70,70,90,90],"floor_reached":31,"playtime":1921,"items_purged":[],"score":260,"play_id":"1895a895-b608-4b14-b437-be200365a71f","local_time":"20180728231626","is_ascension_mode":false,"campfire_choices":[{"data":"Cleave","floor":7,"key":"SMITH"},{"data":"Infernal Blade","floor":15,"key":"SMITH"},{"floor":23,"key":"REST"},{"floor":25,"key":"REST"}],"neow_cost":"NO_GOLD","seed_source_timestamp":190898589934027,"circlet_count":0,"master_deck":["Strike_R","Strike_R","Strike_R+1","Strike_R","Strike_R","Defend_R","Defend_R","Defend_R","Defend_R","Bash","Rampage","Thunderclap","Cleave+1","Anger","Clothesline","Armaments+1","Headbutt","Flame Barrier","Carnage","Infernal Blade+1","Bludgeon","Whirlwind","Ghostly Armor+1","Madness","Infernal Blade","Perfected Strike","Rage","Cleave","Metallicize","Infernal Blade"],"relics":["Burning Blood","Ice Cream","Bag of Marbles","Tiny House","Strawberry","CultistMask","Nilry\u0027s Codex","Gremlin Horn"],"potions_floor_usage":[13,31],"damage_taken":[{"damage":0,"enemies":"2 Louse","floor":1,"turns":3},{"damage":1,"enemies":"Jaw Worm","floor":2,"turns":3},{"damage":1,"enemies":"Cultist","floor":4,"turns":4},{"damage":12,"enemies":"Looter","floor":5,"turns":4},{"damage":5,"enemies":"Exordium Wildlife","floor":6,"turns":4},{"damage":14,"enemies":"Red Slaver","floor":8,"turns":4},{"damage":0,"enemies":"Lots of Slimes","floor":10,"turns":1},{"damage":1,"enemies":"3 Louse","floor":11,"turns":2},{"damage":0,"enemies":"Large Slime","floor":12,"turns":5},{"damage":8,"enemies":"Exordium Wildlife","floor":13,"turns":3},{"damage":76,"enemies":"Hexaghost","floor":16,"turns":12},{"damage":25,"enemies":"Shell Parasite","floor":18,"turns":7},{"damage":16,"enemies":"Chosen","floor":22,"turns":5},{"damage":32,"enemies":"Snake Plant","floor":24,"turns":5},{"damage":18,"enemies":"Snecko","floor":27,"turns":4},{"damage":10,"enemies":"3 Cultists","floor":30,"turns":5},{"damage":48,"enemies":"Slaver and Parasite","floor":31,"turns":4}],"seed_played":"4885714540096822373","potions_obtained":[{"floor":4,"key":"AttackPotion"},{"floor":8,"key":"Ancient Potion"},{"floor":10,"key":"Explosive Potion"},{"floor":12,"key":"PowerPotion"},{"floor":17,"key":"EssenceOfSteel"}],"is_trial":false,"path_per_floor":["M","M","?","M","M","M","R","M","T","M","M","M","M","?","R","B",null,"M","$","?","?","M","R","M","R","T","M","?","?","M"],"character_chosen":"IRONCLAD","items_purchased":["Strawberry","Madness","Infernal Blade"],"campfire_rested":2,"item_purchase_floors":[19,19,19],"current_hp_per_floor":[80,80,80,80,74,75,75,67,67,73,78,80,78,78,78,8,85,66,73,73,57,47,74,48,75,75,63,63,45,44,0],"gold":90,"neow_bonus":"ONE_RARE_RELIC","is_prod":false,"is_daily":false,"chose_seed":false,"campfire_upgraded":2,"win_rate":0.0,"timestamp":1532841386,"path_taken":["M","M","?","M","M","M","R","?","T","M","M","M","M","?","R","BOSS","M","$","?","?","M","R","M","R","T","M","?","?","M","M"],"build_version":"2018-07-26","purchased_purges":0,"victory":false,"max_hp_per_floor":[80,80,80,80,80,80,80,80,80,80,80,80,80,80,80,80,85,85,92,92,92,92,92,92,92,92,92,92,97,100,100],"card_choices":[{"not_picked":["Twin Strike","Bloodletting"],"picked":"Rampage","floor":1},{"not_picked":["Clash","Heavy Blade"],"picked":"Thunderclap","floor":2},{"not_picked":["Warcry","Rampage"],"picked":"Cleave","floor":4},{"not_picked":["Iron Wave","Power Through"],"picked":"Anger","floor":5},{"not_picked":["Rampage","Spot Weakness"],"picked":"Clothesline","floor":6},{"not_picked":["Carnage","Cleave"],"picked":"Armaments","floor":8},{"not_picked":["Fiend Fire","Power Through"],"picked":"Headbutt","floor":10},{"not_picked":["Heavy Blade","Twin Strike"],"picked":"Flame Barrier","floor":11},{"not_picked":["Clash","Warcry"],"picked":"Carnage","floor":12},{"not_picked":["True Grit","Warcry"],"picked":"Infernal Blade","floor":13},{"not_picked":["Limit Break","Dark Embrace"],"picked":"Bludgeon","floor":16},{"not_picked":["Warcry","Armaments"],"picked":"Whirlwind","floor":17},{"not_picked":["Clash","Heavy Blade+1"],"picked":"Ghostly Armor+1","floor":18},{"not_picked":["Clash","Anger"],"picked":"Perfected Strike","floor":22},{"not_picked":["Burning Pact+1","Clothesline"],"picked":"Rage","floor":24},{"not_picked":["Dropkick","Warcry+1"],"picked":"Cleave","floor":27},{"not_picked":["Burning Pact","Power Through"],"picked":"Infernal Blade","floor":30}],"player_experience":58289,"relics_obtained":[{"floor":9,"key":"Bag of Marbles"},{"floor":21,"key":"Nilry\u0027s Codex"},{"floor":26,"key":"Gremlin Horn"}],"event_choices":[{"event_name":"The Cleric","player_choice":"Leave","floor":3,"damage_taken":0},{"event_name":"Living Wall","player_choice":"Grow","floor":14,"damage_taken":0},{"event_name":"FaceTrader","player_choice":"Trade","floor":20,"damage_taken":0},{"event_name":"Cursed Tome","player_choice":"Obtained Book","floor":21,"damage_taken":0},{"event_name":"The Library","player_choice":"Read","floor":28,"damage_taken":0},{"event_name":"Forgotten Altar","player_choice":"Shed Blood","floor":29,"damage_taken":0}],"is_beta":false,"boss_relics":[{"not_picked":["Runic Dome","Philosopher\u0027s Stone"],"picked":"Tiny House"}],"items_purged_floors":[],"is_endless":false,"potions_floor_spawned":[4,8,10,12,18,30],"killed_by":"Slaver and Parasite","ascension_level":0}