{"gold_per_floor":[20,20,36,311,327,357,357,372,372,372,372,387,90,100,100,201,201,212,212,85,85],"floor_reached":21,"playtime":777,"items_purged":["Pain"],"score":242,"play_id":"72ae9397-94a6-410f-b05e-fdd9b6af133f","local_time":"20181029115836","is_ascension_mode":true,"campfire_choices":[{"floor":7,"key":"REST"},{"floor":15,"key":"REST"}],"neow_cost":"NO_GOLD","seed_source_timestamp":1620836490897422,"circlet_count":0,"master_deck":["Strike_R","Strike_R","Strike_R","Strike_R","Defend_R","Defend_R","Defend_R","Defend_R","Bash","Dramatic Entrance","Panacea","Flex","Clothesline","Shrug It Off","Anger","Shrug It Off","Feel No Pain","Thunderclap","True Grit","Flex","Ghostly Armor","Limit Break","Clothesline","Flex"],"relics":["Burning Blood","Bottled Lightning","Blue Candle","Darkstone Periapt","Snecko Eye","WarpedTongs"],"potions_floor_usage":[16,16,21],"damage_taken":[{"damage":8,"enemies":"2 Louse","floor":1,"turns":2},{"damage":2,"enemies":"Jaw Worm","floor":3,"turns":3},{"damage":0,"enemies":"Small Slimes","floor":5,"turns":2},{"damage":42,"enemies":"Lagavulin","floor":6,"turns":8},{"damage":29,"enemies":"Exordium Thugs","floor":8,"turns":6},{"damage":0,"enemies":"Blue Slaver","floor":12,"turns":3},{"damage":5,"enemies":"Exordium Wildlife","floor":14,"turns":2},{"damage":53,"enemies":"Hexaghost","floor":16,"turns":14},{"damage":25,"enemies":"Shell Parasite","floor":18,"turns":7},{"damage":54,"enemies":"Masked Bandits","floor":21,"turns":5}],"seed_played":"-2066152226341066800","potions_obtained":[{"floor":1,"key":"Fire Potion"},{"floor":6,"key":"FearPotion"},{"floor":16,"key":"PowerPotion"}],"is_trial":false,"path_per_floor":["M","?","M","?","M","E","R","M","T","?","?","M","$","M","R","B",null,"M","?","$"],"character_chosen":"IRONCLAD","items_purchased":["Darkstone Periapt","Flex","Flex"],"campfire_rested":2,"item_purchase_floors":[13,13,20],"current_hp_per_floor":[70,63,67,67,73,37,61,38,38,38,38,44,44,45,69,22,66,47,53,53,0],"gold":85,"neow_bonus":"RANDOM_COLORLESS_2","is_prod":false,"is_daily":false,"chose_seed":false,"campfire_upgraded":0,"win_rate":0,"timestamp":1540835916,"path_taken":["M","?","M","?","M","E","R","?","T","?","?","M","$","M","R","BOSS","M","?","$","?"],"build_version":"2018-10-25v2","purchased_purges":1,"victory":false,"max_hp_per_floor":[80,80,80,80,80,80,80,80,80,80,80,80,80,80,80,80,80,80,86,86,86],"card_choices":[{"not_picked":["Sever Soul","Havoc"],"picked":"Flex","floor":1},{"not_picked":["Havoc","Sentinel"],"picked":"Clothesline","floor":3},{"not_picked":["Flex","Pommel Strike"],"picked":"Shrug It Off","floor":5},{"not_picked":["Warcry","Battle Trance"],"picked":"Anger","floor":6},{"not_picked":["Cleave","Pommel Strike"],"picked":"Shrug It Off","floor":8},{"not_picked":["Pommel Strike","Twin Strike"],"picked":"True Grit","floor":12},{"not_picked":["Armaments","True Grit"],"picked":"Ghostly Armor","floor":14},{"not_picked":["Bludgeon","Demon Form"],"picked":"Limit Break","floor":16},{"not_picked":["Combust","Thunderclap"],"picked":"Clothesline","floor":18}],"player_experience":961342,"relics_obtained":[{"floor":6,"key":"Bottled Lightning"},{"floor":9,"key":"Blue Candle"}],"event_choices":[{"cards_removed":["Strike_R"],"damage_healed":0,"gold_gain":0,"player_choice":"Card Removal","damage_taken":7,"max_hp_gain":0,"max_hp_loss":0,"event_name":"Golden Wing","floor":2,"gold_loss":0},{"damage_healed":0,"gold_gain":275,"player_choice":"Desecrate","damage_taken":0,"max_hp_gain":0,"max_hp_loss":0,"event_name":"Golden Shrine","floor":4,"gold_loss":0,"cards_obtained":["Regret"]},{"cards_removed":["Regret"],"damage_healed":0,"gold_gain":0,"player_choice":"Forget","damage_taken":0,"max_hp_gain":0,"max_hp_loss":0,"event_name":"Living Wall","floor":10,"gold_loss":0},{"damage_healed":0,"gold_gain":0,"player_choice":"2 cards matched","damage_taken":0,"max_hp_gain":0,"max_hp_loss":0,"event_name":"Match and Keep!","floor":11,"gold_loss":0,"cards_obtained":["Feel No Pain","Thunderclap"]},{"damage_healed":0,"gold_gain":0,"player_choice":"Rummage","damage_taken":0,"relics_obtained":["WarpedTongs"],"max_hp_gain":0,"max_hp_loss":0,"event_name":"Accursed Blacksmith","floor":19,"gold_loss":0,"cards_obtained":["Pain"]},{"damage_healed":0,"gold_gain":0,"player_choice":"Fought Bandits","damage_taken":0,"max_hp_gain":0,"max_hp_loss":0,"event_name":"Masked Bandits","floor":21,"gold_loss":0}],"is_beta":false,"boss_relics":[{"not_picked":["Coffee Dripper","Lizard Tail"],"picked":"Snecko Eye"}],"items_purged_floors":[20],"is_endless":false,"potions_floor_spawned":[1,6,16],"killed_by":"Masked Bandits","ascension_level":7}