{"gold_per_floor":[20,20,32,32,43,43,18,18,18,36,65,16,48,68,68,173,173,190,205,205,1,12,38,38,51,126,160,172,189,189,208,208,304,304,319,319,67,67,77,105,133,162,201,239,50,50,81,98,98,98],"floor_reached":51,"playtime":3372,"items_purged":[],"score":939,"play_id":"ac72f9f9-9e6f-4582-83b8-2a827a5a9e2f","local_time":"20180802000424","is_ascension_mode":false,"campfire_choices":[{"data":"Defragment","floor":6,"key":"SMITH"},{"data":"Zap","floor":8,"key":"SMITH"},{"data":"Leap","floor":15,"key":"SMITH"},{"data":"Self Repair","floor":24,"key":"SMITH"},{"data":"Loop","floor":30,"key":"SMITH"},{"data":"Defragment","floor":32,"key":"SMITH"},{"data":"Defragment","floor":46,"key":"SMITH"},{"data":"Capacitor","floor":49,"key":"SMITH"}],"neow_cost":"NO_GOLD","seed_source_timestamp":48646054776853,"circlet_count":0,"master_deck":["Strike_B","Strike_B","Strike_B","Defend_B","Defend_B","Zap+1","BootSequence","Doom and Gloom","Defragment+1","Leap+1","Defragment+1","Conserve Battery+1","Sweeping Beam","Redo+1","Fusion+1","Buffer","Genetic Algorithm+1","Chill+1","Reinforced Body+1","Coolheaded+1","Cold Snap","Self Repair+1","Capacitor+1","Genetic Algorithm+1","Turbo+1","Loop+1","Beam Cell+1","Melter","Beam Cell","Cold Snap","Rainbow+1","Rebound+1","Ball Lightning+1","Madness+1","Madness+1","Heatsinks+1","Defragment+1","Barrage","Storm+1","Darkness+1","Fusion+1","Cold Snap+1"],"relics":["FrozenCore","Kunai","Darkstone Periapt","Toxic Egg 2","Bag of Preparation","Astrolabe","Strawberry","Bottled Tornado","Centennial Puzzle","Calipers","Mummified Hand","MawBank","Bronze Scales","DataDisk","Runic Capacitor","Pear"],"potions_floor_usage":[13,14,19,22,23,25,33,47,47],"damage_taken":[{"damage":8,"enemies":"Jaw Worm","floor":1,"turns":3},{"damage":1,"enemies":"Cultist","floor":3,"turns":4},{"damage":0,"enemies":"2 Louse","floor":5,"turns":2},{"damage":5,"enemies":"Exordium Wildlife","floor":10,"turns":4},{"damage":1,"enemies":"3 Sentries","floor":11,"turns":6},{"damage":20,"enemies":"Gremlin Nob","floor":13,"turns":4},{"damage":0,"enemies":"2 Fungi Beasts","floor":14,"turns":2},{"damage":18,"enemies":"Slime Boss","floor":16,"turns":5},{"damage":15,"enemies":"3 Byrds","floor":18,"turns":5},{"damage":16,"enemies":"Chosen","floor":19,"turns":6},{"damage":7,"enemies":"Snecko","floor":22,"turns":6},{"damage":13,"enemies":"Slavers","floor":23,"turns":9},{"damage":3,"enemies":"Centurion and Healer","floor":25,"turns":8},{"damage":2,"enemies":"Book of Stabbing","floor":27,"turns":10},{"damage":0,"enemies":"Slaver and Parasite","floor":28,"turns":8},{"damage":0,"enemies":"Snake Plant","floor":29,"turns":7},{"damage":0,"enemies":"Centurion and Healer","floor":31,"turns":7},{"damage":47,"enemies":"Automaton","floor":33,"turns":11},{"damage":11,"enemies":"3 Shapes","floor":35,"turns":4},{"damage":0,"floor":36,"turns":10},{"damage":0,"enemies":"Orb Walker","floor":39,"turns":5},{"damage":0,"enemies":"Giant Head","floor":40,"turns":9},{"damage":0,"enemies":"Maw","floor":41,"turns":9},{"damage":0,"enemies":"Transient","floor":42,"turns":5},{"damage":13,"enemies":"2 Orb Walkers","floor":44,"turns":4},{"damage":0,"enemies":"Nemesis","floor":47,"turns":5},{"damage":0,"enemies":"4 Shapes","floor":48,"turns":4},{"damage":0,"enemies":"Donu and Deca","floor":50,"turns":8}],"seed_played":"2008527646424746164","potions_obtained":[{"floor":1,"key":"Weak Potion"},{"floor":11,"key":"PowerPotion"},{"floor":13,"key":"Regen Potion"},{"floor":14,"key":"Poison Potion"},{"floor":18,"key":"SkillPotion"},{"floor":23,"key":"Swift Potion"},{"floor":27,"key":"SpeedPotion"},{"floor":28,"key":"FearPotion"},{"floor":31,"key":"SmokeBomb"},{"floor":36,"key":"SpeedPotion"},{"floor":41,"key":"Block Potion"},{"floor":44,"key":"LiquidBronze"},{"floor":48,"key":"GamblersBrew"}],"is_trial":false,"path_per_floor":["M","?","M","?","M","R","$","R","T","M","E","$","E","M","R","B",null,"M","M","?","$","M","E","R","M","T","E","M","M","R","M","R","B",null,"M","?","$","?","M","E","M","M","T","E","$","R","E","M","R","B"],"character_chosen":"DEFECT","items_purchased":["Leap","Sweeping Beam","Capacitor","Genetic Algorithm+1","Turbo+1","Mummified Hand","Runic Capacitor"],"campfire_rested":0,"item_purchase_floors":[7,12,21,21,21,37,45],"current_hp_per_floor":[81,86,85,73,73,73,73,73,73,68,67,67,47,52,52,34,94,79,63,63,63,63,64,64,71,71,79,89,99,99,101,101,64,101,100,101,101,88,88,98,101,101,101,98,98,98,111,111,111,111],"gold":98,"neow_bonus":"TWENTY_PERCENT_HP_BONUS","is_prod":false,"is_daily":false,"chose_seed":false,"campfire_upgraded":8,"win_rate":0,"timestamp":1533189864,"path_taken":["M","?","M","?","?","R","?","R","T","M","E","$","E","?","R","BOSS","M","M","?","$","M","E","R","M","T","E","M","M","R","M","R","BOSS","M","?","$","?","M","E","M","M","T","E","?","R","E","M","R","BOSS"],"build_version":"2018-07-26","purchased_purges":0,"victory":true,"max_hp_per_floor":[89,94,94,94,94,94,94,94,94,94,94,94,94,94,94,94,94,94,94,94,94,94,101,101,101,101,101,101,101,101,101,101,101,101,101,101,101,101,101,101,101,101,101,101,101,101,111,111,111,111],"card_choices":[{"not_picked":["Blizzard","Compile Driver"],"picked":"BootSequence","floor":1},{"not_picked":["Lockon","Reinforced Body"],"picked":"Doom and Gloom","floor":3},{"not_picked":["Barrage","Go for the Eyes"],"picked":"Defragment","floor":5},{"not_picked":["Rebound","Cold Snap"],"picked":"Defragment","floor":10},{"not_picked":["Hello World","Blizzard"],"picked":"Conserve Battery","floor":11},{"not_picked":["Tempest+1","Thunder Strike"],"picked":"Redo+1","floor":13},{"not_picked":["Auto Shields+1","Force Field+1"],"picked":"Fusion+1","floor":14},{"not_picked":["Thunder Strike","Biased Cognition"],"picked":"Buffer","floor":16},{"not_picked":["Gash+1","Capacitor"],"picked":"Coolheaded+1","floor":18},{"not_picked":["Hello World+1","Barrage+1"],"picked":"Cold Snap","floor":19},{"not_picked":["Gash","BootSequence+1","Aggregate+1"],"picked":"SKIP","floor":22},{"not_picked":["Streamline","Conserve Battery+1"],"picked":"Loop","floor":23},{"not_picked":["BootSequence+1","Hologram+1","Steam+1"],"picked":"SKIP","floor":25},{"not_picked":["Genetic Algorithm+1","Streamline+1"],"picked":"Beam Cell+1","floor":27},{"not_picked":["Biased Cognition","Go for the Eyes+1"],"picked":"Melter","floor":28},{"not_picked":["Coolheaded+1","Streamline"],"picked":"Beam Cell","floor":29},{"not_picked":["Turbo+1","Genetic Algorithm+1"],"picked":"Cold Snap","floor":31},{"not_picked":["Core Surge","Amplify+1"],"picked":"Rainbow+1","floor":33},{"not_picked":["Hologram+1","Glacier+1"],"picked":"Rebound+1","floor":35},{"not_picked":["Reboot+1","Barrage"],"picked":"Ball Lightning+1","floor":36},{"not_picked":["Stack+1","Coolheaded+1"],"picked":"Heatsinks+1","floor":39},{"not_picked":["Buffer","Auto Shields+1"],"picked":"Defragment","floor":40},{"not_picked":["Rebound","Coolheaded+1"],"picked":"Barrage","floor":41},{"not_picked":["Leap+1","Reprogram+1"],"picked":"Storm+1","floor":42},{"not_picked":["Leap+1","Genetic Algorithm+1"],"picked":"Darkness+1","floor":44},{"not_picked":["Consume+1","Chill+1"],"picked":"Fusion+1","floor":47},{"not_picked":["Glacier+1","Stack+1"],"picked":"Cold Snap+1","floor":48}],"player_experience":152791,"relics_obtained":[{"floor":9,"key":"Darkstone Periapt"},{"floor":11,"key":"Toxic Egg 2"},{"floor":13,"key":"Bag of Preparation"},{"floor":23,"key":"Strawberry"},{"floor":26,"key":"Bottled Tornado"},{"floor":27,"key":"Centennial Puzzle"},{"floor":36,"key":"Calipers"},{"floor":40,"key":"MawBank"},{"floor":43,"key":"Bronze Scales"},{"floor":44,"key":"DataDisk"},{"floor":47,"key":"Pear"}],"event_choices":[{"event_name":"Big Fish","player_choice":"Donut","floor":2,"damage_taken":0},{"event_name":"Scrap Ooze","player_choice":"success","floor":4,"damage_taken":12},{"event_name":"Transmorgrifier","player_choice":"Transform","floor":20,"damage_taken":0},{"event_name":"MindBloom","player_choice":"Fight","floor":36,"damage_taken":0},{"event_name":"Winding Halls","player_choice":"Embrace Madness","floor":38,"damage_taken":0}],"is_beta":false,"boss_relics":[{"not_picked":["White Beast Statue","Fusion Hammer"],"picked":"Astrolabe"},{"not_picked":["Runic Dome","Busted Crown"],"picked":"FrozenCore"}],"items_purged_floors":[],"is_endless":false,"potions_floor_spawned":[1,11,13,14,18,23,27,28,31,36,41,44,48],"ascension_level":0}