{"gold_per_floor":[118,130,150,166,91,91,91,123,123,136,156,174,200,200],"floor_reached":14,"playtime":545,"items_purged":["Strike_R"],"score":104,"play_id":"685c751f-26dd-4c56-b3ff-d3cdd45094d7","local_time":"20190107221514","is_ascension_mode":false,"campfire_choices":[{"data":"Searing Blow","floor":6.0,"key":"SMITH"}],"neow_cost":"NONE","seed_source_timestamp":539391957795334,"circlet_count":0,"master_deck":["Strike_R","Strike_R","Strike_R","Defend_R","Defend_R","Defend_R","Defend_R","Bash","Searing Blow+1"],"special_seed":0,"relics":["Burning Blood","The Courier","Toxic Egg 2","Blue Candle"],"potions_floor_usage":[13,14],"damage_taken":[{"damage":6.0,"enemies":"Cultist","floor":1.0,"turns":4.0},{"damage":0.0,"enemies":"2 Louse","floor":2.0,"turns":2.0},{"damage":8.0,"enemies":"Jaw Worm","floor":3.0,"turns":5.0},{"damage":11.0,"enemies":"Blue Slaver","floor":4.0,"turns":5.0},{"damage":31.0,"enemies":"Lagavulin","floor":8.0,"turns":7.0},{"damage":0.0,"enemies":"Lots of Slimes","floor":10.0,"turns":1.0},{"damage":23.0,"enemies":"Exordium Thugs","floor":11.0,"turns":6.0},{"damage":9.0,"enemies":"3 Louse","floor":12.0,"turns":4.0},{"damage":25,"enemies":"3 Sentries","floor":13,"turns":8},{"damage":7,"enemies":"Gremlin Gang","floor":14,"turns":2}],"seed_played":"-3767078754733435939","potions_obtained":[{"floor":1.0,"key":"PowerPotion"},{"floor":8.0,"key":"AttackPotion"},{"floor":10.0,"key":"FearPotion"},{"floor":11.0,"key":"Weak Potion"},{"floor":13,"key":"Poison Potion"}],"is_trial":false,"path_per_floor":["M","M","M","M","$","R","$","E","T","M","M","M","E","M"],"character_chosen":"IRONCLAD","items_purchased":[],"campfire_rested":0,"item_purchase_floors":[],"current_hp_per_floor":[80,80,78,73,73,73,73,48,48,54,37,34,15,8],"gold":200,"neow_bonus":"REMOVE_CARD","is_prod":false,"is_daily":false,"chose_seed":false,"campfire_upgraded":1,"win_rate":0,"timestamp":1546928114,"path_taken":["M","M","M","M","$","R","$","E","T","M","M","?","E","M"],"build_version":"2019-01-03v4","purchased_purges":1,"victory":false,"max_hp_per_floor":[80,80,80,80,80,80,80,80,80,80,80,80,80,80],"card_choices":[{"not_picked":["Heavy Blade","Twin Strike"],"picked":"Searing Blow","floor":1.0},{"not_picked":["Warcry","Iron Wave","Reckless Charge"],"picked":"SKIP","floor":2.0},{"not_picked":["Armaments","Shrug It Off","Rupture"],"picked":"SKIP","floor":3.0},{"not_picked":["Impervious","Havoc","Ghostly Armor"],"picked":"SKIP","floor":4.0},{"not_picked":["Flame Barrier","Shockwave","Shrug It Off"],"picked":"SKIP","floor":8.0},{"not_picked":["Second Wind+1","Thunderclap","Rage+1"],"picked":"SKIP","floor":10.0},{"not_picked":["Uppercut","True Grit+1","Shrug It Off+1"],"picked":"SKIP","floor":11.0},{"not_picked":["Intimidate+1","Carnage","Fire Breathing"],"picked":"SKIP","floor":12.0},{"not_picked":["Brutality","Hemokinesis","Whirlwind"],"picked":"SKIP","floor":13}],"player_experience":166563,"relics_obtained":[{"floor":8.0,"key":"The Courier"},{"floor":9.0,"key":"Toxic Egg 2"},{"floor":13,"key":"Blue Candle"}],"event_choices":[],"is_beta":false,"boss_relics":[],"items_purged_floors":[5],"is_endless":false,"potions_floor_spawned":[1,8,10,11,13],"killed_by":"Gremlin Gang","ascension_level":0}