{"gold_per_floor":[364,117,129,147,160,160,160,170,170,170,94,94,126,142,142,239,239,259,259,36,0,19,19,48,58,111,111,111,122,122],"floor_reached":30,"playtime":1705,"items_purged":["Shame","Strike_B"],"score":375,"play_id":"a6fb6c37-7671-4f6c-a8c8-e304649f4cdd","local_time":"20190209234145","is_ascension_mode":true,"campfire_choices":[{"data":"Secret Technique","floor":6.0,"key":"SMITH"},{"data":"Fusion","floor":10.0,"key":"SMITH"},{"floor":15.0,"key":"REST"},{"floor":23.0,"key":"REST"},{"data":"Self Repair","floor":27.0,"key":"SMITH"}],"neow_cost":"CURSE","seed_source_timestamp":621687368348782,"circlet_count":0,"master_deck":["AscendersBane","Strike_B","Strike_B","Defend_B","Defend_B","Defend_B","Zap","Dualcast","Auto Shields","Secret Technique+1","Hologram","Go for the Eyes","Fusion+1","Doom and Gloom","Compile Driver","Core Surge","Rebound","Cold Snap","Echo Form","Recycle","Streamline","Self Repair+1","Leap","Double Energy+1","Loop+1","Consume+1"],"special_seed":0,"relics":["Cracked Core","Bottled Lightning","Blood Vial","Orrery","The Courier","Art of War"],"potions_floor_usage":[],"damage_taken":[{"damage":3.0,"enemies":"Cultist","floor":1.0,"turns":3.0},{"damage":0.0,"enemies":"Small Slimes","floor":3.0,"turns":3.0},{"damage":2.0,"enemies":"Jaw Worm","floor":4.0,"turns":3.0},{"damage":15.0,"enemies":"Exordium Wildlife","floor":5.0,"turns":4.0},{"damage":27.0,"enemies":"Lots of Slimes","floor":8.0,"turns":6.0},{"damage":10.0,"enemies":"3 Sentries","floor":13.0,"turns":6.0},{"damage":0.0,"enemies":"Looter","floor":14.0,"turns":2.0},{"damage":18.0,"enemies":"Hexaghost","floor":16.0,"turns":8.0},{"damage":30.0,"enemies":"Shell Parasite","floor":18.0,"turns":5.0},{"damage":18.0,"enemies":"Chosen","floor":22.0,"turns":5.0},{"damage":17.0,"enemies":"Slavers","floor":24.0,"turns":4.0},{"damage":10.0,"enemies":"Snecko","floor":25.0,"turns":6.0},{"damage":29.0,"enemies":"3 Cultists","floor":29.0,"turns":5.0},{"damage":19,"enemies":"Snake Plant","floor":30,"turns":3}],"seed_played":"4580701017498127797","potions_obtained":[{"floor":1.0,"key":"SteroidPotion"},{"floor":13.0,"key":"Explosive Potion"},{"floor":16.0,"key":"FearPotion"},{"floor":18.0,"key":"Strength Potion"},{"floor":25.0,"key":"SkillPotion"}],"is_trial":false,"path_per_floor":["M","$","M","M","M","R","?","M","T","R","$","?","E","M","R","B",null,"M","?","$","?","M","R","E","M","T","R","T","M","M"],"character_chosen":"DEFECT","items_purchased":["Secret Technique","Doom and Gloom","Self Repair","Leap"],"campfire_rested":2,"item_purchase_floors":[2,11,20,20],"current_hp_per_floor":[65,65,65,63,48,48,48,21,21,21,21,21,11,13,35,19,61,33,33,33,33,24,46,31,37,37,37,37,20,3],"gold":122,"neow_bonus":"TWO_FIFTY_GOLD","is_prod":false,"is_daily":false,"chose_seed":false,"campfire_upgraded":3,"win_rate":0,"timestamp":1549784505,"path_taken":["M","$","M","M","M","R","?","?","T","R","$","?","E","M","R","BOSS","M","?","$","?","M","R","E","M","T","R","?","M","?"],"build_version":"2019-01-23","purchased_purges":2,"victory":false,"max_hp_per_floor":[75,75,75,75,75,75,75,75,75,75,75,75,75,75,75,75,75,75,75,75,75,75,75,75,75,75,75,75,75,75],"card_choices":[{"not_picked":["Blizzard","Skim"],"picked":"Auto Shields","floor":1.0},{"not_picked":["Leap","Beam Cell"],"picked":"Hologram","floor":3.0},{"not_picked":["Auto Shields","Hologram","Doom and Gloom"],"picked":"SKIP","floor":4.0},{"not_picked":["Cold Snap","Force Field"],"picked":"Go for the Eyes","floor":5.0},{"not_picked":["Leap","Hologram","Compile Driver"],"picked":"SKIP","floor":8.0},{"not_picked":["Amplify","Stack"],"picked":"Rebound","floor":13.0},{"not_picked":["Lockon","Ball Lightning"],"picked":"Cold Snap","floor":14.0},{"not_picked":["Buffer","Thunder Strike"],"picked":"Echo Form","floor":16.0},{"not_picked":["Go for the Eyes","Beam Cell"],"picked":"Recycle","floor":17.0},{"not_picked":["Barrage","Go for the Eyes"],"picked":"Streamline","floor":17.0},{"not_picked":["Go for the Eyes","Turbo+1","Sweeping Beam"],"picked":"SKIP","floor":18.0},{"not_picked":["FTL","Fusion","Cold Snap"],"picked":"SKIP","floor":22.0},{"not_picked":["Hologram","Darkness"],"picked":"Double Energy+1","floor":24.0},{"not_picked":["Scrape","Rebound"],"picked":"Loop+1","floor":25.0},{"not_picked":["Conserve Battery","Darkness"],"picked":"Consume+1","floor":29.0}],"player_experience":373441,"relics_obtained":[{"floor":9.0,"key":"Bottled Lightning"},{"floor":13.0,"key":"Blood Vial"},{"floor":24.0,"key":"The Courier"},{"floor":26.0,"key":"Art of War"}],"event_choices":[{"damage_healed":0.0,"max_hp_gain":0.0,"max_hp_loss":0.0,"gold_gain":0.0,"cards_transformed":["Defend_B"],"event_name":"Transmorgrifier","player_choice":"Transformed","floor":7.0,"gold_loss":0.0,"damage_taken":0.0,"cards_obtained":["Fusion"]},{"damage_healed":0.0,"max_hp_gain":0.0,"max_hp_loss":0.0,"gold_gain":0.0,"event_name":"Match and Keep!","player_choice":"2 cards matched","floor":12.0,"gold_loss":0.0,"damage_taken":0.0,"cards_obtained":["Compile Driver","Core Surge"]},{"cards_removed":["Strike_B"],"damage_healed":0.0,"max_hp_gain":0.0,"max_hp_loss":0.0,"gold_gain":0.0,"event_name":"Back to Basics","player_choice":"Elegance","floor":19.0,"gold_loss":0.0,"damage_taken":0.0},{"damage_healed":0.0,"max_hp_gain":0.0,"max_hp_loss":0.0,"gold_gain":0.0,"event_name":"Masked Bandits","player_choice":"Paid Fearfully","floor":21.0,"gold_loss":36.0,"damage_taken":0.0}],"is_beta":false,"boss_relics":[{"not_picked":["Velvet Choker","Black Star"],"picked":"Orrery"}],"items_purged_floors":[2,20],"is_endless":false,"potions_floor_spawned":[1,13,16,18,25],"killed_by":"Snake Plant","ascension_level":10}