{"gold_per_floor":[119,139,157,168,33,62,62,90,116,130,130,149,149,165,165,264,264,282,282,6,6,23,23],"floor_reached":23,"playtime":836,"items_purged":[],"score":254,"play_id":"7f236c39-3096-4425-98b8-68caad69d443","local_time":"20181008192047","is_ascension_mode":true,"campfire_choices":[{"data":"After Image","floor":7,"key":"SMITH"},{"floor":11,"key":"REST"},{"floor":15,"key":"REST"}],"neow_cost":"CURSE","seed_source_timestamp":19174857112299,"circlet_count":0,"master_deck":["Defend_G","Defend_G","Defend_G","Defend_G","Strike_G","Strike_G","Strike_G","Strike_G","Strike_G","Survivor","Neutralize","Unload","Leg Sweep","Sucker Punch","Reflex","Finisher","After Image+1","Terror","Glass Knife","PiercingWail","Tactician","Dagger Spray","Unload","PiercingWail","After Image+1","Well Laid Plans","Dagger Throw","After Image+1","Acrobatics+1"],"relics":["Ring of the Snake","Shuriken","Strawberry","Potion Belt","Runic Dome","DollysMirror"],"potions_floor_usage":[4,6,16,18,23,23],"damage_taken":[{"damage":2,"enemies":"Cultist","floor":1,"turns":3},{"damage":6,"enemies":"Jaw Worm","floor":2,"turns":6},{"damage":1,"enemies":"2 Louse","floor":3,"turns":3},{"damage":5,"enemies":"Looter","floor":4,"turns":4},{"damage":17,"enemies":"Gremlin Nob","floor":6,"turns":4},{"damage":14,"enemies":"3 Sentries","floor":8,"turns":12},{"damage":24,"enemies":"Lots of Slimes","floor":10,"turns":4},{"damage":3,"enemies":"Exordium Wildlife","floor":12,"turns":3},{"damage":4,"enemies":"2 Fungi Beasts","floor":14,"turns":3},{"damage":24,"enemies":"Hexaghost","floor":16,"turns":8},{"damage":17,"enemies":"Spheric Guardian","floor":18,"turns":5},{"damage":8,"enemies":"2 Thieves","floor":22,"turns":4},{"damage":27,"enemies":"Gremlin Leader","floor":23,"turns":3}],"seed_played":"4532663193507092075","potions_obtained":[{"floor":2,"key":"Block Potion"},{"floor":3,"key":"SteroidPotion"},{"floor":4,"key":"Strength Potion"},{"floor":10,"key":"Explosive Potion"},{"floor":12,"key":"SneckoOil"},{"floor":16,"key":"Poison Potion"},{"floor":22,"key":"Dexterity Potion"}],"is_trial":false,"path_per_floor":["M","M","M","M","$","E","R","E","T","M","R","M","?","M","R","B",null,"M","?","$","?","M"],"character_chosen":"THE_SILENT","items_purchased":["After Image","DollysMirror","Well Laid Plans","Dagger Throw"],"campfire_rested":2,"item_purchase_floors":[5,20,20,20],"current_hp_per_floor":[68,62,61,56,56,39,39,32,32,8,31,28,28,24,47,23,64,47,47,47,47,39,12],"gold":23,"neow_bonus":"THREE_RARE_CARDS","is_prod":false,"is_daily":false,"chose_seed":false,"campfire_upgraded":1,"win_rate":0,"timestamp":1539040847,"path_taken":["M","?","M","M","$","E","R","E","T","M","R","?","?","?","R","BOSS","M","?","$","?","M","E"],"build_version":"2018-10-04","purchased_purges":0,"victory":false,"max_hp_per_floor":[70,70,70,70,70,70,70,77,77,77,77,77,77,77,77,77,77,77,77,77,77,77,77],"card_choices":[{"not_picked":["Corpse Explosion","Tools of the Trade"],"picked":"Unload","floor":0},{"not_picked":["Acrobatics","Blade Dance"],"picked":"Leg Sweep","floor":1},{"not_picked":["Deadly Poison","Endless Agony"],"picked":"Sucker Punch","floor":2},{"not_picked":["Slice","Distraction"],"picked":"Reflex","floor":3},{"not_picked":["Deflect","Infinite Blades"],"picked":"Finisher","floor":4},{"not_picked":["Setup","Tools of the Trade"],"picked":"Terror","floor":6},{"not_picked":["Dodge and Roll","Catalyst"],"picked":"Glass Knife","floor":8},{"not_picked":["Finisher","Deadly Poison"],"picked":"PiercingWail","floor":10},{"not_picked":["Dagger Throw","Infinite Blades"],"picked":"Tactician","floor":12},{"not_picked":["Blade Dance","Bane"],"picked":"Dagger Spray","floor":14},{"not_picked":["Wraith Form v2","Storm of Steel"],"picked":"Unload","floor":16},{"not_picked":["Caltrops","Poisoned Stab+1"],"picked":"PiercingWail","floor":18},{"not_picked":["Dagger Throw","Endless Agony"],"picked":"Acrobatics+1","floor":22}],"player_experience":320575,"relics_obtained":[{"floor":6,"key":"Shuriken"},{"floor":8,"key":"Strawberry"},{"floor":9,"key":"Potion Belt"}],"event_choices":[{"event_name":"Purifier","player_choice":"One Purge","floor":13,"damage_taken":0},{"event_name":"Back to Basics","player_choice":"Elegance","floor":19,"damage_taken":0},{"event_name":"Duplicator","player_choice":"One dupe","floor":21,"damage_taken":0}],"is_beta":true,"boss_relics":[{"not_picked":["Runic Pyramid","Fusion Hammer"],"picked":"Runic Dome"}],"items_purged_floors":[],"is_endless":false,"potions_floor_spawned":[2,3,4,10,12,16,22],"killed_by":"Gremlin Leader","ascension_level":5}