{"gold_per_floor":[109,125,125,125,140,170,170,189,189,202,219,235,235,235,235,336,336,348,69,69,69,89,115,115,115,115,115,130,80,109,124,124,124],"floor_reached":33,"playtime":1696,"items_purged":[],"score":312,"play_id":"bceec76e-0f91-462a-9de8-765d7001a27f","local_time":"20190218200641","is_ascension_mode":false,"campfire_choices":[{"data":"Dualcast","floor":7,"key":"SMITH"},{"data":"Conserve Battery","floor":15,"key":"SMITH"},{"floor":24,"key":"REST"},{"floor":32,"key":"REST"}],"neow_cost":"NONE","seed_source_timestamp":415883754486644,"circlet_count":0,"master_deck":["Strike_B","Strike_B","Strike_B","Strike_B","Defend_B","Defend_B","Defend_B","Defend_B","Zap+1","Dualcast+1","FTL","Conserve Battery+1","Capacitor+1","FTL","Capacitor"],"relics":["Cracked Core","NeowsBlessing","Cables","Singing Bowl","Nuclear Battery","Gremlin Horn","PreservedInsect","Regal Pillow","MutagenicStrength","Blue Candle","Bottled Flame"],"potions_floor_usage":[18,18,23,23,23,28,33,33],"damage_taken":[{"damage":0,"enemies":"Small Slimes","floor":1,"turns":1},{"damage":0,"enemies":"Jaw Worm","floor":2,"turns":1},{"damage":0,"enemies":"Cultist","floor":5,"turns":1},{"damage":24,"enemies":"Gremlin Nob","floor":6,"turns":5},{"damage":0,"enemies":"Blue Slaver","floor":8,"turns":3},{"damage":0,"enemies":"Lots of Slimes","floor":10,"turns":3},{"damage":2,"enemies":"2 Fungi Beasts","floor":11,"turns":4},{"damage":15,"enemies":"3 Louse","floor":12,"turns":2},{"damage":31,"enemies":"Slime Boss","floor":16,"turns":12},{"damage":10,"enemies":"2 Thieves","floor":18,"turns":3},{"damage":12,"enemies":"Shell Parasite","floor":22,"turns":8},{"damage":57,"enemies":"Book of Stabbing","floor":23,"turns":6},{"damage":15,"enemies":"Snecko","floor":28,"turns":7},{"damage":6,"enemies":"Gremlin Leader","floor":30,"turns":7},{"damage":16,"enemies":"Sentry and Sphere","floor":31,"turns":5},{"damage":66,"enemies":"Champ","floor":33,"turns":10}],"seed_played":"9043189349694793917","potions_obtained":[{"floor":5,"key":"Strength Potion"},{"floor":8,"key":"FearPotion"},{"floor":10,"key":"Dexterity Potion"},{"floor":12,"key":"AttackPotion"},{"floor":18,"key":"EntropicBrew"},{"floor":23,"key":"Block Potion"}],"is_trial":false,"path_per_floor":["?","?","M","$","?","?","M","?","?","M","?"],"character_chosen":"DEFECT","items_purchased":["Capacitor","Gremlin Horn"],"campfire_rested":2,"item_purchase_floors":[19,19],"current_hp_per_floor":[75,75,75,75,75,51,51,51,51,53,53,40,40,40,40,11,83,75,75,75,75,65,8,49,49,49,49,36,36,32,16,58,0],"gold":124,"neow_bonus":"THREE_ENEMY_KILL","is_prod":false,"is_daily":false,"chose_seed":false,"campfire_upgraded":2,"win_rate":0,"timestamp":1550538401,"path_taken":["M","M","?","?","?","E","R","M","T","M","M","M","?","$","R","BOSS","M","$","?","?","?","E","R","?","T","?","?","?","E","M","R","BOSS"],"build_version":"2019-01-23","purchased_purges":0,"victory":false,"max_hp_per_floor":[75,75,75,75,75,75,75,75,75,77,79,81,81,81,81,83,83,85,85,85,85,87,87,87,87,87,87,89,89,91,91,91,91],"card_choices":[{"not_picked":["Barrage","Beam Cell"],"picked":"FTL","floor":1},{"not_picked":["Go for the Eyes","Conserve Battery","Turbo"],"picked":"SKIP","floor":2},{"not_picked":["Go for the Eyes","Turbo"],"picked":"Conserve Battery","floor":2},{"not_picked":["Hologram","Barrage","Stack"],"picked":"SKIP","floor":5},{"not_picked":["Barrage","Recycle","Leap"],"picked":"SKIP","floor":6},{"not_picked":["Beam Cell","Hologram","Storm"],"picked":"SKIP","floor":8},{"not_picked":["Rebound","Coolheaded","Undo"],"picked":"Singing Bowl","floor":10},{"not_picked":["Doom and Gloom","Barrage","Machine Learning"],"picked":"Singing Bowl","floor":11},{"not_picked":["Lockon","Cold Snap","Coolheaded"],"picked":"Singing Bowl","floor":12},{"not_picked":["Echo Form","Rainbow","Multi-Cast"],"picked":"Singing Bowl","floor":16},{"not_picked":["Compile Driver","Recycle","Sweeping Beam"],"picked":"Singing Bowl","floor":18},{"not_picked":["Go for the Eyes","Rebound","Reinforced Body+1"],"picked":"Singing Bowl","floor":22},{"not_picked":["Force Field+1","Conserve Battery+1"],"picked":"FTL","floor":23},{"not_picked":["Coolheaded","Conserve Battery+1","Compile Driver"],"picked":"Singing Bowl","floor":28},{"not_picked":["Recycle+1","Echo Form","Genetic Algorithm"],"picked":"Singing Bowl","floor":30},{"not_picked":["Sunder","Barrage+1"],"picked":"Capacitor","floor":31}],"player_experience":524588,"relics_obtained":[{"floor":6,"key":"Cables"},{"floor":9,"key":"Singing Bowl"},{"floor":23,"key":"Regal Pillow"},{"floor":26,"key":"Blue Candle"},{"floor":30,"key":"Bottled Flame"}],"event_choices":[{"damage_healed":0,"gold_gain":0,"player_choice":"Grow","damage_taken":0,"max_hp_gain":0,"max_hp_loss":0,"event_name":"Living Wall","floor":3,"gold_loss":0,"cards_upgraded":["Zap"]},{"damage_healed":0,"gold_gain":0,"player_choice":"Ignored","damage_taken":0,"max_hp_gain":0,"max_hp_loss":0,"event_name":"Liars Game","floor":4,"gold_loss":0},{"damage_healed":0,"gold_gain":0,"player_choice":"Opened","damage_taken":0,"relics_obtained":["PreservedInsect"],"max_hp_gain":0,"max_hp_loss":0,"event_name":"The Mausoleum","floor":20,"gold_loss":0},{"damage_healed":0,"gold_gain":0,"player_choice":"Forge","damage_taken":0,"max_hp_gain":0,"max_hp_loss":0,"event_name":"Accursed Blacksmith","floor":21,"gold_loss":0,"cards_upgraded":["Capacitor"]},{"damage_healed":0,"gold_gain":0,"player_choice":"Inject Mutagens","damage_taken":0,"relics_obtained":["MutagenicStrength"],"max_hp_gain":0,"max_hp_loss":0,"event_name":"Drug Dealer","floor":25,"gold_loss":0},{"damage_healed":0,"gold_gain":0,"player_choice":"0 cards matched","damage_taken":0,"max_hp_gain":0,"max_hp_loss":0,"event_name":"Match and Keep!","floor":27,"gold_loss":0,"cards_obtained":[]},{"damage_healed":0,"gold_gain":0,"player_choice":"Bet on Murderer","damage_taken":0,"max_hp_gain":0,"max_hp_loss":0,"event_name":"The Joust","floor":29,"gold_loss":50}],"is_beta":false,"boss_relics":[{"not_picked":["Velvet Choker","Busted Crown"],"picked":"Nuclear Battery"}],"items_purged_floors":[],"is_endless":false,"potions_floor_spawned":[5,8,10,12,18,23],"killed_by":"Champ","ascension_level":0}