{"gold_per_floor":[109,27,27,44,119,149,167,167,167,185,204,219,219,231,231,328,328,339,339,351,362,462,462,493,493,523,543,543,556,571,585,585,585],"floor_reached":33,"playtime":953,"items_purged":[],"score":298,"play_id":"2b6734e6-60a9-4a68-9c9f-b2afb91ba044","local_time":"20181116211206","is_ascension_mode":false,"campfire_choices":[{"floor":15,"key":"REST"},{"floor":23,"key":"REST"},{"floor":25,"key":"REST"},{"data":"Rainbow","floor":28,"key":"SMITH"},{"floor":32,"key":"REST"}],"neow_cost":"NONE","seed_source_timestamp":271053991186896,"circlet_count":0,"master_deck":["Strike_B","Strike_B","Strike_B","Strike_B","Defend_B","Defend_B","Defend_B","Defend_B","Zap+1","Dualcast","Gash","Conserve Battery","Capacitor","Regret","Leap","Storm","Ball Lightning","Doom and Gloom","Defragment","Conserve Battery","Self Repair","Electrodynamics","Doubt","Stack","Consume+1","Buffer","Stack","Decay","Rainbow+1","Conserve Battery","Beam Cell","Gash","Static Discharge+1"],"relics":["Cracked Core","NeowsBlessing","Dodecahedron","Mercury Hourglass","Dream Catcher","CultistMask","Cursed Key","Matryoshka","Centennial Puzzle","Tiny Chest","Gremlin Horn"],"potions_floor_usage":[14,16,29,30,31,33,33,33,33],"damage_taken":[{"damage":0,"enemies":"2 Louse","floor":1,"turns":1},{"damage":0,"enemies":"Small Slimes","floor":4,"turns":1},{"damage":0,"enemies":"3 Sentries","floor":6,"turns":1},{"damage":2,"enemies":"Cultist","floor":7,"turns":3},{"damage":0,"enemies":"Blue Slaver","floor":10,"turns":3},{"damage":2,"enemies":"Red Slaver","floor":11,"turns":3},{"damage":11,"enemies":"Lots of Slimes","floor":12,"turns":2},{"damage":1,"enemies":"Exordium Wildlife","floor":14,"turns":4},{"damage":42,"enemies":"Hexaghost","floor":16,"turns":7},{"damage":1,"enemies":"Spheric Guardian","floor":18,"turns":3},{"damage":19,"enemies":"2 Thieves","floor":20,"turns":3},{"damage":29,"enemies":"Snake Plant","floor":21,"turns":4},{"damage":29,"enemies":"Gremlin Leader","floor":24,"turns":5},{"damage":13,"enemies":"Cultist and Chosen","floor":27,"turns":5},{"damage":27,"enemies":"Centurion and Healer","floor":29,"turns":3},{"damage":0,"enemies":"3 Cultists","floor":30,"turns":3},{"damage":23,"enemies":"Snake Plant","floor":31,"turns":4},{"damage":51,"enemies":"Automaton","floor":33,"turns":6}],"seed_played":"5883956740843531186","potions_obtained":[{"floor":6,"key":"Block Potion"},{"floor":10,"key":"EssenceOfSteel"},{"floor":14,"key":"FocusPotion"},{"floor":24,"key":"Energy Potion"},{"floor":27,"key":"Energy Potion"},{"floor":31,"key":"EntropicBrew"}],"is_trial":false,"path_per_floor":["M","$","?","M","?","E","M","?","T","M","M","M","?","M","R","B",null,"M","T","M","M","?","R","E","R","T","M","R","M","M","M","R","B"],"character_chosen":"DEFECT","items_purchased":["Conserve Battery","Capacitor"],"campfire_rested":4,"item_purchase_floors":[2,2],"current_hp_per_floor":[75,75,75,75,64,64,62,62,62,62,60,49,49,48,70,35,75,74,74,55,33,33,55,33,55,55,49,49,22,29,6,28,0],"gold":585,"neow_bonus":"THREE_ENEMY_KILL","is_prod":false,"is_daily":false,"chose_seed":false,"campfire_upgraded":1,"win_rate":0,"timestamp":1542427926,"path_taken":["M","$","?","M","?","E","M","?","T","M","?","M","?","M","R","BOSS","M","?","M","?","?","R","E","R","T","M","R","M","?","M","R","BOSS"],"build_version":"2018-11-15","purchased_purges":0,"victory":false,"max_hp_per_floor":[75,75,75,75,75,75,75,75,75,75,75,75,75,75,75,75,75,75,75,75,75,75,75,75,75,75,75,75,75,75,75,75,75],"card_choices":[{"not_picked":["Undo","Consume"],"picked":"Gash","floor":1},{"not_picked":["Turbo","Compile Driver"],"picked":"Leap","floor":4},{"not_picked":["Fusion","Heatsinks"],"picked":"Storm","floor":6},{"not_picked":["Go for the Eyes","Conserve Battery"],"picked":"Ball Lightning","floor":7},{"not_picked":["Redo","Lockon"],"picked":"Doom and Gloom","floor":10},{"not_picked":["Redo","Cold Snap"],"picked":"Defragment","floor":11},{"not_picked":["Redo","Streamline"],"picked":"Conserve Battery","floor":12},{"not_picked":["Cold Snap","Darkness"],"picked":"Self Repair","floor":14},{"not_picked":["Multi-Cast","Core Surge"],"picked":"Electrodynamics","floor":16},{"not_picked":["Redo","Scrape","Turbo"],"picked":"SKIP","floor":18},{"not_picked":["Steam Power","Go for the Eyes"],"picked":"Stack","floor":20},{"not_picked":["Go for the Eyes","Cold Snap"],"picked":"Consume+1","floor":21},{"not_picked":["Blizzard","Cold Snap+1"],"picked":"Buffer","floor":24},{"not_picked":["Consume","Skim+1"],"picked":"Stack","floor":25},{"not_picked":["Redo","Recycle"],"picked":"Rainbow","floor":27},{"not_picked":["Turbo","Undo+1"],"picked":"Conserve Battery","floor":29},{"not_picked":["Streamline+1","Barrage"],"picked":"Beam Cell","floor":30},{"not_picked":["Compile Driver","Stack"],"picked":"Gash","floor":31},{"not_picked":["Beam Cell","Hologram+1"],"picked":"Static Discharge+1","floor":32}],"player_experience":1077553,"relics_obtained":[{"floor":6,"key":"Mercury Hourglass"},{"floor":9,"key":"Dream Catcher"},{"floor":19,"key":"Matryoshka"},{"floor":24,"key":"Centennial Puzzle"},{"floor":26,"key":"Tiny Chest"},{"floor":26,"key":"Gremlin Horn"}],"event_choices":[{"damage_healed":0,"gold_gain":0,"player_choice":"Box","damage_taken":0,"relics_obtained":["Dodecahedron"],"max_hp_gain":0,"max_hp_loss":0,"event_name":"Big Fish","floor":3,"gold_loss":0,"cards_obtained":["Regret"]},{"damage_healed":0,"gold_gain":75,"player_choice":"Gather Gold","damage_taken":11,"max_hp_gain":0,"max_hp_loss":0,"event_name":"World of Goop","floor":5,"gold_loss":0},{"damage_healed":0,"gold_gain":0,"player_choice":"Upgraded","damage_taken":0,"max_hp_gain":0,"max_hp_loss":0,"event_name":"Upgrade Shrine","floor":8,"gold_loss":0,"cards_upgraded":["Zap"]},{"damage_healed":0,"gold_gain":0,"player_choice":"Trade","damage_taken":0,"relics_obtained":["CultistMask"],"max_hp_gain":0,"max_hp_loss":0,"event_name":"FaceTrader","floor":13,"gold_loss":0},{"damage_healed":0,"gold_gain":100,"player_choice":"Pray","damage_taken":0,"max_hp_gain":0,"max_hp_loss":0,"event_name":"Golden Shrine","floor":22,"gold_loss":0}],"is_beta":false,"boss_relics":[{"not_picked":["Tiny House","Philosopher\u0027s Stone"],"picked":"Cursed Key"}],"items_purged_floors":[],"is_endless":false,"potions_floor_spawned":[6,10,14,24,27,31],"killed_by":"Automaton","ascension_level":0}