{"gold_per_floor":[116,130,104,104,104,137,89,114,114,88,88,103,103,138,138,138],"floor_reached":16,"playtime":1189,"items_purged":[],"score":148,"play_id":"e458e2c7-dcf0-4747-ae8e-0e1c0d1093b6","local_time":"20181027115547","is_ascension_mode":true,"campfire_choices":[{"data":"Footwork","floor":11,"key":"SMITH"},{"data":"Crippling Poison","floor":13,"key":"SMITH"},{"data":"Crippling Poison","floor":15,"key":"SMITH"}],"neow_cost":"NONE","seed_source_timestamp":1447452029627578,"circlet_count":0,"master_deck":["Defend_G","Defend_G","Defend_G","Defend_G","Defend_G","Strike_G+1","Strike_G","Strike_G+1","Strike_G","Strike_G","Survivor","Neutralize+1","Crippling Poison+1","Backflip","Deadly Poison","Dagger Spray","Predator+1","PiercingWail","Dodge and Roll","Footwork+1","Crippling Poison+1","Outmaneuver"],"relics":["Ring of the Snake","NeowsBlessing","Whetstone","Ice Cream","Meat on the Bone","Regal Pillow"],"potions_floor_usage":[8,14],"damage_taken":[{"damage":0,"enemies":"Jaw Worm","floor":1,"turns":1},{"damage":0,"enemies":"Cultist","floor":2,"turns":1},{"damage":0,"enemies":"Gremlin Nob","floor":6,"turns":1},{"damage":15,"enemies":"3 Sentries","floor":8,"turns":8},{"damage":0,"enemies":"Small Slimes","floor":12,"turns":4},{"damage":6,"enemies":"Gremlin Nob","floor":14,"turns":4},{"damage":52,"enemies":"Slime Boss","floor":16,"turns":16}],"seed_played":"5546519295381540472","potions_obtained":[{"floor":1,"key":"Regen Potion"},{"floor":8,"key":"PowerPotion"}],"is_trial":false,"path_per_floor":["M","M","$","?","?","E","$","E","T","?","R","M","R","E","R"],"character_chosen":"THE_SILENT","items_purchased":["Deadly Poison","Dodge and Roll"],"campfire_rested":0,"item_purchase_floors":[3,7],"current_hp_per_floor":[70,70,70,70,56,56,56,56,56,56,56,56,56,50,50,0],"gold":138,"neow_bonus":"THREE_ENEMY_KILL","is_prod":false,"is_daily":false,"chose_seed":false,"campfire_upgraded":3,"win_rate":0,"timestamp":1540662947,"path_taken":["M","M","$","?","?","E","$","E","T","?","R","?","R","E","R","BOSS"],"build_version":"2018-10-25v2","purchased_purges":0,"victory":false,"max_hp_per_floor":[70,70,70,70,70,70,70,70,70,70,70,70,70,70,70,70],"card_choices":[{"not_picked":["Flying Knee","Poisoned Stab"],"picked":"Crippling Poison","floor":1},{"not_picked":["Outmaneuver","Acrobatics"],"picked":"Backflip","floor":2},{"not_picked":["Backflip","Poisoned Stab"],"picked":"PiercingWail","floor":6},{"not_picked":["Cloak And Dagger","Phantasmal Killer"],"picked":"Footwork","floor":8},{"not_picked":["PiercingWail","Flying Knee"],"picked":"Crippling Poison","floor":12},{"not_picked":["Accuracy","Quick Slash"],"picked":"Outmaneuver","floor":14}],"player_experience":899318,"relics_obtained":[{"floor":6,"key":"Whetstone"},{"floor":8,"key":"Ice Cream"},{"floor":9,"key":"Meat on the Bone"},{"floor":14,"key":"Regal Pillow"}],"event_choices":[{"damage_healed":0,"gold_gain":0,"player_choice":"2 cards matched","damage_taken":0,"max_hp_gain":0,"max_hp_loss":0,"event_name":"Match and Keep!","floor":4,"gold_loss":0,"cards_obtained":["Dagger Spray","Predator"]},{"damage_healed":0,"gold_gain":0,"player_choice":"Entered Light","damage_taken":14,"max_hp_gain":0,"max_hp_loss":0,"event_name":"Shining Light","floor":5,"gold_loss":0,"cards_upgraded":["Strike_G","Strike_G"]},{"damage_healed":0,"gold_gain":0,"player_choice":"Left Gold","damage_taken":0,"max_hp_gain":0,"max_hp_loss":0,"event_name":"World of Goop","floor":10,"gold_loss":26}],"is_beta":false,"boss_relics":[],"items_purged_floors":[],"is_endless":false,"potions_floor_spawned":[1,8],"killed_by":"Slime Boss","ascension_level":1}