{"gold_per_floor":[114,189,114,124,104,104,131,131,131,159,173,16,32,61,61,61],"floor_reached":16,"playtime":466,"items_purged":[],"score":257,"play_id":"51c3b396-9158-450f-b07d-1a99431a8404","local_time":"20190410150512","is_ascension_mode":true,"campfire_choices":[{"data":"Bash","floor":6,"key":"SMITH"},{"data":"Feed","floor":8,"key":"SMITH"},{"data":"Twin Strike","floor":15,"key":"SMITH"}],"neow_cost":"NONE","seed_source_timestamp":2216559652808911,"circlet_count":0,"master_deck":["AscendersBane","Strike_R","Strike_R","Strike_R","Strike_R","Defend_R","Defend_R","Defend_R","Defend_R","Bash+1","Iron Wave","Twin Strike+1","Feed+1","Shrug It Off","Uppercut+1"],"relics":["Burning Blood","NeowsBlessing","Darkstone Periapt","Molten Egg 2","Blood Vial","Shuriken"],"potions_floor_usage":[10,16],"damage_taken":[{"damage":0,"enemies":"2 Louse","floor":1,"turns":1},{"damage":0,"enemies":"Cultist","floor":4,"turns":1},{"damage":0,"enemies":"Lagavulin","floor":7,"turns":1},{"damage":7,"enemies":"Gremlin Nob","floor":10,"turns":4},{"damage":0,"enemies":"Small Slimes","floor":11,"turns":2},{"damage":11,"enemies":"Blue Slaver","floor":13,"turns":4},{"damage":44,"enemies":"Lagavulin","floor":14,"turns":8},{"damage":63,"enemies":"Slime Boss","floor":16,"turns":9}],"seed_played":"-3501014605301402576","potions_obtained":[{"floor":1,"key":"SmokeBomb"},{"floor":5,"key":"Block Potion"},{"floor":13,"key":"GamblersBrew"}],"is_trial":false,"path_per_floor":["?","?","?","M"],"character_chosen":"IRONCLAD","items_purchased":["Blood Vial"],"campfire_rested":0,"item_purchase_floors":[12],"current_hp_per_floor":[74,63,63,69,69,69,75,75,75,74,79,79,78,46,46,0],"gold":61,"neow_bonus":"THREE_ENEMY_KILL","is_prod":false,"is_daily":false,"chose_seed":false,"campfire_upgraded":3,"win_rate":0,"timestamp":1554923112,"path_taken":["M","?","?","M","?","R","E","R","T","E","M","$","?","E","R","BOSS"],"build_version":"2019-01-23","purchased_purges":0,"victory":false,"max_hp_per_floor":[75,75,75,75,75,75,75,75,75,75,79,79,83,87,87,87],"card_choices":[{"not_picked":["Intimidate","Armaments"],"picked":"Iron Wave","floor":1},{"not_picked":["Dropkick","Perfected Strike"],"picked":"Twin Strike","floor":4},{"not_picked":["Pommel Strike","Thunderclap"],"picked":"Feed","floor":7},{"not_picked":["Clash","Thunderclap"],"picked":"Shrug It Off","floor":10},{"not_picked":["Metallicize","Sword Boomerang+1"],"picked":"Uppercut+1","floor":11},{"not_picked":["Bloodletting","Wild Strike+1","Berserk"],"picked":"SKIP","floor":13},{"not_picked":["Blood for Blood+1","Seeing Red","Wild Strike+1"],"picked":"SKIP","floor":14}],"player_experience":1731675,"relics_obtained":[{"floor":7,"key":"Darkstone Periapt"},{"floor":10,"key":"Molten Egg 2"},{"floor":14,"key":"Shuriken"}],"event_choices":[{"damage_healed":0,"gold_gain":75,"player_choice":"Gather Gold","damage_taken":11,"max_hp_gain":0,"max_hp_loss":0,"event_name":"World of Goop","floor":2,"gold_loss":0},{"cards_removed":["Strike_R"],"damage_healed":0,"gold_gain":0,"player_choice":"Card Removal","damage_taken":0,"max_hp_gain":0,"max_hp_loss":0,"event_name":"The Cleric","floor":3,"gold_loss":75},{"damage_healed":0,"gold_gain":0,"player_choice":"Bought 1 Potion","damage_taken":0,"max_hp_gain":0,"max_hp_loss":0,"event_name":"The Woman in Blue","floor":5,"gold_loss":0}],"is_beta":false,"boss_relics":[],"items_purged_floors":[],"is_endless":false,"potions_floor_spawned":[1,13],"killed_by":"Slime Boss","ascension_level":16}