{"gold_per_floor":[111,111,125,125,27,54,54,67,67,79,79,99,99,126,126,221,221,235,124,136,136,136],"floor_reached":22,"playtime":1060,"items_purged":[],"score":219,"play_id":"87cd2668-6c0d-4494-a932-87338940781d","local_time":"20180729173054","is_ascension_mode":false,"campfire_choices":[{"data":"Armaments","floor":7,"key":"SMITH"},{"data":"Searing Blow","floor":11,"key":"SMITH"},{"floor":13,"key":"REST"},{"floor":15,"key":"REST"}],"neow_cost":"NONE","seed_source_timestamp":257429733400731,"circlet_count":0,"master_deck":["Defend_R","Defend_R","Defend_R","Defend_R","Bash","Cleave","Twin Strike","Flex","Armaments+1","Searing Blow+1","Flex","Evolve","Impervious","Twin Strike","Feed","Infernal Blade","Finesse","Armaments","Sword Boomerang+1","Bite","Bite","Bite","Bite","Bite"],"relics":["Burning Blood","Dodecahedron","Bottled Lightning","Champion Belt","Eternal Feather"],"potions_floor_usage":[5,6],"damage_taken":[{"damage":0,"enemies":"2 Louse","floor":1,"turns":3},{"damage":10,"enemies":"Jaw Worm","floor":3,"turns":4},{"damage":18,"enemies":"Gremlin Nob","floor":6,"turns":4},{"damage":1,"enemies":"Cultist","floor":8,"turns":3},{"damage":10,"enemies":"Looter","floor":10,"turns":3},{"damage":34,"enemies":"Exordium Wildlife","floor":12,"turns":8},{"damage":22,"enemies":"3 Sentries","floor":14,"turns":5},{"damage":41,"enemies":"Slime Boss","floor":16,"turns":10},{"damage":43,"enemies":"Shell Parasite","floor":18,"turns":10},{"damage":40,"enemies":"Spheric Guardian","floor":20,"turns":6},{"damage":48,"enemies":"Snake Plant","floor":22,"turns":4}],"seed_played":"-4197291994147602867","potions_obtained":[{"floor":1,"key":"Poison Potion"},{"floor":3,"key":"SteroidPotion"},{"floor":4,"key":"Fruit Juice"},{"floor":4,"key":"Ancient Potion"},{"floor":14,"key":"LiquidBronze"}],"is_trial":false,"path_per_floor":["M","?","M","?","$","E","R","M","T","M","R","M","R","E","R","B",null,"M","$","M","?"],"character_chosen":"IRONCLAD","items_purchased":["Flex","Armaments","Finesse","Armaments"],"campfire_rested":2,"item_purchase_floors":[5,5,19,19],"current_hp_per_floor":[88,93,89,89,94,82,82,87,87,83,83,55,84,68,97,62,98,64,64,33,33,0],"gold":136,"neow_bonus":"TEN_PERCENT_HP_BONUS","is_prod":false,"is_daily":false,"chose_seed":false,"campfire_upgraded":2,"win_rate":0.0,"timestamp":1532907054,"path_taken":["M","?","M","?","$","E","R","M","T","M","R","?","R","E","R","BOSS","M","$","M","?","M"],"build_version":"2018-07-26","purchased_purges":0,"victory":false,"max_hp_per_floor":[88,93,93,93,98,98,98,98,98,98,98,98,98,98,98,98,98,101,101,104,72,72],"card_choices":[{"not_picked":["Seeing Red","Fire Breathing"],"picked":"Cleave","floor":1},{"not_picked":["Body Slam","Corruption"],"picked":"Twin Strike","floor":3},{"not_picked":["Wild Strike","Iron Wave"],"picked":"Searing Blow","floor":6},{"not_picked":["Rampage","Wild Strike"],"picked":"Flex","floor":8},{"not_picked":["Headbutt","Warcry"],"picked":"Evolve","floor":10},{"not_picked":["Wild Strike","Cleave"],"picked":"Impervious","floor":12},{"not_picked":["True Grit","Shockwave"],"picked":"Twin Strike","floor":14},{"not_picked":["Immolate","Berserk"],"picked":"Feed","floor":16},{"not_picked":["Rage","Anger"],"picked":"Infernal Blade","floor":18},{"not_picked":["Clash","Flame Barrier"],"picked":"Sword Boomerang+1","floor":20}],"player_experience":74833,"relics_obtained":[{"floor":6,"key":"Dodecahedron"},{"floor":9,"key":"Bottled Lightning"},{"floor":14,"key":"Champion Belt"}],"event_choices":[{"event_name":"Big Fish","player_choice":"Donut","floor":2,"damage_taken":0},{"event_name":"The Lab","player_choice":"Got Potions","floor":4,"damage_taken":0},{"event_name":"Vampires","player_choice":"Became a vampire","floor":21,"damage_taken":0}],"is_beta":false,"boss_relics":[{"not_picked":["Runic Dome","Philosopher\u0027s Stone"],"picked":"Eternal Feather"}],"items_purged_floors":[],"is_endless":false,"potions_floor_spawned":[1,3,14],"killed_by":"Snake Plant","ascension_level":0}