{"gold_per_floor":[119,119,40,59,72,72,97,97,123,123,153,153,153,168,168,265,265,282,207,207,306,317,317],"floor_reached":23,"playtime":520,"items_purged":[],"score":271,"play_id":"e7fdfb4a-b4ac-4199-a54e-25260dde3499","local_time":"20190131213303","is_ascension_mode":true,"campfire_choices":[{"data":"Searing Blow","floor":6.0,"key":"SMITH"},{"data":"Searing Blow+1","floor":8.0,"key":"SMITH"},{"data":"Searing Blow+2","floor":10.0,"key":"SMITH"},{"data":"Searing Blow+3","floor":12.0,"key":"SMITH"},{"data":"Searing Blow+4","floor":15.0,"key":"SMITH"}],"neow_cost":"NONE","seed_source_timestamp":380394940538691,"circlet_count":0,"master_deck":["Strike_R","Strike_R","Defend_R","Defend_R","Defend_R","Defend_R","Bash","Pommel Strike+1","Searing Blow+5","Thunderclap","Armaments","Feed","Power Through","True Grit"],"special_seed":0,"relics":["Burning Blood","NeowsBlessing","Vajra","Anchor","Tiny Chest","Orrery"],"potions_floor_usage":[],"damage_taken":[{"damage":2.0,"enemies":"Small Slimes","floor":1.0,"turns":2.0},{"damage":0.0,"enemies":"Cultist","floor":4.0,"turns":1.0},{"damage":0.0,"enemies":"2 Louse","floor":5.0,"turns":1.0},{"damage":30.0,"enemies":"Lagavulin","floor":7.0,"turns":5.0},{"damage":0.0,"enemies":"Large Slime","floor":14.0,"turns":3.0},{"damage":27.0,"enemies":"The Guardian","floor":16.0,"turns":9.0},{"damage":19.0,"enemies":"3 Byrds","floor":18.0,"turns":7.0},{"damage":19.0,"enemies":"Spheric Guardian","floor":22.0,"turns":5.0},{"damage":49,"enemies":"Gremlin Leader","floor":23,"turns":3}],"seed_played":"-3723109964397259917","potions_obtained":[{"floor":4.0,"key":"Weak Potion"},{"floor":14.0,"key":"SmokeBomb"},{"floor":16.0,"key":"GamblersBrew"},{"floor":18.0,"key":"GamblersBrew"}],"is_trial":false,"path_per_floor":["M","?","$","M","M","R","E","R","T","R","?","R","?","M","R","B",null,"M","?","?","?","M","E"],"character_chosen":"IRONCLAD","items_purchased":["Searing Blow"],"campfire_rested":0,"item_purchase_floors":[3],"current_hp_per_floor":[76,76,76,80,80,80,56,56,56,56,49,49,42,48,48,27,67,57,57,57,57,47,0],"gold":317,"neow_bonus":"THREE_ENEMY_KILL","is_prod":false,"is_daily":false,"chose_seed":false,"campfire_upgraded":5,"win_rate":0,"timestamp":1548999183,"path_taken":["M","?","?","?","?","R","E","R","T","R","?","R","?","M","R","BOSS","M","?","?","?","M","E"],"build_version":"2019-01-23","purchased_purges":0,"victory":false,"max_hp_per_floor":[80,80,80,80,80,80,80,80,80,80,80,80,80,80,80,80,80,83,83,83,83,86,86],"card_choices":[{"not_picked":["Twin Strike","Blood for Blood"],"picked":"Pommel Strike","floor":1.0},{"not_picked":["Flex","Havoc"],"picked":"Thunderclap","floor":4.0},{"not_picked":["Iron Wave","Twin Strike","Cleave"],"picked":"SKIP","floor":5.0},{"not_picked":["True Grit","Sword Boomerang","Cleave"],"picked":"SKIP","floor":7.0},{"not_picked":["Corruption","Blood for Blood"],"picked":"Armaments","floor":14.0},{"not_picked":["Barricade","Exhume"],"picked":"Feed","floor":16.0},{"not_picked":["Flex","Clash"],"picked":"Power Through","floor":17.0},{"not_picked":["Fire Breathing","Thunderclap"],"picked":"True Grit","floor":17.0},{"not_picked":["Uppercut","Evolve","Fire Breathing"],"picked":"SKIP","floor":18.0},{"not_picked":["Bloodletting","Warcry","Uppercut+1"],"picked":"SKIP","floor":22.0}],"player_experience":342784,"relics_obtained":[{"floor":7.0,"key":"Vajra"},{"floor":9.0,"key":"Anchor"}],"event_choices":[{"damage_healed":0.0,"max_hp_gain":0.0,"max_hp_loss":0.0,"gold_gain":0.0,"event_name":"Upgrade Shrine","player_choice":"Upgraded","floor":2.0,"gold_loss":0.0,"damage_taken":0.0,"cards_upgraded":["Pommel Strike"]},{"damage_healed":0.0,"max_hp_gain":0.0,"max_hp_loss":0.0,"gold_gain":0.0,"event_name":"Scrap Ooze","player_choice":"Success","floor":11.0,"gold_loss":0.0,"damage_taken":7.0,"relics_obtained":["Tiny Chest"]},{"cards_removed":["Strike_R"],"damage_healed":0.0,"max_hp_gain":0.0,"max_hp_loss":0.0,"gold_gain":0.0,"event_name":"Golden Wing","player_choice":"Card Removal","floor":13.0,"gold_loss":0.0,"damage_taken":7.0},{"cards_removed":["Strike_R"],"damage_healed":0.0,"max_hp_gain":0.0,"max_hp_loss":0.0,"gold_gain":0.0,"event_name":"Beggar","player_choice":"Gave Gold","floor":19.0,"gold_loss":75.0,"damage_taken":0.0},{"cards_removed":["Strike_R"],"damage_healed":0.0,"max_hp_gain":0.0,"max_hp_loss":0.0,"gold_gain":0.0,"event_name":"Back to Basics","player_choice":"Elegance","floor":20.0,"gold_loss":0.0,"damage_taken":0.0},{"damage_healed":0.0,"max_hp_gain":0.0,"max_hp_loss":0.0,"gold_gain":99.0,"event_name":"Nest","player_choice":"Stole From Cult","floor":21.0,"gold_loss":0.0,"damage_taken":0.0}],"is_beta":false,"boss_relics":[{"not_picked":["Lizard Tail","Pandora\u0027s Box"],"picked":"Orrery"}],"items_purged_floors":[],"is_endless":false,"potions_floor_spawned":[4,14,16,18,22],"killed_by":"Gremlin Leader","ascension_level":9}