{"gold_per_floor":[214,214,228,78,78,78,104,104,173,189,207,207,222,249,249,354,354,373,373,386,402,34,34,34,34,34,53,64,64,64,80,80,80],"floor_reached":33,"playtime":1003,"items_purged":["Regret","Decay"],"score":283,"play_id":"07ab0488-7e40-4d54-96a6-a6ba5ba1ee84","local_time":"20181006031443","is_ascension_mode":true,"campfire_choices":[{"data":"Terror","floor":6,"key":"SMITH"},{"data":"Riddle With Holes","floor":8,"key":"SMITH"},{"data":"Caltrops","floor":12,"key":"SMITH"},{"floor":15,"key":"REST"},{"floor":23,"key":"REST"},{"floor":25,"key":"REST"},{"floor":29,"key":"REST"},{"floor":32,"key":"REST"}],"neow_cost":"NONE","seed_source_timestamp":29640542689978,"circlet_count":0,"master_deck":["Defend_G","Defend_G","Defend_G","Defend_G","Defend_G","Strike_G","Strike_G","Strike_G","Strike_G+1","Strike_G","Survivor","Neutralize","Caltrops+1","Heel Hook","Terror+1","Riddle With Holes+1","PiercingWail","Dagger Throw","Noxious Fumes","Crippling Poison","Storm of Steel","Dagger Throw+1","Well Laid Plans+1","Dagger Throw+1","Calculated Gamble+1","Caltrops+1","Cold Snap","Hemokinesis","Infernal Blade+1"],"relics":["Ring of the Snake","Orichalcum","Regal Pillow","Mercury Hourglass","Frozen Egg 2","Fusion Hammer","PrismaticShard","Shuriken","Whetstone"],"potions_floor_usage":[14,28,33],"damage_taken":[{"damage":0,"enemies":"Small Slimes","floor":1,"turns":4},{"damage":0,"enemies":"2 Louse","floor":3,"turns":4},{"damage":30,"enemies":"Lagavulin","floor":7,"turns":8},{"damage":1,"enemies":"Cultist","floor":10,"turns":3},{"damage":2,"enemies":"Looter","floor":11,"turns":3},{"damage":7,"enemies":"Lots of Slimes","floor":13,"turns":3},{"damage":4,"enemies":"Gremlin Nob","floor":14,"turns":3},{"damage":31,"enemies":"The Guardian","floor":16,"turns":10},{"damage":0,"enemies":"3 Byrds","floor":18,"turns":2},{"damage":13,"enemies":"Shell Parasite","floor":20,"turns":4},{"damage":19,"enemies":"Snecko","floor":21,"turns":4},{"damage":15,"enemies":"3 Cultists","floor":27,"turns":4},{"damage":19,"enemies":"Centurion and Healer","floor":28,"turns":4},{"damage":24,"enemies":"Sentry and Sphere","floor":31,"turns":4},{"damage":72,"enemies":"Champ","floor":33,"turns":8}],"seed_played":"7974650742699851320","potions_obtained":[{"floor":10,"key":"Strength Potion"},{"floor":14,"key":"FearPotion"},{"floor":18,"key":"Strength Potion"},{"floor":20,"key":"LiquidBronze"}],"is_trial":false,"path_per_floor":["M","?","M","$","?","R","E","R","T","M","M","R","M","E","R","B",null,"M","?","M","M","$","R","T","R","T","M","M","R","?","M","R"],"character_chosen":"THE_SILENT","items_purchased":["Terror","Caltrops+1","PrismaticShard"],"campfire_rested":5,"item_purchase_floors":[4,22,22],"current_hp_per_floor":[70,70,70,70,70,70,40,40,40,39,37,37,30,26,62,31,70,70,70,57,38,38,70,70,70,70,55,36,70,70,46,70,0],"gold":80,"neow_bonus":"HUNDRED_GOLD","is_prod":false,"is_daily":false,"chose_seed":false,"campfire_upgraded":3,"win_rate":0,"timestamp":1538810083,"path_taken":["M","?","M","$","?","R","E","R","T","?","M","R","M","E","R","BOSS","M","?","?","M","$","R","?","R","T","M","M","R","?","?","R","BOSS"],"build_version":"2018-10-04","purchased_purges":2,"victory":false,"max_hp_per_floor":[70,70,70,70,70,70,70,70,70,70,70,70,70,70,70,70,70,70,70,70,70,70,70,70,70,70,70,70,70,70,70,70,70],"card_choices":[{"not_picked":["Flying Knee","Acrobatics"],"picked":"Caltrops","floor":1},{"not_picked":["Cloak And Dagger","Underhanded Strike"],"picked":"Heel Hook","floor":3},{"not_picked":["Bane","Underhanded Strike"],"picked":"Riddle With Holes","floor":7},{"not_picked":["Deadly Poison","Blade Dance"],"picked":"PiercingWail","floor":10},{"not_picked":["Blade Dance","Endless Agony"],"picked":"Dagger Throw","floor":11},{"not_picked":["Skewer","Deflect"],"picked":"Noxious Fumes","floor":13},{"not_picked":["Burst","Wraith Form v2"],"picked":"Crippling Poison","floor":14},{"not_picked":["Die Die Die","Wraith Form v2+1"],"picked":"Storm of Steel","floor":16},{"not_picked":["Dash","Prepared"],"picked":"Dagger Throw","floor":18},{"not_picked":["Bane+1","Reflex"],"picked":"Dagger Throw+1","floor":20},{"not_picked":["Prepared+1","Blade Dance"],"picked":"Calculated Gamble+1","floor":21},{"not_picked":["True Grit","Streamline"],"picked":"Cold Snap","floor":27},{"not_picked":["Slice","Heavy Blade+1"],"picked":"Hemokinesis","floor":28},{"not_picked":["Leg Sweep+1","Tools of the Trade+1"],"picked":"Infernal Blade+1","floor":31}],"player_experience":303045,"relics_obtained":[{"floor":7,"key":"Regal Pillow"},{"floor":9,"key":"Mercury Hourglass"},{"floor":14,"key":"Frozen Egg 2"},{"floor":24,"key":"Shuriken"},{"floor":26,"key":"Whetstone"}],"event_choices":[{"event_name":"Big Fish","player_choice":"Box","floor":2,"damage_taken":0},{"event_name":"Wheel of Change","player_choice":"Curse","floor":5,"damage_taken":0},{"event_name":"The Library","player_choice":"Read","floor":19,"damage_taken":0},{"event_name":"Beggar","player_choice":"Ignored","floor":30,"damage_taken":0}],"is_beta":true,"boss_relics":[{"not_picked":["Empty Cage","White Beast Statue"],"picked":"Fusion Hammer"}],"items_purged_floors":[4,22],"is_endless":false,"potions_floor_spawned":[10,14,18,20,27],"killed_by":"Champ","ascension_level":2}