{"gold_per_floor":[110,110,123,135,152,152,152,152,152,152,70,70,82,11,11,112,112,124,22,33,33,47,74,74,74,99,99,99,117,34,48,48,150,150,165,177,177,177],"floor_reached":38,"playtime":1258,"items_purged":[],"score":384,"play_id":"b345c732-4964-4591-a6a4-4d0e911b1883","local_time":"20190216120834","is_ascension_mode":false,"campfire_choices":[{"data":"Creative AI","floor":6.0,"key":"SMITH"},{"data":"Defragment","floor":8.0,"key":"SMITH"},{"data":"Zap","floor":10.0,"key":"SMITH"},{"data":"Dualcast","floor":12.0,"key":"SMITH"},{"data":"Loop","floor":15.0,"key":"SMITH"},{"floor":25.0,"key":"REST"},{"data":"Stack","floor":27.0,"key":"SMITH"},{"floor":32.0,"key":"REST"}],"neow_cost":"NONE","seed_source_timestamp":65132114601286,"circlet_count":0,"master_deck":["Strike_B","Strike_B","Strike_B","Defend_B","Defend_B","Defend_B","Zap+1","Dualcast+1","Aggregate","BootSequence","Creative AI+1","Defragment+1","Ball Lightning","Cold Snap","Heatsinks","Loop+1","Self Repair","Electrodynamics","BootSequence","Ball Lightning","Stack+1","Go for the Eyes+1","Turbo","Self Repair+1","Static Discharge","Purity","Ball Lightning","Echo Form","Go for the Eyes+1","Coolheaded","Writhe"],"special_seed":0,"relics":["Cracked Core"],"potions_floor_usage":[],"damage_taken":[{"damage":2.0,"enemies":"Small Slimes","floor":1.0,"turns":3.0},{"damage":8.0,"enemies":"Jaw Worm","floor":3.0,"turns":5.0},{"damage":0.0,"enemies":"2 Louse","floor":4.0,"turns":4.0},{"damage":4.0,"enemies":"2 Fungi Beasts","floor":5.0,"turns":3.0},{"damage":0.0,"enemies":"Large Slime","floor":13.0,"turns":4.0},{"damage":7.0,"enemies":"Slime Boss","floor":16.0,"turns":8.0},{"damage":8.0,"enemies":"Chosen","floor":18.0,"turns":5.0},{"damage":26.0,"enemies":"Shell Parasite","floor":20.0,"turns":7.0},{"damage":15.0,"enemies":"Snake Plant","floor":22.0,"turns":3.0},{"damage":23.0,"enemies":"Slavers","floor":23.0,"turns":4.0},{"damage":14.0,"enemies":"Colosseum Slavers","floor":24.0,"turns":4.0},{"damage":41.0,"enemies":"3 Cultists","floor":29.0,"turns":5.0},{"damage":9.0,"enemies":"Centurion and Healer","floor":31.0,"turns":8.0},{"damage":46.0,"enemies":"Automaton","floor":33.0,"turns":11.0},{"damage":39,"enemies":"Orb Walker","floor":35,"turns":6},{"damage":38,"enemies":"3 Darklings","floor":36,"turns":4},{"damage":38,"enemies":"Spire Growth","floor":38,"turns":4}],"seed_played":"-3624610436337672874","potions_obtained":[{"floor":13.0,"key":"FearPotion"},{"floor":16.0,"key":"PowerPotion"},{"floor":20.0,"key":"SneckoOil"},{"floor":22.0,"key":"Poison Potion"},{"floor":23.0,"key":"Strength Potion"}],"is_trial":false,"path_per_floor":["M","?","M","M","M","R","?","R","T","R","$","R","M","$","R","B",null,"M","$","M","?","M","E","?","R","T","R","?","M","$","M","R","B",null,"M","M","?","M"],"character_chosen":"DEFECT","items_purchased":["Heatsinks","Self Repair","Ball Lightning","Stack","Purity"],"campfire_rested":2,"item_purchase_floors":[11,14,19,19,30],"current_hp_per_floor":[73,73,65,65,61,61,61,61,61,61,61,61,61,61,61,54,75,74,74,55,55,40,24,27,49,49,49,49,25,25,33,55,26,75,53,15,34,0],"gold":177,"neow_bonus":"TRANSFORM_CARD","is_prod":false,"is_daily":false,"chose_seed":false,"campfire_upgraded":6,"win_rate":0,"timestamp":1550344114,"path_taken":["M","?","M","M","M","R","?","R","T","R","$","R","M","?","R","BOSS","M","$","M","?","M","E","?","R","T","R","?","M","$","M","R","BOSS","M","M","?","M"],"build_version":"2019-01-23","purchased_purges":0,"victory":false,"max_hp_per_floor":[75,75,75,75,75,75,75,75,75,75,75,75,75,75,75,75,75,75,75,75,75,75,75,75,75,75,75,75,75,75,75,75,75,75,75,75,75,75],"card_choices":[{"not_picked":["Compile Driver","Stack"],"picked":"BootSequence","floor":1.0},{"not_picked":["Lockon","Turbo"],"picked":"Defragment","floor":3.0},{"not_picked":["Auto Shields","Streamline"],"picked":"Ball Lightning","floor":4.0},{"not_picked":["Coolheaded","Redo"],"picked":"Cold Snap","floor":5.0},{"not_picked":["Conserve Battery","Sweeping Beam"],"picked":"Loop","floor":13.0},{"not_picked":["Biased Cognition","Core Surge"],"picked":"Electrodynamics","floor":16.0},{"not_picked":["Aggregate","Reprogram"],"picked":"BootSequence","floor":18.0},{"not_picked":["Auto Shields","Streamline"],"picked":"Go for the Eyes+1","floor":20.0},{"not_picked":["Conserve Battery","Beam Cell"],"picked":"Turbo","floor":22.0},{"not_picked":["Electrodynamics","Blizzard+1"],"picked":"Self Repair+1","floor":23.0},{"not_picked":["Hello World","Genetic Algorithm"],"picked":"Static Discharge","floor":29.0},{"not_picked":["Coolheaded","Melter"],"picked":"Ball Lightning","floor":31.0},{"not_picked":["Machine Learning","Hyperbeam"],"picked":"Echo Form","floor":33.0},{"not_picked":["Leap","Streamline+1"],"picked":"Go for the Eyes+1","floor":35},{"not_picked":["Go for the Eyes","Gash+1"],"picked":"Coolheaded","floor":36}],"player_experience":1497106,"relics_obtained":[],"event_choices":[{"damage_healed":0.0,"max_hp_gain":0.0,"max_hp_loss":0.0,"gold_gain":0.0,"cards_transformed":["Defend_B"],"event_name":"Living Wall","player_choice":"Change","floor":2.0,"gold_loss":0.0,"damage_taken":0.0,"cards_obtained":["Creative AI"]},{"damage_healed":0.0,"max_hp_gain":0.0,"max_hp_loss":0.0,"gold_gain":0.0,"event_name":"Scrap Ooze","player_choice":"Fled","floor":7.0,"gold_loss":0.0,"damage_taken":0.0},{"damage_healed":0.0,"max_hp_gain":0.0,"max_hp_loss":0.0,"gold_gain":0.0,"event_name":"Colosseum","player_choice":"Fight","floor":24.0,"gold_loss":0.0,"damage_taken":0.0},{"damage_healed":0.0,"max_hp_gain":0.0,"max_hp_loss":0.0,"gold_gain":0.0,"event_name":"Colosseum","player_choice":"Fled From Nobs","floor":24.0,"gold_loss":0.0,"damage_taken":0.0},{"damage_healed":0.0,"max_hp_gain":0.0,"max_hp_loss":0.0,"gold_gain":0.0,"event_name":"Cursed Tome","player_choice":"Ignored","floor":28.0,"gold_loss":0.0,"damage_taken":0.0},{"damage_healed":19,"gold_gain":0,"player_choice":"Writhe","damage_taken":0,"max_hp_gain":0,"max_hp_loss":0,"event_name":"Winding Halls","floor":37,"gold_loss":0,"cards_obtained":["Writhe"]}],"is_beta":false,"boss_relics":[{"not_picked":["Coffee Dripper","Inserter","Empty Cage"]},{"not_picked":["Nuclear Battery","Snecko Eye","Orrery"]}],"items_purged_floors":[],"is_endless":false,"potions_floor_spawned":[13,16,20,22,23],"killed_by":"Spire Growth","ascension_level":0}