{"gold_per_floor":[110,110,110,120,138,170,186,186,186,6,6,6,21,39,39,39],"floor_reached":16,"playtime":649,"items_purged":[],"score":148,"play_id":"a3e80981-7e9d-46ce-a7ec-256229260ce6","local_time":"20190326110443","is_ascension_mode":true,"campfire_choices":[{"data":"True Grit","floor":8,"key":"SMITH"},{"data":"True Grit","floor":11,"key":"SMITH"},{"floor":15,"key":"REST"}],"neow_cost":"NONE","seed_source_timestamp":905949497905835,"circlet_count":0,"master_deck":["Strike_R","Strike_R","Strike_R","Strike_R","Strike_R","Defend_R","Defend_R","Defend_R","Defend_R","Bash+1","True Grit+1","Iron Wave","Pommel Strike","Anger","Ghostly Armor","Corruption","Shrug It Off","True Grit+1","Rampage","Metallicize"],"relics":["Burning Blood","Dodecahedron","Unceasing Top","Turnip","Golden Idol"],"potions_floor_usage":[],"damage_taken":[{"damage":2,"enemies":"Jaw Worm","floor":1,"turns":3},{"damage":5,"enemies":"Small Slimes","floor":4,"turns":5},{"damage":4,"enemies":"2 Louse","floor":5,"turns":4},{"damage":72,"enemies":"Lagavulin","floor":6,"turns":7},{"damage":6,"enemies":"Blue Slaver","floor":7,"turns":5},{"damage":2,"enemies":"2 Fungi Beasts","floor":13,"turns":5},{"damage":8,"enemies":"Looter","floor":14,"turns":4},{"damage":40,"enemies":"Hexaghost","floor":16,"turns":9}],"seed_played":"-3225851570232030998","potions_obtained":[{"floor":6,"key":"Block Potion"},{"floor":7,"key":"GamblersBrew"},{"floor":13,"key":"Regen Potion"}],"is_trial":false,"path_per_floor":["?","?","?"],"character_chosen":"IRONCLAD","items_purchased":["Corruption","Shrug It Off","True Grit"],"campfire_rested":1,"item_purchase_floors":[10,10,10],"current_hp_per_floor":[76,81,78,79,81,15,15,15,15,15,15,15,19,17,40,0],"gold":39,"neow_bonus":"UPGRADE_CARD","is_prod":false,"is_daily":false,"chose_seed":false,"campfire_upgraded":2,"win_rate":0,"timestamp":1553612683,"path_taken":["M","?","?","M","M","E","M","R","T","$","R","?","M","M","R","BOSS"],"build_version":"2019-01-23","purchased_purges":0,"victory":false,"max_hp_per_floor":[80,85,85,85,85,85,85,85,85,85,85,79,79,79,79,79],"card_choices":[{"not_picked":["Shrug It Off","Wild Strike"],"picked":"True Grit","floor":1},{"not_picked":["Rage","Hemokinesis"],"picked":"Iron Wave","floor":4},{"not_picked":["Havoc","Clash"],"picked":"Pommel Strike","floor":5},{"not_picked":["Body Slam","Burning Pact"],"picked":"Anger","floor":6},{"not_picked":["Searing Blow","Wild Strike"],"picked":"Ghostly Armor","floor":7},{"not_picked":["Brutality","Iron Wave"],"picked":"Rampage","floor":13},{"not_picked":["Blood for Blood","Power Through"],"picked":"Metallicize","floor":14}],"player_experience":1027562,"relics_obtained":[{"floor":6,"key":"Unceasing Top"},{"floor":9,"key":"Turnip"}],"event_choices":[{"damage_healed":0,"gold_gain":0,"player_choice":"Donut","damage_taken":0,"max_hp_gain":5,"max_hp_loss":0,"event_name":"Big Fish","floor":2,"gold_loss":0},{"damage_healed":0,"gold_gain":0,"player_choice":"Success","damage_taken":3,"relics_obtained":["Dodecahedron"],"max_hp_gain":0,"max_hp_loss":0,"event_name":"Scrap Ooze","floor":3,"gold_loss":0},{"damage_healed":0,"gold_gain":0,"player_choice":"Lose Max HP","damage_taken":0,"relics_obtained":["Golden Idol"],"max_hp_gain":0,"max_hp_loss":6,"event_name":"Golden Idol","floor":12,"gold_loss":0}],"is_beta":false,"boss_relics":[],"items_purged_floors":[],"is_endless":false,"potions_floor_spawned":[6,7,13],"killed_by":"Hexaghost","ascension_level":9}