{"gold_per_floor":[116,134,104,117,132,160,175,191,191,191,191,209,209,209,209,338,338,357,377,64,64,78,78,78],"floor_reached":24,"playtime":1076,"items_purged":[],"score":260,"play_id":"bfee1b41-3fd7-4d1c-9d1c-eb854a9c3ccd","local_time":"20190126133956","is_ascension_mode":true,"campfire_choices":[{"floor":10,"key":"REST"},{"data":"Coolheaded","floor":13,"key":"SMITH"},{"floor":15,"key":"REST"},{"floor":23,"key":"REST"}],"neow_cost":"NONE","seed_source_timestamp":431433063528902,"circlet_count":0,"master_deck":["Strike_B","Strike_B","Strike_B","Strike_B","Defend_B","Defend_B","Defend_B","Defend_B","Zap+1","Dualcast","Gash","Conserve Battery","Hologram","Genetic Algorithm","Conserve Battery","Leap","Rebound","Injury","Coolheaded+1","Reboot","Sunder+1","Redo+1","Scrape+1","Turbo"],"relics":["Cracked Core","Girya","Molten Egg 2","Golden Idol","NlothsMask","Runic Pyramid","Meat on the Bone"],"potions_floor_usage":[6,8,18,22,24],"damage_taken":[{"damage":2,"enemies":"2 Louse","floor":1,"turns":2},{"damage":1,"enemies":"Cultist","floor":2,"turns":3},{"damage":0,"enemies":"Small Slimes","floor":4,"turns":3},{"damage":5,"enemies":"Looter","floor":5,"turns":3},{"damage":32,"enemies":"Gremlin Nob","floor":6,"turns":4},{"damage":5,"enemies":"Red Slaver","floor":7,"turns":4},{"damage":4,"enemies":"Exordium Wildlife","floor":8,"turns":3},{"damage":1,"enemies":"Looter","floor":12,"turns":3},{"damage":10,"enemies":"The Guardian","floor":16,"turns":14},{"damage":6,"enemies":"3 Byrds","floor":18,"turns":7},{"damage":37,"enemies":"Shell Parasite","floor":19,"turns":10},{"damage":26,"enemies":"Sentry and Sphere","floor":22,"turns":6},{"damage":41,"enemies":"Gremlin Leader","floor":24,"turns":5}],"seed_played":"1398667316507812938","potions_obtained":[{"floor":1,"key":"PowerPotion"},{"floor":3,"key":"Fire Potion"},{"floor":3,"key":"Strength Potion"},{"floor":7,"key":"FairyPotion"},{"floor":12,"key":"Block Potion"},{"floor":22,"key":"Weak Potion"}],"is_trial":false,"path_per_floor":["M","M","?","M","M","E","M","M","T","R","?","M","R","?","R","B",null,"M","M","$","?","M","R","E"],"character_chosen":"DEFECT","items_purchased":["Meat on the Bone","Scrape+1"],"campfire_rested":3,"item_purchase_floors":[20,20],"current_hp_per_floor":[66,65,65,65,60,28,23,19,19,41,41,40,40,40,62,52,69,63,26,26,26,19,41,0],"gold":78,"neow_bonus":"UPGRADE_CARD","is_prod":false,"is_daily":false,"chose_seed":false,"campfire_upgraded":1,"win_rate":0,"timestamp":1548535196,"path_taken":["M","M","?","M","?","E","M","M","T","R","?","M","R","?","R","BOSS","M","M","$","?","M","R","E"],"build_version":"2019-01-23","purchased_purges":0,"victory":false,"max_hp_per_floor":[75,75,75,75,75,75,75,75,75,75,75,75,75,75,75,75,75,75,75,75,75,75,75,75],"card_choices":[{"not_picked":["Auto Shields","Barrage"],"picked":"Gash","floor":1},{"not_picked":["Rip and Tear","Chill"],"picked":"Conserve Battery","floor":2},{"not_picked":["Leap","Beam Cell"],"picked":"Hologram","floor":4},{"not_picked":["Stack","Sunder"],"picked":"Genetic Algorithm","floor":5},{"not_picked":["Heatsinks","Buffer"],"picked":"Conserve Battery","floor":6},{"not_picked":["Static Discharge","Glacier"],"picked":"Leap","floor":7},{"not_picked":["Stack","Conserve Battery"],"picked":"Rebound","floor":8},{"not_picked":["Blizzard+1","Heatsinks"],"picked":"Coolheaded","floor":12},{"not_picked":["Amplify","Multi-Cast"],"picked":"Reboot","floor":16},{"not_picked":["Blizzard+1","Defragment"],"picked":"Sunder+1","floor":18},{"not_picked":["Steam","White Noise+1"],"picked":"Redo+1","floor":19},{"not_picked":["Skim","Consume"],"picked":"Turbo","floor":22}],"player_experience":1303571,"relics_obtained":[{"floor":6,"key":"Girya"},{"floor":9,"key":"Molten Egg 2"}],"event_choices":[{"damage_healed":0,"gold_gain":0,"player_choice":"Bought 2 Potions","damage_taken":0,"max_hp_gain":0,"max_hp_loss":0,"event_name":"The Woman in Blue","floor":3,"gold_loss":0},{"damage_healed":0,"gold_gain":0,"player_choice":"Take Wound","damage_taken":0,"relics_obtained":["Golden Idol"],"max_hp_gain":0,"max_hp_loss":0,"event_name":"Golden Idol","floor":11,"gold_loss":0,"cards_obtained":["Injury"]},{"damage_healed":0,"gold_gain":0,"player_choice":"Trade","damage_taken":0,"relics_obtained":["NlothsMask"],"max_hp_gain":0,"max_hp_loss":0,"event_name":"FaceTrader","floor":14,"gold_loss":0},{"damage_healed":0,"gold_gain":0,"player_choice":"Ignored","damage_taken":0,"max_hp_gain":0,"max_hp_loss":0,"event_name":"Cursed Tome","floor":21,"gold_loss":0}],"is_beta":false,"boss_relics":[{"not_picked":["Calling Bell","Ectoplasm"],"picked":"Runic Pyramid"}],"items_purged_floors":[],"is_endless":false,"potions_floor_spawned":[1,4,5,7,12,22],"killed_by":"Gremlin Leader","ascension_level":6}