{"gold_per_floor":[111,34,209,221,291,318,318,350,380,399,399,399,411,437,437,534,534,554,504,73,83,83,83,83,94,174,202,218,218,231,231,231,329,329,349,7,26,37,37,37,37],"floor_reached":41,"playtime":1449,"items_purged":[],"score":626,"play_id":"4bc5ddb2-de80-41f2-9ab4-048417f2e108","local_time":"20181102121726","is_ascension_mode":true,"campfire_choices":[{"floor":7,"key":"REST"},{"floor":11,"key":"REST"},{"floor":15,"key":"REST"},{"data":"RitualDagger","floor":23,"key":"SMITH"},{"floor":29,"key":"REST"},{"floor":32,"key":"REST"},{"floor":40,"key":"REST"}],"neow_cost":"NONE","seed_source_timestamp":1966906559335124,"circlet_count":0,"master_deck":["Strike_R","Strike_R","Strike_R","Strike_R","Strike_R","Defend_R","Defend_R","Defend_R","Defend_R","Bash","Clothesline","Flex","Thunderclap","Doubt","Intimidate","Flex","Demon Form+1","Headbutt","Twin Strike","Dropkick","Reaper","Armaments+1","Flame Barrier","RitualDagger+1","Twin Strike+1","Infernal Blade+1","Perfected Strike+1","Warcry","Twin Strike+1","Writhe","Fire Breathing+1","Immolate","Shrug It Off+1","Disarm+1","Parasite","Flame Barrier","Ghostly Armor"],"relics":["Black Blood","Frozen Egg 2","Shuriken","Bird Faced Urn","Tiny Chest","Lantern","Pantograph","Velvet Choker","Paper Frog","Pen Nib","Matryoshka","Dream Catcher","Magic Flower","Vajra","Toy Ornithopter"],"potions_floor_usage":[6,14,16,18,27,28,33,41],"damage_taken":[{"damage":7,"enemies":"2 Louse","floor":1,"turns":4},{"damage":14,"enemies":"Jaw Worm","floor":4,"turns":4},{"damage":49,"enemies":"Lagavulin","floor":6,"turns":9},{"damage":34,"enemies":"Gremlin Nob","floor":8,"turns":5},{"damage":11,"enemies":"Small Slimes","floor":10,"turns":4},{"damage":9,"enemies":"Red Slaver","floor":13,"turns":2},{"damage":42,"enemies":"Lagavulin","floor":14,"turns":6},{"damage":37,"enemies":"The Guardian","floor":16,"turns":8},{"damage":21,"enemies":"Shell Parasite","floor":18,"turns":4},{"damage":19,"enemies":"Spheric Guardian","floor":21,"turns":5},{"damage":28,"enemies":"Colosseum Slavers","floor":24,"turns":4},{"damage":26,"enemies":"Snake Plant","floor":25,"turns":4},{"damage":29,"enemies":"Slavers","floor":27,"turns":7},{"damage":41,"enemies":"3 Cultists","floor":28,"turns":6},{"damage":22,"enemies":"Centurion and Healer","floor":30,"turns":3},{"damage":55,"enemies":"Champ","floor":33,"turns":8},{"damage":48,"enemies":"3 Darklings","floor":35,"turns":4},{"damage":16,"enemies":"Orb Walker","floor":37,"turns":3},{"damage":77,"enemies":"Writhing Mass","floor":38,"turns":7},{"damage":63,"enemies":"Nemesis","floor":41,"turns":4}],"seed_played":"2335562584889239546","potions_obtained":[{"floor":4,"key":"Block Potion"},{"floor":13,"key":"BloodPotion"},{"floor":14,"key":"Swift Potion"},{"floor":16,"key":"Energy Potion"},{"floor":21,"key":"Fire Potion"},{"floor":25,"key":"Explosive Potion"},{"floor":27,"key":"PowerPotion"},{"floor":28,"key":"GamblersBrew"},{"floor":37,"key":"SpeedPotion"}],"is_trial":false,"path_per_floor":["M","$","?","M","T","E","R","E","T","M","R","?","M","E","R","B",null,"M","?","$","M","?","R","?","M","T","E","M","R","M","?","R","B",null,"M","$","M","M","$","R","E"],"character_chosen":"IRONCLAD","items_purchased":["Flex","Thunderclap","Paper Frog","Pen Nib","Flame Barrier","Vajra","Toy Ornithopter"],"campfire_rested":6,"item_purchase_floors":[2,2,20,20,20,36,36],"current_hp_per_floor":[79,79,79,71,71,28,54,26,26,23,49,37,34,8,34,30,74,77,77,77,66,60,60,52,37,37,35,19,45,31,31,57,45,77,55,55,54,16,16,42,0],"gold":37,"neow_bonus":"TEN_PERCENT_HP_BONUS","is_prod":false,"is_daily":false,"chose_seed":false,"campfire_upgraded":1,"win_rate":0,"timestamp":1541182646,"path_taken":["M","$","?","M","?","E","R","E","T","M","R","?","M","E","R","BOSS","M","?","$","?","?","R","?","M","T","E","M","R","M","?","R","BOSS","M","$","M","M","$","R","E"],"build_version":"2018-11-01","purchased_purges":0,"victory":false,"max_hp_per_floor":[88,88,88,88,88,88,88,88,88,88,88,88,88,88,88,88,88,88,88,88,88,88,88,88,88,88,88,88,88,88,88,88,88,88,88,88,88,88,88,88,88],"card_choices":[{"not_picked":["Clash","Heavy Blade"],"picked":"Clothesline","floor":1},{"not_picked":["Cleave","Blood for Blood"],"picked":"Intimidate","floor":4},{"not_picked":["Rage","Dual Wield"],"picked":"Flex","floor":6},{"not_picked":["Evolve+1","Perfected Strike"],"picked":"Demon Form+1","floor":8},{"not_picked":["Body Slam","Iron Wave"],"picked":"Headbutt","floor":10},{"not_picked":["Clash","Havoc"],"picked":"Twin Strike","floor":13},{"not_picked":["Hemokinesis","Flex"],"picked":"Dropkick","floor":14},{"not_picked":["Berserk+1","Exhume"],"picked":"Reaper","floor":16},{"not_picked":["Perfected Strike","Headbutt+1"],"picked":"Armaments+1","floor":18},{"not_picked":["Seeing Red","Clash","Reckless Charge+1"],"picked":"SKIP","floor":21},{"not_picked":["Sentinel","Thunderclap"],"picked":"Twin Strike+1","floor":25},{"not_picked":["Berserk+1","Dropkick"],"picked":"Infernal Blade+1","floor":27},{"not_picked":["Whirlwind","Warcry"],"picked":"Perfected Strike+1","floor":28},{"not_picked":["Headbutt","Dropkick"],"picked":"Warcry","floor":29},{"not_picked":["Warcry","Armaments"],"picked":"Twin Strike+1","floor":30},{"not_picked":["Anger+1","Heavy Blade"],"picked":"Fire Breathing+1","floor":32},{"not_picked":["Fiend Fire","Berserk+1"],"picked":"Immolate","floor":33},{"not_picked":["Dual Wield+1","Rage"],"picked":"Shrug It Off+1","floor":35},{"not_picked":["Battle Trance","Power Through"],"picked":"Disarm+1","floor":37},{"not_picked":["Heavy Blade+1","Burning Pact"],"picked":"Flame Barrier","floor":38},{"not_picked":["Sword Boomerang+1","Headbutt+1"],"picked":"Ghostly Armor","floor":40}],"player_experience":991254,"relics_obtained":[{"floor":5,"key":"Frozen Egg 2"},{"floor":6,"key":"Shuriken"},{"floor":8,"key":"Bird Faced Urn"},{"floor":9,"key":"Tiny Chest"},{"floor":14,"key":"Pantograph"},{"floor":26,"key":"Matryoshka"},{"floor":27,"key":"Dream Catcher"}],"event_choices":[{"damage_healed":0,"gold_gain":175,"player_choice":"AGREE","damage_taken":0,"max_hp_gain":0,"max_hp_loss":0,"event_name":"Liars Game","floor":3,"gold_loss":0,"cards_obtained":["Doubt"]},{"damage_healed":0,"gold_gain":0,"player_choice":"Success","damage_taken":12,"relics_obtained":["Lantern"],"max_hp_gain":0,"max_hp_loss":0,"event_name":"Scrap Ooze","floor":12,"gold_loss":0},{"damage_healed":0,"gold_gain":0,"player_choice":"Bet on Murderer","damage_taken":0,"max_hp_gain":0,"max_hp_loss":0,"event_name":"The Joust","floor":19,"gold_loss":50},{"damage_healed":0,"gold_gain":0,"player_choice":"Joined the Cult","damage_taken":6,"max_hp_gain":0,"max_hp_loss":0,"event_name":"Nest","floor":22,"gold_loss":0,"cards_obtained":["RitualDagger"]},{"damage_healed":0,"gold_gain":0,"player_choice":"Fight","damage_taken":0,"max_hp_gain":0,"max_hp_loss":0,"event_name":"Colosseum","floor":24,"gold_loss":0},{"damage_healed":0,"gold_gain":0,"player_choice":"Fled From Nobs","damage_taken":0,"max_hp_gain":0,"max_hp_loss":0,"event_name":"Colosseum","floor":24,"gold_loss":0},{"damage_healed":0,"gold_gain":0,"player_choice":"Opened","damage_taken":0,"relics_obtained":["Magic Flower"],"max_hp_gain":0,"max_hp_loss":0,"event_name":"The Mausoleum","floor":31,"gold_loss":0,"cards_obtained":["Writhe"]}],"is_beta":false,"boss_relics":[{"not_picked":["Eternal Feather","Sozu"],"picked":"Velvet Choker"},{"not_picked":["Cursed Key","Black Star"],"picked":"Black Blood"}],"items_purged_floors":[],"is_endless":false,"potions_floor_spawned":[4,13,14,16,21,25,27,28,37],"killed_by":"Nemesis","ascension_level":8}