{"gold_per_floor":[114,130,146,127,104,129,54,54,54,74,94,104,117,137,137,242,242,252,271,130,45,60,60,60,79,103,103,6,6,22,35,35,35],"floor_reached":33,"playtime":2365,"items_purged":[],"score":278,"play_id":"26160e51-abe0-4f68-bf68-a09f14f9c654","local_time":"20180728224342","is_ascension_mode":false,"campfire_choices":[{"floor":8,"key":"REST"},{"floor":15,"key":"REST"},{"data":"Perfected Strike","floor":23,"key":"SMITH"},{"floor":27,"key":"REST"},{"data":"Armaments","floor":32,"key":"SMITH"}],"neow_cost":"","seed_source_timestamp":188491257595569,"circlet_count":0,"master_deck":["Strike_R+1","Strike_R+1","Strike_R+1","Strike_R+1","Strike_R+1","Defend_R+1","Defend_R+1","Defend_R+1","Defend_R+1","Bash","Iron Wave","Shrug It Off","Clothesline","Perfected Strike","Carnage","Shrug It Off","Clothesline","Dual Wield","Rampage","Inflame","Thunderclap","Whirlwind","Infernal Blade","Anger","Demon Form","Rage","Heavy Blade+1","Swift Strike","Shrug It Off","Perfected Strike+1","Feed","Dropkick+1","Blind","Iron Wave+1","Armaments+1"],"relics":["Burning Blood","Dream Catcher","Potion Belt","Odd Mushroom","Eternal Feather","Mummified Hand","Boot"],"potions_floor_usage":[6,31],"damage_taken":[{"damage":1,"enemies":"Cultist","floor":1,"turns":4},{"damage":7,"enemies":"Jaw Worm","floor":2,"turns":6},{"damage":2,"enemies":"2 Louse","floor":3,"turns":4},{"damage":14,"enemies":"Exordium Thugs","floor":4,"turns":5},{"damage":29,"enemies":"Lagavulin","floor":6,"turns":9},{"damage":9,"enemies":"2 Fungi Beasts","floor":10,"turns":4},{"damage":5,"enemies":"Looter","floor":11,"turns":3},{"damage":1,"enemies":"3 Louse","floor":12,"turns":3},{"damage":0,"enemies":"Large Slime","floor":13,"turns":4},{"damage":32,"floor":14,"turns":4},{"damage":71,"enemies":"Hexaghost","floor":16,"turns":13},{"damage":14,"enemies":"Chosen","floor":18,"turns":5},{"damage":24,"enemies":"Spheric Guardian","floor":19,"turns":4},{"damage":16,"enemies":"Snecko","floor":22,"turns":5},{"damage":28,"enemies":"Chosen and Byrds","floor":25,"turns":6},{"damage":20,"enemies":"Centurion and Healer","floor":30,"turns":10},{"damage":9,"enemies":"Snake Plant","floor":31,"turns":4},{"damage":104,"enemies":"Automaton","floor":33,"turns":10}],"seed_played":"669396752930971641","potions_obtained":[{"floor":2,"key":"Swift Potion"},{"floor":4,"key":"Block Potion"},{"floor":10,"key":"Poison Potion"},{"floor":12,"key":"Explosive Potion"},{"floor":25,"key":"FairyPotion"},{"floor":30,"key":"Poison Potion"}],"is_trial":false,"path_per_floor":["M","M","M","M","?","E","$","R","T","M","M","M","M","?","R","B",null,"M","M","$","?","M","R","?","M","T","R","$","?","M","M","R"],"character_chosen":"IRONCLAD","items_purchased":["Shrug It Off","Clothesline","Swift Strike","Shrug It Off","Blind"],"campfire_rested":3,"item_purchase_floors":[7,7,20,20,28],"current_hp_per_floor":[80,79,80,72,72,49,49,73,73,70,71,76,80,54,78,13,80,72,54,54,54,44,62,62,40,40,80,80,80,69,66,83,0],"gold":35,"neow_bonus":"","is_prod":false,"is_daily":false,"chose_seed":false,"campfire_upgraded":2,"win_rate":0.0,"timestamp":1532839422,"path_taken":["M","M","?","M","?","E","?","R","T","M","M","M","?","?","R","BOSS","M","M","$","?","M","R","?","M","T","R","$","?","M","M","R","BOSS"],"build_version":"2018-07-26","purchased_purges":0,"victory":false,"max_hp_per_floor":[80,80,80,80,80,80,80,80,80,80,80,80,80,80,80,80,80,80,80,80,80,80,80,80,80,80,80,80,80,83,83,83,83],"card_choices":[{"not_picked":["Shrug It Off","Thunderclap"],"picked":"Iron Wave","floor":1},{"not_picked":["Flex","True Grit"],"picked":"Shrug It Off","floor":2},{"not_picked":["Sword Boomerang","Seeing Red"],"picked":"Clothesline","floor":3},{"not_picked":["True Grit","Cleave"],"picked":"Perfected Strike","floor":4},{"not_picked":["Entrench","Impervious"],"picked":"Carnage","floor":6},{"not_picked":["Whirlwind","Power Through"],"picked":"Dual Wield","floor":8},{"not_picked":["Second Wind","Reckless Charge"],"picked":"Rampage","floor":10},{"not_picked":["Heavy Blade","Whirlwind"],"picked":"Inflame","floor":11},{"not_picked":["Headbutt","Sword Boomerang"],"picked":"Thunderclap","floor":12},{"not_picked":["Spot Weakness","Clash"],"picked":"Whirlwind","floor":13},{"not_picked":["Heavy Blade","Rupture"],"picked":"Infernal Blade","floor":14},{"not_picked":["Body Slam","True Grit"],"picked":"Anger","floor":15},{"not_picked":["Limit Break","Impervious"],"picked":"Demon Form","floor":16},{"not_picked":["Flex+1","Whirlwind+1"],"picked":"Rage","floor":18},{"not_picked":["Iron Wave","Pommel Strike"],"picked":"Heavy Blade+1","floor":19},{"not_picked":["Sword Boomerang","Combust+1"],"picked":"Perfected Strike","floor":22},{"not_picked":["Body Slam","Headbutt"],"picked":"Feed","floor":25},{"not_picked":["True Grit","Bloodletting"],"picked":"Dropkick+1","floor":27},{"not_picked":["Body Slam","Hemokinesis"],"picked":"Iron Wave+1","floor":30},{"not_picked":["Heavy Blade","Iron Wave"],"picked":"Armaments","floor":31}],"player_experience":55924,"relics_obtained":[{"floor":6,"key":"Dream Catcher"},{"floor":9,"key":"Potion Belt"},{"floor":14,"key":"Odd Mushroom"},{"floor":26,"key":"Boot"}],"event_choices":[{"event_name":"World of Goop","player_choice":"Left","floor":5,"damage_taken":0},{"event_name":"Mushrooms","player_choice":"Fought Mushrooms","floor":14,"damage_taken":0},{"event_name":"Addict","player_choice":"Obtained Relic","floor":21,"damage_taken":0},{"event_name":"Back to Basics","player_choice":"Simplicity","floor":24,"damage_taken":0},{"event_name":"Vampires","player_choice":"Ignored","floor":29,"damage_taken":0}],"is_beta":false,"boss_relics":[{"not_picked":["Fusion Hammer","Orrery"],"picked":"Eternal Feather"}],"items_purged_floors":[],"is_endless":false,"potions_floor_spawned":[2,4,10,12,25,30],"killed_by":"Automaton","ascension_level":0}