{"gold_per_floor":[116,116,136,160,85,85,85,116,116,116,130,145,145,168,168,168],"floor_reached":16,"playtime":638,"items_purged":["Injury"],"score":122,"play_id":"6f8f81f6-b1ca-4325-9b88-efd7b8b044b8","local_time":"20190116123139","is_ascension_mode":true,"campfire_choices":[{"floor":6,"key":"REST"},{"floor":13,"key":"REST"},{"floor":15,"key":"REST"}],"neow_cost":"PERCENT_DAMAGE","seed_source_timestamp":313036741966782,"circlet_count":0,"master_deck":["Strike_R+1","Strike_R","Strike_R","Strike_R","Strike_R","Defend_R","Defend_R","Defend_R","Defend_R+1","Bash","Thunderclap","Disarm","Armaments","Clothesline"],"relics":["Burning Blood","Bird Faced Urn","Golden Idol","Kunai","Toxic Egg 2"],"potions_floor_usage":[16,16],"damage_taken":[{"damage":18,"enemies":"Jaw Worm","floor":1,"turns":4},{"damage":7,"enemies":"Small Slimes","floor":3,"turns":5},{"damage":14,"enemies":"2 Louse","floor":4,"turns":2},{"damage":40,"enemies":"3 Sentries","floor":8,"turns":8},{"damage":2,"enemies":"2 Fungi Beasts","floor":11,"turns":4},{"damage":9,"enemies":"3 Louse","floor":12,"turns":3},{"damage":19,"enemies":"Large Slime","floor":14,"turns":8},{"damage":41,"enemies":"Slime Boss","floor":16,"turns":10}],"seed_played":"5160405358345559508","potions_obtained":[{"floor":3,"key":"LiquidBronze"},{"floor":4,"key":"FearPotion"},{"floor":11,"key":"SpeedPotion"},{"floor":14,"key":"Regen Potion"}],"is_trial":false,"path_per_floor":["M","?","M","M","$","R","?","E","T","$","M","M","R","M","R","B"],"character_chosen":"IRONCLAD","items_purchased":[],"campfire_rested":3,"item_purchase_floors":[],"current_hp_per_floor":[44,44,43,35,35,59,43,9,9,9,13,10,34,21,45,16],"gold":168,"neow_bonus":"ONE_RARE_RELIC","is_prod":false,"is_daily":false,"chose_seed":false,"campfire_upgraded":0,"win_rate":0,"timestamp":1547670699,"path_taken":["M","?","M","M","$","R","?","E","T","?","M","M","R","M","R","BOSS"],"build_version":"2019-01-10","purchased_purges":1,"victory":false,"max_hp_per_floor":[80,80,80,80,80,80,80,80,80,80,80,80,80,80,80,80],"card_choices":[{"not_picked":["True Grit","Twin Strike"],"picked":"Thunderclap","floor":1},{"not_picked":["Second Wind","Dual Wield"],"picked":"Disarm","floor":3},{"not_picked":["Bloodletting","Wild Strike"],"picked":"Armaments","floor":4},{"not_picked":["Metallicize","Bludgeon"],"picked":"Clothesline","floor":8},{"not_picked":["Anger","Twin Strike","Perfected Strike"],"picked":"SKIP","floor":11},{"not_picked":["Warcry+1","Armaments+1","Brutality"],"picked":"SKIP","floor":12},{"not_picked":["Whirlwind","Havoc+1","Anger"],"picked":"SKIP","floor":14}],"player_experience":234664,"relics_obtained":[{"floor":8,"key":"Kunai"},{"floor":9,"key":"Toxic Egg 2"}],"event_choices":[{"damage_healed":0,"gold_gain":0,"player_choice":"Take Wound","damage_taken":0,"relics_obtained":["Golden Idol"],"max_hp_gain":0,"max_hp_loss":0,"event_name":"Golden Idol","floor":2,"gold_loss":0,"cards_obtained":["Injury"]},{"damage_healed":0,"gold_gain":0,"player_choice":"Entered Light","damage_taken":16,"max_hp_gain":0,"max_hp_loss":0,"event_name":"Shining Light","floor":7,"gold_loss":0,"cards_upgraded":["Defend_R","Strike_R"]}],"is_beta":false,"boss_relics":[],"items_purged_floors":[5],"is_endless":false,"potions_floor_spawned":[3,4,11,14],"killed_by":"Slime Boss","ascension_level":4}