{"gold_per_floor":[110,120,120,135,7,7,36,36,59,59,85,103,68,103,103,178,178,188,188,37,69,69,69,104,104,104,104,121,132,164,183,183,255,255,275,291,22,77,77,77,77],"floor_reached":41,"playtime":5675,"items_purged":["Strike_B","Strike_B"],"score":779,"play_id":"888537f0-cb9a-42ef-ad99-4ffe6a365290","local_time":"20190408222917","is_ascension_mode":true,"campfire_choices":[{"data":"Defragment","floor":6,"key":"SMITH"},{"data":"Zap","floor":8,"key":"SMITH"},{"data":"Bandage Up","floor":10,"key":"SMITH"},{"data":"Coolheaded","floor":15,"key":"SMITH"},{"data":"Coolheaded","floor":23,"key":"SMITH"},{"data":"Glacier","floor":25,"key":"SMITH"},{"data":"Reinforced Body","floor":32,"key":"SMITH"},{"data":"Leap","floor":40,"key":"SMITH"}],"neow_cost":"TEN_PERCENT_HP_LOSS","seed_source_timestamp":2065200778345918,"circlet_count":0,"master_deck":["AscendersBane","Defend_B","Defend_B","Defend_B","Defend_B","Zap+1","Dualcast","Echo Form","Reinforced Body+1","Rip and Tear","Coolheaded+1","Defragment+1","Bandage Up+1","Compile Driver","Coolheaded+1","Capacitor+1","Echo Form+1","Glacier+1","Hyperbeam","Leap+1","Capacitor+1","Streamline","Loop+1","Electrodynamics+1","Loop+1"],"relics":["Cracked Core","Omamori","DataDisk","Frozen Egg 2","Pen Nib","Coffee Dripper","Red Mask","Necronomicon","Bag of Preparation","Mummified Hand","Dodecahedron","Art of War","Nuclear Battery","Membership Card","Bird Faced Urn"],"potions_floor_usage":[11,24,30],"damage_taken":[{"damage":6,"enemies":"Cultist","floor":1,"turns":3},{"damage":0,"enemies":"2 Louse","floor":2,"turns":2},{"damage":7,"enemies":"Jaw Worm","floor":4,"turns":2},{"damage":20,"enemies":"Lagavulin","floor":7,"turns":6},{"damage":32,"enemies":"3 Sentries","floor":11,"turns":8},{"damage":8,"enemies":"Exordium Wildlife","floor":12,"turns":3},{"damage":5,"enemies":"Lagavulin","floor":14,"turns":7},{"damage":26,"enemies":"The Guardian","floor":16,"turns":15},{"damage":5,"enemies":"Chosen","floor":18,"turns":5},{"damage":21,"enemies":"Masked Bandits","floor":21,"turns":10},{"damage":32,"enemies":"Slavers","floor":24,"turns":11},{"damage":0,"enemies":"3 Byrds","floor":28,"turns":5},{"damage":11,"enemies":"Sentry and Sphere","floor":29,"turns":6},{"damage":8,"enemies":"Gremlin Leader","floor":30,"turns":7},{"damage":8,"enemies":"3 Cultists","floor":31,"turns":5},{"damage":17,"enemies":"Collector","floor":33,"turns":13},{"damage":0,"enemies":"3 Shapes","floor":35,"turns":3},{"damage":41,"enemies":"3 Darklings","floor":36,"turns":5},{"damage":19,"enemies":"2 Orb Walkers","floor":38,"turns":5},{"damage":9,"enemies":"Nemesis","floor":41,"turns":1}],"seed_played":"7786775114143106001","potions_obtained":[{"floor":1,"key":"AttackPotion"},{"floor":4,"key":"Energy Potion"},{"floor":12,"key":"Poison Potion"},{"floor":28,"key":"LiquidBronze"},{"floor":29,"key":"Block Potion"},{"floor":31,"key":"Swift Potion"},{"floor":36,"key":"Fire Potion"}],"is_trial":false,"path_per_floor":["?","?","?","?","?","T","M","?","?"],"character_chosen":"DEFECT","items_purchased":["Defragment","Bandage Up","Capacitor+1","Membership Card","Loop+1"],"campfire_rested":0,"item_purchase_floors":[5,5,20,37,37],"current_hp_per_floor":[58,58,63,56,56,56,40,40,40,40,14,6,23,30,30,10,54,61,61,61,52,31,31,5,5,5,5,17,18,22,14,14,3,53,53,24,24,5,5,5,0],"gold":77,"neow_bonus":"THREE_RARE_CARDS","is_prod":false,"is_daily":false,"chose_seed":false,"campfire_upgraded":8,"win_rate":0,"timestamp":1554776957,"path_taken":["M","M","?","M","$","R","E","R","T","R","E","M","?","E","R","BOSS","M","?","$","?","?","R","E","R","T","?","?","M","E","M","R","BOSS","M","M","$","?","?","R","E"],"build_version":"2019-01-23","purchased_purges":2,"victory":false,"max_hp_per_floor":[64,64,69,69,69,69,69,69,69,69,69,69,69,69,69,69,69,69,69,69,69,69,69,69,69,69,69,69,69,69,69,69,69,69,69,69,69,69,69,69,69],"card_choices":[{"not_picked":["Machine Learning","Seek"],"picked":"Echo Form","floor":0},{"not_picked":["Force Field","Skim"],"picked":"Reinforced Body","floor":1},{"not_picked":["Leap","Conserve Battery"],"picked":"Rip and Tear","floor":2},{"not_picked":["Force Field","Beam Cell"],"picked":"Coolheaded","floor":4},{"not_picked":["Tempest","Turbo"],"picked":"Compile Driver","floor":7},{"not_picked":["Undo","Hyperbeam"],"picked":"Coolheaded","floor":11},{"not_picked":["Rebound","Beam Cell","Stack"],"picked":"SKIP","floor":12},{"not_picked":["Fusion","Darkness"],"picked":"Capacitor+1","floor":14},{"not_picked":["Core Surge","Meteor Strike"],"picked":"Echo Form+1","floor":16},{"not_picked":["BootSequence","Beam Cell"],"picked":"Glacier","floor":18},{"not_picked":["Stack","Double Energy","Rip and Tear"],"picked":"SKIP","floor":24},{"not_picked":["Hologram","Redo"],"picked":"Streamline","floor":28},{"not_picked":["Skim","Double Energy","Hyperbeam"],"picked":"SKIP","floor":29},{"not_picked":["Reinforced Body","Force Field"],"picked":"Loop+1","floor":30},{"not_picked":["Steam","Turbo","Skim"],"picked":"SKIP","floor":31},{"not_picked":["Rainbow","Thunder Strike"],"picked":"Electrodynamics+1","floor":33},{"not_picked":["Conserve Battery","Compile Driver","Stack"],"picked":"SKIP","floor":35},{"not_picked":["Redo","FTL","Amplify"],"picked":"SKIP","floor":36}],"player_experience":1635638,"relics_obtained":[{"floor":7,"key":"Omamori"},{"floor":9,"key":"DataDisk"},{"floor":11,"key":"Frozen Egg 2"},{"floor":14,"key":"Pen Nib"},{"floor":21,"key":"Red Mask"},{"floor":22,"key":"Necronomicon"},{"floor":24,"key":"Bag of Preparation"},{"floor":26,"key":"Mummified Hand"},{"floor":27,"key":"Dodecahedron"},{"floor":30,"key":"Art of War"},{"floor":38,"key":"Bird Faced Urn"}],"event_choices":[{"damage_healed":0,"gold_gain":0,"player_choice":"Donut","damage_taken":0,"max_hp_gain":5,"max_hp_loss":0,"event_name":"Big Fish","floor":3,"gold_loss":0},{"damage_healed":17,"gold_gain":0,"player_choice":"Healed","damage_taken":0,"max_hp_gain":0,"max_hp_loss":0,"event_name":"The Cleric","floor":13,"gold_loss":35},{"damage_healed":0,"gold_gain":0,"cards_transformed":["Strike_B","Strike_B"],"player_choice":"Became Test Subject","damage_taken":0,"max_hp_gain":0,"max_hp_loss":0,"event_name":"Drug Dealer","floor":19,"gold_loss":0,"cards_obtained":["Hyperbeam","Leap"]},{"damage_healed":0,"gold_gain":0,"player_choice":"Fought Bandits","damage_taken":0,"max_hp_gain":0,"max_hp_loss":0,"event_name":"Masked Bandits","floor":21,"gold_loss":0},{"damage_healed":0,"gold_gain":0,"player_choice":"Obtained Book","damage_taken":21,"max_hp_gain":0,"max_hp_loss":0,"event_name":"Cursed Tome","floor":22,"gold_loss":0},{"damage_healed":0,"gold_gain":0,"player_choice":"Fight","damage_taken":0,"max_hp_gain":0,"max_hp_loss":0,"event_name":"Mysterious Sphere","floor":38,"gold_loss":0},{"damage_healed":0,"gold_gain":0,"player_choice":"Memory 1","damage_taken":0,"max_hp_gain":0,"max_hp_loss":0,"event_name":"SensoryStone","floor":39,"gold_loss":0}],"is_beta":false,"boss_relics":[{"not_picked":["White Beast Statue","Black Star"],"picked":"Coffee Dripper"},{"not_picked":["Cursed Key","Lizard Tail"],"picked":"Nuclear Battery"}],"items_purged_floors":[20,37],"is_endless":false,"potions_floor_spawned":[1,4,12,14,28,29,31,33,35,36],"killed_by":"Nemesis","ascension_level":15}