{"gold_per_floor":[111,111,131,147,207,242,242,242,242,273,293,293,306,325,325,420,420,420,420,420,420,420,420,420,345,345,345,137,137,137,137,137,137],"floor_reached":33,"playtime":1162,"items_purged":[],"score":421,"play_id":"676e7b90-dcc2-4df9-9b2f-cc74517b96c6","local_time":"20181101193046","is_ascension_mode":true,"campfire_choices":[{"floor":8,"key":"REST"},{"floor":12,"key":"REST"},{"floor":15,"key":"REST"},{"floor":32,"key":"REST"}],"neow_cost":"NONE","seed_source_timestamp":1906792651185369,"circlet_count":0,"master_deck":["Strike_R","Strike_R","Strike_R","Strike_R","Strike_R","Defend_R","Defend_R","Bash","Body Slam+1","Uppercut","Shockwave","Bludgeon","Rage","Perfected Strike","Wild Strike","Shrug It Off","Double Tap","Body Slam+1","Iron Wave+1","Fire Breathing+1","Perfected Strike","Battle Trance","True Grit","Apotheosis","Bandage Up","Feel No Pain","True Grit","Headbutt"],"relics":["Burning Blood","NeowsBlessing","CultistMask","Matryoshka","Pen Nib","Potion Belt","Orichalcum","Ectoplasm","The Courier","Lantern","Bag of Preparation","Tiny Chest"],"potions_floor_usage":[10,16,24,24,29],"damage_taken":[{"damage":0,"enemies":"Jaw Worm","floor":1,"turns":1},{"damage":0,"enemies":"Cultist","floor":3,"turns":1},{"damage":0,"enemies":"2 Louse","floor":4,"turns":1},{"damage":44,"enemies":"Gremlin Nob","floor":6,"turns":6},{"damage":40,"enemies":"3 Sentries","floor":10,"turns":9},{"damage":9,"enemies":"2 Fungi Beasts","floor":11,"turns":4},{"damage":8,"enemies":"Gremlin Gang","floor":13,"turns":5},{"damage":9,"enemies":"Looter","floor":14,"turns":3},{"damage":22,"enemies":"Slime Boss","floor":16,"turns":9},{"damage":2,"enemies":"Chosen","floor":18,"turns":3},{"damage":5,"enemies":"3 Byrds","floor":21,"turns":5},{"damage":12,"enemies":"Cultist and Chosen","floor":22,"turns":6},{"damage":12,"enemies":"Shelled Parasite and Fungi","floor":23,"turns":4},{"damage":28,"enemies":"Gremlin Leader","floor":24,"turns":4},{"damage":7,"enemies":"Snake Plant","floor":27,"turns":3},{"damage":23,"enemies":"Book of Stabbing","floor":29,"turns":4},{"damage":7,"enemies":"Snecko","floor":30,"turns":4},{"damage":5,"enemies":"Cultist and Chosen","floor":31,"turns":4},{"damage":75,"enemies":"Collector","floor":33,"turns":5}],"seed_played":"3290884254232065473","potions_obtained":[{"floor":4,"key":"Fire Potion"},{"floor":10,"key":"FearPotion"},{"floor":13,"key":"Ancient Potion"},{"floor":16,"key":"AttackPotion"},{"floor":18,"key":"Swift Potion"},{"floor":24,"key":"Fruit Juice"},{"floor":27,"key":"AttackPotion"}],"is_trial":false,"path_per_floor":["M","?","M","M","?","E","?","R","T","E","M","R","M","M","R","B",null,"M","?","?","M","M","M","E","?","T","M","$","E","M","M","R","B"],"character_chosen":"IRONCLAD","items_purchased":["Apotheosis","Bandage Up"],"campfire_rested":4,"item_purchase_floors":[28,28],"current_hp_per_floor":[78,78,80,80,80,42,42,66,66,32,29,53,51,48,72,56,74,78,78,78,79,73,67,50,50,50,49,49,36,39,44,69,0],"gold":137,"neow_bonus":"THREE_ENEMY_KILL","is_prod":false,"is_daily":false,"chose_seed":false,"campfire_upgraded":0,"win_rate":0,"timestamp":1541122246,"path_taken":["M","?","M","?","?","E","?","R","T","E","M","R","M","M","R","BOSS","M","?","?","?","M","M","E","?","T","M","$","E","M","M","R","BOSS"],"build_version":"2018-11-01","purchased_purges":0,"victory":false,"max_hp_per_floor":[80,80,80,80,80,80,80,80,80,80,80,80,80,80,80,80,80,80,80,80,80,80,80,85,85,85,85,85,85,85,85,85,85],"card_choices":[{"not_picked":["Sword Boomerang","Rampage"],"picked":"Body Slam","floor":1},{"not_picked":["Heavy Blade","Headbutt"],"picked":"Uppercut","floor":3},{"not_picked":["Whirlwind","Sword Boomerang"],"picked":"Shockwave","floor":4},{"not_picked":["Wild Strike","Thunderclap"],"picked":"Bludgeon","floor":6},{"not_picked":["Clothesline","Twin Strike"],"picked":"Rage","floor":10},{"not_picked":["Heavy Blade","Clothesline"],"picked":"Perfected Strike","floor":11},{"not_picked":["True Grit","Flex"],"picked":"Wild Strike","floor":13},{"not_picked":["Thunderclap","Metallicize"],"picked":"Shrug It Off","floor":14},{"not_picked":["Juggernaut","Demon Form"],"picked":"Double Tap","floor":16},{"not_picked":["Clothesline","Ghostly Armor"],"picked":"Body Slam+1","floor":18},{"not_picked":["Corruption","Reckless Charge"],"picked":"Iron Wave+1","floor":21},{"not_picked":["True Grit","Warcry"],"picked":"Fire Breathing+1","floor":22},{"not_picked":["Evolve","Iron Wave"],"picked":"Perfected Strike","floor":23},{"not_picked":["Havoc","Anger"],"picked":"Battle Trance","floor":24},{"not_picked":["Battle Trance+1","Rampage+1"],"picked":"True Grit","floor":27},{"not_picked":["Armaments","Dropkick"],"picked":"Feel No Pain","floor":29},{"not_picked":["Evolve","Clash+1"],"picked":"True Grit","floor":30},{"not_picked":["Entrench","Brutality"],"picked":"Headbutt","floor":31}],"player_experience":986634,"relics_obtained":[{"floor":6,"key":"Matryoshka"},{"floor":9,"key":"Pen Nib"},{"floor":9,"key":"Potion Belt"},{"floor":10,"key":"Orichalcum"},{"floor":24,"key":"The Courier"},{"floor":26,"key":"Lantern"},{"floor":26,"key":"Bag of Preparation"},{"floor":29,"key":"Tiny Chest"}],"event_choices":[{"damage_healed":0,"gold_gain":0,"player_choice":"Trade","damage_taken":0,"relics_obtained":["CultistMask"],"max_hp_gain":0,"max_hp_loss":0,"event_name":"FaceTrader","floor":2,"gold_loss":0},{"damage_healed":0,"gold_gain":60,"player_choice":"Gained Gold","damage_taken":0,"max_hp_gain":0,"max_hp_loss":0,"event_name":"Golden Wing","floor":5,"gold_loss":0},{"damage_healed":0,"gold_gain":0,"player_choice":"Grow","damage_taken":0,"max_hp_gain":0,"max_hp_loss":0,"event_name":"Living Wall","floor":7,"gold_loss":0,"cards_upgraded":["Body Slam"]},{"damage_healed":0,"gold_gain":0,"player_choice":"Ignored","damage_taken":0,"max_hp_gain":0,"max_hp_loss":0,"event_name":"Ghosts","floor":19,"gold_loss":0},{"cards_removed":["Defend_R"],"damage_healed":0,"gold_gain":0,"player_choice":"Purged","damage_taken":0,"max_hp_gain":0,"max_hp_loss":0,"event_name":"Purifier","floor":20,"gold_loss":0},{"cards_removed":["Defend_R"],"damage_healed":0,"gold_gain":0,"player_choice":"Gave Gold","damage_taken":0,"max_hp_gain":0,"max_hp_loss":0,"event_name":"Beggar","floor":25,"gold_loss":75}],"is_beta":false,"boss_relics":[{"not_picked":["Empty Cage","Runic Dome"],"picked":"Ectoplasm"}],"items_purged_floors":[],"is_endless":false,"potions_floor_spawned":[4,10,13,16,18,24,27],"killed_by":"Collector","ascension_level":8}