{"gold_per_floor":[19,19,19,39,54,80,90,116,141,141,41,54,54,72,72,173,173,189,201,217,217,316,316],"floor_reached":23,"playtime":1708,"items_purged":[],"score":218,"play_id":"0ad853c0-7d43-4e9c-9238-304ee8aafd0d","local_time":"20180730114407","is_ascension_mode":false,"campfire_choices":[{"floor":10,"key":"REST"},{"floor":13,"key":"REST"},{"data":"Noxious Fumes","floor":15,"key":"SMITH"}],"neow_cost":"NO_GOLD","seed_source_timestamp":322374818790115,"circlet_count":0,"master_deck":["Defend_G","Defend_G","Defend_G","Defend_G","Survivor","Neutralize","Poisoned Stab","PiercingWail","Quick Slash","Distraction","Deflect","Dash","Endless Agony","Good Instincts","Slice","Noxious Fumes+1","Corpse Explosion","Dagger Throw","Quick Slash+1","Blur","Bite","Bite","Bite","Bite","Bite"],"relics":["Ring of the Snake","Calipers","Odd Mushroom","Whetstone"],"potions_floor_usage":[6,16,16,20],"damage_taken":[{"damage":3,"enemies":"Jaw Worm","floor":1,"turns":6},{"damage":1,"enemies":"Cultist","floor":4,"turns":4},{"damage":1,"enemies":"Small Slimes","floor":5,"turns":3},{"damage":39,"enemies":"Lagavulin","floor":6,"turns":7},{"damage":0,"enemies":"Blue Slaver","floor":7,"turns":4},{"damage":13,"floor":8,"turns":7},{"damage":4,"enemies":"Exordium Thugs","floor":12,"turns":6},{"damage":5,"enemies":"Large Slime","floor":14,"turns":5},{"damage":19,"enemies":"Slime Boss","floor":16,"turns":10},{"damage":15,"enemies":"Chosen","floor":18,"turns":7},{"damage":24,"enemies":"Spheric Guardian","floor":19,"turns":6},{"damage":36,"enemies":"Snecko","floor":20,"turns":7},{"damage":24,"enemies":"Gremlin Leader","floor":23,"turns":3}],"seed_played":"-8177789726317897436","potions_obtained":[{"floor":4,"key":"Regen Potion"},{"floor":7,"key":"Explosive Potion"},{"floor":12,"key":"Block Potion"},{"floor":14,"key":"Regen Potion"},{"floor":16,"key":"Fire Potion"}],"is_trial":false,"path_per_floor":["M","?","?","M","M","E","M","?","T","R","$","M","R","M","R","B",null,"M","M","M","?","?"],"character_chosen":"THE_SILENT","items_purchased":["Good Instincts"],"campfire_rested":2,"item_purchase_floors":[11],"current_hp_per_floor":[67,67,67,66,65,35,37,26,26,47,47,45,66,63,63,46,70,55,33,14,14,14,0],"gold":316,"neow_bonus":"ONE_RARE_RELIC","is_prod":false,"is_daily":false,"chose_seed":false,"campfire_upgraded":1,"win_rate":0.0,"timestamp":1532972647,"path_taken":["M","?","?","M","?","E","M","?","T","R","$","?","R","M","R","BOSS","M","?","M","?","?","E"],"build_version":"2018-07-26","purchased_purges":0,"victory":false,"max_hp_per_floor":[70,70,70,70,70,70,70,70,70,70,70,70,70,70,70,70,70,70,70,70,70,70,70],"card_choices":[{"not_picked":["Bane","Eviscerate"],"picked":"Poisoned Stab","floor":1},{"not_picked":["Dagger Throw","Flying Knee"],"picked":"Quick Slash","floor":4},{"not_picked":["Choke","Crippling Poison"],"picked":"Distraction","floor":5},{"not_picked":["Unload","Escape Plan"],"picked":"Deflect","floor":6},{"not_picked":["Dagger Spray","PiercingWail"],"picked":"Dash","floor":7},{"not_picked":["Prepared","Dagger Throw"],"picked":"Endless Agony","floor":8},{"not_picked":["Sucker Punch","Well Laid Plans"],"picked":"Slice","floor":12},{"not_picked":["Acrobatics","Catalyst"],"picked":"Noxious Fumes","floor":14},{"not_picked":["Tools of the Trade","Adrenaline"],"picked":"Corpse Explosion","floor":16},{"not_picked":["Well Laid Plans","Outmaneuver"],"picked":"Dagger Throw","floor":18},{"not_picked":["Heel Hook+1","Escape Plan"],"picked":"Quick Slash+1","floor":19},{"not_picked":["Prepared","PiercingWail"],"picked":"Blur","floor":20}],"player_experience":92395,"relics_obtained":[{"floor":6,"key":"Blood Vial"},{"floor":8,"key":"Odd Mushroom"},{"floor":9,"key":"Whetstone"}],"event_choices":[{"event_name":"Wheel of Change","player_choice":"Card Removal","floor":2,"damage_taken":0},{"event_name":"Transmorgrifier","player_choice":"Transform","floor":3,"damage_taken":0},{"event_name":"Mushrooms","player_choice":"Fought Mushrooms","floor":8,"damage_taken":0},{"event_name":"Vampires","player_choice":"Became a vampire (Vial)","floor":21,"damage_taken":0},{"event_name":"Nest","player_choice":"Stole From Cult","floor":22,"damage_taken":0}],"is_beta":false,"boss_relics":[{"not_picked":["Cursed Key","Runic Pyramid","Fusion Hammer"]}],"items_purged_floors":[],"is_endless":false,"potions_floor_spawned":[4,7,12,14,16],"killed_by":"Gremlin Leader","ascension_level":0}