{"gold_per_floor":[15,15,38,38,38,81,81,106,106,184,207,226,242,112,112,243,243,266,266,266,17,40,75,75,89,89,129,147,186,186,209,209,339,339,353,409,534,534,559,235,258,258,258,279,297,68,68,81,81,81],"floor_reached":50,"playtime":2860,"items_purged":[],"score":785,"play_id":"7d362a4f-ec09-484b-8fdb-97a67ef09ee7","local_time":"20181028142713","is_ascension_mode":true,"campfire_choices":[{"floor":7,"key":"REST"},{"data":"Rupture","floor":15,"key":"SMITH"},{"data":"True Grit","floor":24,"key":"SMITH"},{"data":"Armaments","floor":32,"key":"SMITH"},{"data":"Entrench","floor":42,"key":"SMITH"},{"floor":47,"key":"REST"},{"floor":49,"key":"REST"}],"neow_cost":"NO_GOLD","seed_source_timestamp":1541269875123146,"circlet_count":0,"master_deck":["Defend_R+1","Defend_R+1","Defend_R+1","Defend_R+1","Bash","Rupture+1","Pummel","Wild Strike","Hemokinesis+1","Impervious","Sword Boomerang","Pommel Strike","Heavy Blade","Inflame","Shrug It Off","Armaments+1","Exhume","Body Slam","Shrug It Off","Sword Boomerang","True Grit+1","Body Slam","Feel No Pain+1","Havoc+1","Armaments+1","Bite","Bite","Bite","Bite","Bite","Body Slam","Inflame+1","True Grit","Sword Boomerang+1","Rupture+1","Entrench+1","Parasite","Sentinel","Heavy Blade+1","Limit Break","Brutality+1","Ghostly Armor","Warcry+1"],"relics":["Black Blood","Golden Idol","Pocketwatch","Blue Candle","Strawberry","Busted Crown","Self Forming Clay","Boot","Pear","Dream Catcher","Vajra","Prayer Wheel","FossilizedHelix","Frozen Egg 2","Du-Vu Doll"],"potions_floor_usage":[13,27,29,33,33,36,39],"damage_taken":[{"damage":0,"enemies":"Small Slimes","floor":1,"turns":4},{"damage":0,"enemies":"2 Louse","floor":3,"turns":3},{"damage":44,"enemies":"3 Sentries","floor":6,"turns":10},{"damage":2,"enemies":"Jaw Worm","floor":8,"turns":3},{"damage":10,"enemies":"Exordium Wildlife","floor":12,"turns":4},{"damage":5,"enemies":"Lots of Slimes","floor":13,"turns":2},{"damage":24,"enemies":"The Guardian","floor":16,"turns":11},{"damage":0,"enemies":"Chosen","floor":18,"turns":4},{"damage":10,"enemies":"3 Byrds","floor":22,"turns":6},{"damage":27,"enemies":"Slavers","floor":23,"turns":6},{"damage":3,"enemies":"Snake Plant","floor":25,"turns":4},{"damage":2,"enemies":"Book of Stabbing","floor":27,"turns":4},{"damage":6,"enemies":"3 Cultists","floor":28,"turns":6},{"damage":35,"enemies":"Slavers","floor":29,"turns":7},{"damage":11,"enemies":"Cultist and Chosen","floor":31,"turns":5},{"damage":102,"enemies":"Collector","floor":33,"turns":11},{"damage":23,"enemies":"3 Shapes","floor":35,"turns":6},{"damage":42,"enemies":"2 Orb Walkers","floor":36,"turns":6},{"damage":0,"enemies":"Mind Bloom Boss Battle","floor":37,"turns":7},{"damage":21,"enemies":"3 Darklings","floor":39,"turns":6},{"damage":39,"enemies":"Jaw Worm Horde","floor":41,"turns":6},{"damage":39,"enemies":"Writhing Mass","floor":44,"turns":8},{"damage":25,"enemies":"Maw","floor":45,"turns":8},{"damage":36,"enemies":"3 Darklings","floor":48,"turns":5},{"damage":69,"enemies":"Donu and Deca","floor":50,"turns":6}],"seed_played":"-159676509724697017","potions_obtained":[{"floor":3,"key":"Explosive Potion"},{"floor":6,"key":"FairyPotion"},{"floor":18,"key":"SpeedPotion"},{"floor":28,"key":"EssenceOfSteel"},{"floor":29,"key":"GamblersBrew"},{"floor":31,"key":"Explosive Potion"},{"floor":35,"key":"LiquidBronze"},{"floor":37,"key":"FearPotion"},{"floor":41,"key":"FearPotion"}],"is_trial":false,"path_per_floor":["M","?","M","?","?","E","R","M","T","?","T","M","M","$","R","B",null,"M","?","?","$","M","E","R","M","T","E","M","E","?","M","R","B",null,"M","?","?","?","M","$","M","R","T","M","M","$","R","M","R"],"character_chosen":"IRONCLAD","items_purchased":["Inflame","Shrug It Off","Armaments","Self Forming Clay","Frozen Egg 2","Rupture+1","Limit Break","Brutality+1"],"campfire_rested":3,"item_purchase_floors":[14,14,14,21,40,40,46,46],"current_hp_per_floor":[78,78,80,80,80,42,66,70,70,70,77,73,74,74,74,56,79,85,85,85,85,81,60,60,63,73,77,77,48,48,54,54,21,56,54,36,61,61,60,60,41,41,41,29,33,33,53,34,54,0],"gold":81,"neow_bonus":"TRANSFORM_TWO_CARDS","is_prod":false,"is_daily":false,"chose_seed":false,"campfire_upgraded":4,"win_rate":0,"timestamp":1540758433,"path_taken":["M","?","M","?","?","E","R","M","T","?","?","M","?","$","R","BOSS","M","?","?","$","M","E","R","M","T","E","?","E","?","M","R","BOSS","M","?","?","?","?","$","M","R","T","M","?","$","R","M","R","BOSS"],"build_version":"2018-10-25v2","purchased_purges":0,"victory":false,"max_hp_per_floor":[80,80,80,80,80,80,80,80,80,80,87,87,87,87,87,87,87,87,87,87,87,87,87,87,87,97,97,97,97,67,67,67,67,67,67,67,67,67,67,67,67,67,67,67,67,67,67,67,67,67],"card_choices":[{"not_picked":["Havoc","Second Wind"],"picked":"Wild Strike","floor":1},{"not_picked":["Infernal Blade","Clash"],"picked":"Hemokinesis","floor":3},{"not_picked":["Clash","Shrug It Off"],"picked":"Impervious","floor":6},{"not_picked":["Dual Wield","Dropkick"],"picked":"Sword Boomerang","floor":8},{"not_picked":["Power Through","Sentinel"],"picked":"Pommel Strike","floor":12},{"not_picked":["Disarm","Havoc"],"picked":"Heavy Blade","floor":13},{"not_picked":["Brutality","Fiend Fire"],"picked":"Exhume","floor":16},{"not_picked":[],"picked":"Body Slam","floor":18},{"not_picked":[],"picked":"Sword Boomerang","floor":22},{"not_picked":[],"picked":"True Grit","floor":23},{"not_picked":[],"picked":"Body Slam","floor":25},{"not_picked":[],"picked":"Feel No Pain+1","floor":27},{"not_picked":[],"picked":"Havoc+1","floor":28},{"not_picked":[],"picked":"Armaments+1","floor":29},{"not_picked":[],"picked":"Body Slam","floor":31},{"not_picked":["Perfected Strike+1"],"picked":"SKIP","floor":35},{"not_picked":[],"picked":"Inflame+1","floor":36},{"not_picked":[],"picked":"True Grit","floor":37},{"not_picked":[],"picked":"Sword Boomerang+1","floor":39},{"not_picked":["Armaments"],"picked":"SKIP","floor":39},{"not_picked":[],"picked":"Entrench","floor":41},{"not_picked":["Feel No Pain+1"],"picked":"SKIP","floor":41},{"not_picked":[],"picked":"Sentinel","floor":44},{"not_picked":["Reckless Charge"],"picked":"SKIP","floor":44},{"not_picked":[],"picked":"Heavy Blade+1","floor":45},{"not_picked":["Warcry"],"picked":"SKIP","floor":45},{"not_picked":[],"picked":"Ghostly Armor","floor":48},{"not_picked":[],"picked":"Warcry+1","floor":48}],"player_experience":934493,"relics_obtained":[{"floor":6,"key":"Pocketwatch"},{"floor":9,"key":"Blue Candle"},{"floor":11,"key":"Strawberry"},{"floor":23,"key":"Boot"},{"floor":26,"key":"Pear"},{"floor":27,"key":"Dream Catcher"},{"floor":29,"key":"Vajra"},{"floor":36,"key":"Prayer Wheel"},{"floor":37,"key":"FossilizedHelix"},{"floor":43,"key":"Du-Vu Doll"}],"event_choices":[{"damage_healed":0,"gold_gain":0,"player_choice":"Take Wound","damage_taken":0,"relics_obtained":["Golden Idol"],"max_hp_gain":0,"max_hp_loss":0,"event_name":"Golden Idol","floor":2,"gold_loss":0,"cards_obtained":["Injury"]},{"cards_removed":["Injury"],"damage_healed":0,"gold_gain":0,"player_choice":"Purged","damage_taken":0,"max_hp_gain":0,"max_hp_loss":0,"event_name":"Purifier","floor":4,"gold_loss":0},{"damage_healed":0,"gold_gain":0,"player_choice":"Grow","damage_taken":0,"max_hp_gain":0,"max_hp_loss":0,"event_name":"Living Wall","floor":5,"gold_loss":0,"cards_upgraded":["Hemokinesis"]},{"damage_healed":0,"gold_gain":78,"player_choice":"Gained Gold","damage_taken":0,"max_hp_gain":0,"max_hp_loss":0,"event_name":"Golden Wing","floor":10,"gold_loss":0},{"damage_healed":0,"gold_gain":0,"player_choice":"Simplicity","damage_taken":0,"max_hp_gain":0,"max_hp_loss":0,"event_name":"Back to Basics","floor":19,"gold_loss":0,"cards_upgraded":["Strike_R","Strike_R","Strike_R","Defend_R","Defend_R","Defend_R","Defend_R"]},{"damage_healed":0,"gold_gain":0,"player_choice":"Read","damage_taken":0,"max_hp_gain":0,"max_hp_loss":0,"event_name":"The Library","floor":20,"gold_loss":0,"cards_obtained":["Shrug It Off"]},{"damage_healed":0,"gold_gain":0,"player_choice":"Became a vampire","damage_taken":0,"max_hp_gain":0,"max_hp_loss":30,"event_name":"Vampires","floor":30,"gold_loss":0,"cards_obtained":["Bite","Bite","Bite","Bite","Bite"]},{"damage_healed":0,"gold_gain":0,"player_choice":"Fight","damage_taken":0,"max_hp_gain":0,"max_hp_loss":0,"event_name":"Mysterious Sphere","floor":36,"gold_loss":0},{"damage_healed":0,"gold_gain":0,"player_choice":"Fight","damage_taken":0,"max_hp_gain":0,"max_hp_loss":0,"event_name":"MindBloom","floor":37,"gold_loss":0},{"damage_healed":0,"gold_gain":0,"player_choice":"Ignored","damage_taken":0,"max_hp_gain":0,"max_hp_loss":0,"event_name":"Tomb of Lord Red Mask","floor":38,"gold_loss":0}],"is_beta":false,"boss_relics":[{"not_picked":["Black Star","Eternal Feather"],"picked":"Busted Crown"},{"not_picked":["Pandora\u0027s Box","Empty Cage"],"picked":"Black Blood"}],"items_purged_floors":[],"is_endless":false,"potions_floor_spawned":[3,6,18,28,29,31,35,37,41],"killed_by":"Donu and Deca","ascension_level":6}