{"gold_per_floor":[110,187,214,224,399,399,424,440,464,529,548,568,66,82,82,186,186,197,197,197,217,9,9],"floor_reached":23,"playtime":832,"items_purged":["Doubt","Writhe"],"score":277,"play_id":"7f7e6d4f-0f2d-4ebf-a259-2a6a5f5b8283","local_time":"20190114015037","is_ascension_mode":true,"campfire_choices":[{"data":"Sunder","floor":6,"key":"SMITH"},{"data":"Coolheaded","floor":15,"key":"SMITH"}],"neow_cost":"CURSE","seed_source_timestamp":326782966765255,"circlet_count":0,"master_deck":["Zap","Dualcast","Sunder+1","Cold Snap","Coolheaded","Capacitor","Undo","Coolheaded+1","Leap","Leap","Defragment","Hello World","Rebound","Reprogram","Beam Cell","Turbo","Defragment","Hologram+1","Darkness","Consume","Steam","Capacitor","Consume"],"relics":["Cracked Core","Pocketwatch","Lantern","Kunai","Bag of Marbles","Turnip","Pantograph","Pen Nib","Pandora\u0027s Box"],"potions_floor_usage":[7,14,23],"damage_taken":[{"damage":1,"enemies":"Cultist","floor":1,"turns":3},{"damage":7,"enemies":"Jaw Worm","floor":4,"turns":2},{"damage":8,"enemies":"Gremlin Nob","floor":7,"turns":3},{"damage":0,"enemies":"Small Slimes","floor":8,"turns":2},{"damage":28,"enemies":"Gremlin Nob","floor":10,"turns":4},{"damage":3,"enemies":"Blue Slaver","floor":11,"turns":4},{"damage":3,"enemies":"2 Fungi Beasts","floor":12,"turns":4},{"damage":0,"enemies":"Lots of Slimes","floor":14,"turns":1},{"damage":32,"enemies":"Slime Boss","floor":16,"turns":11},{"damage":6,"enemies":"Chosen","floor":18,"turns":6},{"damage":0,"enemies":"Shell Parasite","floor":21,"turns":8},{"damage":57,"enemies":"Slavers","floor":23,"turns":4}],"seed_played":"-7987648736138568928","potions_obtained":[{"floor":4,"key":"Poison Potion"},{"floor":11,"key":"AttackPotion"},{"floor":12,"key":"SteroidPotion"},{"floor":16,"key":"Energy Potion"},{"floor":21,"key":"Poison Potion"}],"is_trial":false,"path_per_floor":["M","?","T","M","?","R","E","M","T","?","M","M","$","M","R","B",null,"M","?","?","M","$","E"],"character_chosen":"DEFECT","items_purchased":["Pantograph","Pen Nib","Leap","Capacitor","Consume"],"campfire_rested":0,"item_purchase_floors":[13,13,13,22,22],"current_hp_per_floor":[67,67,67,60,60,60,52,52,52,24,21,18,18,18,18,11,59,53,53,53,53,53,0],"gold":9,"neow_bonus":"ONE_RARE_RELIC","is_prod":false,"is_daily":false,"chose_seed":false,"campfire_upgraded":2,"win_rate":0,"timestamp":1547448637,"path_taken":["M","?","?","?","?","R","E","M","T","?","M","M","$","M","R","BOSS","M","?","?","M","$","E"],"build_version":"2019-01-10","purchased_purges":2,"victory":false,"max_hp_per_floor":[75,75,75,75,75,75,75,75,75,75,75,75,75,75,75,75,75,75,75,75,75,75,75],"card_choices":[{"not_picked":["Recycle","Streamline"],"picked":"Sunder","floor":1},{"not_picked":["FTL","Heatsinks"],"picked":"Cold Snap","floor":4},{"not_picked":["Fusion","Hello World"],"picked":"Coolheaded","floor":7},{"not_picked":["Skim","Darkness"],"picked":"Capacitor","floor":8},{"not_picked":["Self Repair","Go for the Eyes"],"picked":"Undo","floor":10},{"not_picked":["Hello World","Storm"],"picked":"Coolheaded","floor":11},{"not_picked":["Beam Cell","Steam"],"picked":"Leap","floor":12},{"not_picked":["Chill","Go for the Eyes"],"picked":"Defragment","floor":14},{"not_picked":["Leap","Cold Snap+1"],"picked":"Consume","floor":18},{"not_picked":["Scrape","Go for the Eyes"],"picked":"Steam","floor":21}],"player_experience":505574,"relics_obtained":[{"floor":3,"key":"Lantern"},{"floor":7,"key":"Kunai"},{"floor":9,"key":"Bag of Marbles"},{"floor":10,"key":"Turnip"}],"event_choices":[{"damage_healed":0,"gold_gain":77,"player_choice":"Gained Gold","damage_taken":0,"max_hp_gain":0,"max_hp_loss":0,"event_name":"Golden Wing","floor":2,"gold_loss":0},{"damage_healed":0,"gold_gain":175,"player_choice":"AGREE","damage_taken":0,"max_hp_gain":0,"max_hp_loss":0,"event_name":"Liars Game","floor":5,"gold_loss":0,"cards_obtained":["Doubt"]},{"damage_healed":0,"gold_gain":0,"player_choice":"Searched \u00272\u0027 times","damage_taken":0,"max_hp_gain":0,"max_hp_loss":0,"event_name":"Dead Adventurer","floor":10,"gold_loss":0},{"damage_healed":0,"gold_gain":0,"player_choice":"Ignored","damage_taken":0,"max_hp_gain":0,"max_hp_loss":0,"event_name":"Vampires","floor":19,"gold_loss":0},{"damage_healed":0,"gold_gain":0,"player_choice":"Forge","damage_taken":0,"max_hp_gain":0,"max_hp_loss":0,"event_name":"Accursed Blacksmith","floor":20,"gold_loss":0,"cards_upgraded":["Hologram"]}],"is_beta":true,"boss_relics":[{"not_picked":["Nuclear Battery","Eternal Feather"],"picked":"Pandora\u0027s Box"}],"items_purged_floors":[13,22],"is_endless":false,"potions_floor_spawned":[4,11,12,16,21],"killed_by":"Slavers","ascension_level":9}