{"gold_per_floor":[112,127,93,139,62,62,88,88,88,121,121,140,155,175,175,271,271,290,290,26,26,39,39,56,56,81,81,7,25,60,77,77,77],"floor_reached":33,"playtime":1960,"items_purged":["Strike_G"],"score":445,"play_id":"0048d727-5b4c-4420-8534-9b93205afc4a","local_time":"20190126214813","is_ascension_mode":true,"campfire_choices":[{"data":"Neutralize","floor":6.0,"key":"SMITH"},{"data":"Footwork","floor":8.0,"key":"SMITH"},{"floor":15.0,"key":"REST"},{"data":"Footwork","floor":23.0,"key":"SMITH"},{"data":"Setup","floor":25.0,"key":"SMITH"},{"data":"Leg Sweep","floor":27.0,"key":"SMITH"},{"floor":32.0,"key":"REST"}],"neow_cost":"NONE","seed_source_timestamp":0,"circlet_count":0,"master_deck":["Defend_G","Defend_G","Defend_G","Defend_G","Strike_G","Strike_G+1","Strike_G+1","Survivor","Neutralize+1","Noxious Fumes","Footwork+1","Setup+1","Footwork+1","Noxious Fumes","Poisoned Stab+1","Leg Sweep+1","Corpse Explosion","Ghostly","Ghostly","Ghostly","Ghostly","Ghostly","Escape Plan","Bouncing Flask","Parasite","Caltrops","PiercingWail","Well Laid Plans+1","Footwork"],"special_seed":0,"relics":["Ring of the Snake","NeowsBlessing","Whetstone","Dodecahedron","Question Card","Molten Egg 2","Cursed Key","Strawberry","Omamori","Vajra"],"potions_floor_usage":[],"damage_taken":[{"damage":0.0,"enemies":"Cultist","floor":1.0,"turns":1.0},{"damage":0.0,"enemies":"Jaw Worm","floor":2.0,"turns":1.0},{"damage":0.0,"enemies":"Gremlin Nob","floor":7.0,"turns":1.0},{"damage":23.0,"enemies":"Lagavulin","floor":10.0,"turns":10.0},{"damage":0.0,"enemies":"Small Slimes","floor":12.0,"turns":4.0},{"damage":9.0,"enemies":"2 Fungi Beasts","floor":13.0,"turns":4.0},{"damage":0.0,"enemies":"3 Louse","floor":14.0,"turns":4.0},{"damage":18.0,"enemies":"The Guardian","floor":16.0,"turns":9.0},{"damage":12.0,"enemies":"Shell Parasite","floor":18.0,"turns":6.0},{"damage":1.0,"enemies":"Spheric Guardian","floor":22.0,"turns":5.0},{"damage":6.0,"enemies":"Snake Plant","floor":24.0,"turns":5.0},{"damage":6.0,"enemies":"3 Cultists","floor":29.0,"turns":5.0},{"damage":3.0,"enemies":"Slavers","floor":30.0,"turns":5.0},{"damage":1.0,"enemies":"Snecko","floor":31.0,"turns":7.0},{"damage":15,"enemies":"Champ","floor":33,"turns":12}],"seed_played":"6578573259634452823","potions_obtained":[{"floor":7.0,"key":"SteroidPotion"},{"floor":10.0,"key":"Explosive Potion"},{"floor":13.0,"key":"AttackPotion"},{"floor":14.0,"key":"Block Potion"},{"floor":18.0,"key":"SteroidPotion"},{"floor":30.0,"key":"Strength Potion"}],"is_trial":false,"path_per_floor":["M","M","$","T","$","R","E","R","T","E","?","M","M","M","R","B",null,"M","?","$","?","M","R","M","R","T","R","$","M","E","M","R","B"],"character_chosen":"THE_SILENT","items_purchased":["Footwork","Setup","Strawberry","Escape Plan","Caltrops"],"campfire_rested":2,"item_purchase_floors":[3,5,20,20,28],"current_hp_per_floor":[63,63,63,63,63,63,63,63,63,40,40,40,31,31,52,34,61,49,35,42,42,41,41,35,35,35,35,35,29,26,25,37,22],"gold":77,"neow_bonus":"THREE_ENEMY_KILL","is_prod":false,"is_daily":false,"chose_seed":false,"campfire_upgraded":5,"win_rate":0,"timestamp":1548568093,"path_taken":["M","?","?","?","$","R","E","R","T","E","?","M","?","M","R","BOSS","M","?","$","?","?","R","M","R","T","R","$","M","E","M","R","BOSS"],"build_version":"2019-01-23","purchased_purges":1,"victory":false,"max_hp_per_floor":[70,70,70,70,70,70,70,70,70,70,70,70,70,70,70,70,70,70,35,42,42,42,42,42,42,42,42,42,42,42,42,42,42],"card_choices":[{"not_picked":["Underhanded Strike","Bane","Calculated Gamble"],"picked":"SKIP","floor":1.0},{"not_picked":["Terror","Dagger Spray"],"picked":"Noxious Fumes","floor":2.0},{"not_picked":["Setup","Poisoned Stab","Sucker Punch"],"picked":"SKIP","floor":7.0},{"not_picked":["Reflex","Malaise","Outmaneuver"],"picked":"Footwork","floor":10.0},{"not_picked":["Choke+1","Riddle With Holes+1","All Out Attack+1"],"picked":"Noxious Fumes","floor":12.0},{"not_picked":["Outmaneuver","Heel Hook+1","Quick Slash+1"],"picked":"Poisoned Stab+1","floor":13.0},{"not_picked":["Backflip","Unload+1","Dagger Throw+1"],"picked":"Leg Sweep","floor":14.0},{"not_picked":["Venomology","Doppelganger","Night Terror"],"picked":"Corpse Explosion","floor":16.0},{"not_picked":["Eviscerate+1","Underhanded Strike+1","Bane+1","Choke+1"],"picked":"SKIP","floor":18.0},{"not_picked":["Flechettes+1","Sucker Punch+1","Riddle With Holes+1","Slice+1"],"picked":"SKIP","floor":22.0},{"not_picked":["Dagger Throw+1","Poisoned Stab+1","Underhanded Strike+1"],"picked":"Bouncing Flask","floor":24.0},{"not_picked":["Outmaneuver","Noxious Fumes","Distraction"],"picked":"PiercingWail","floor":29.0},{"not_picked":["Dagger Spray+1","Doppelganger","Poisoned Stab+1"],"picked":"Well Laid Plans+1","floor":30.0},{"not_picked":["Crippling Poison","Backflip","PiercingWail"],"picked":"Footwork","floor":31.0}],"player_experience":313993,"relics_obtained":[{"floor":4.0,"key":"Whetstone"},{"floor":7.0,"key":"Dodecahedron"},{"floor":9.0,"key":"Question Card"},{"floor":10.0,"key":"Molten Egg 2"},{"floor":26.0,"key":"Omamori"},{"floor":30.0,"key":"Vajra"}],"event_choices":[{"cards_removed":["Defend_G"],"damage_healed":0.0,"max_hp_gain":0.0,"max_hp_loss":0.0,"gold_gain":0.0,"event_name":"Purifier","player_choice":"Purged","floor":11.0,"gold_loss":0.0,"damage_taken":0.0},{"damage_healed":0.0,"max_hp_gain":0.0,"max_hp_loss":35.0,"gold_gain":0.0,"event_name":"Ghosts","player_choice":"Became a Ghost","floor":19.0,"gold_loss":0.0,"damage_taken":0.0,"cards_obtained":["Ghostly","Ghostly","Ghostly","Ghostly","Ghostly"]},{"cards_removed":["Strike_G"],"damage_healed":0.0,"max_hp_gain":0.0,"max_hp_loss":0.0,"gold_gain":0.0,"event_name":"Purifier","player_choice":"Purged","floor":21.0,"gold_loss":0.0,"damage_taken":0.0}],"is_beta":false,"boss_relics":[{"not_picked":["Pandora\u0027s Box","Orrery"],"picked":"Cursed Key"}],"items_purged_floors":[20],"is_endless":false,"potions_floor_spawned":[7,10,13,14,18,30],"killed_by":"Champ","ascension_level":8}