{"gold_per_floor":[114,114,138,156,156,156,173,87,141,160,172,185,205,223,223,325,325,341,369,379,379,398,429,440,459,459,469,421,421],"floor_reached":29,"playtime":891,"items_purged":[],"score":243,"play_id":"60dd0137-9b51-4faf-b748-9fdcd8037f55","local_time":"20190211153415","is_ascension_mode":false,"campfire_choices":[{"data":"Immolate","floor":6,"key":"SMITH"},{"data":"Perfected Strike","floor":15,"key":"SMITH"}],"neow_cost":"NONE","seed_source_timestamp":1134824154952380,"circlet_count":0,"master_deck":["Strike_R","Strike_R","Strike_R","Strike_R","Strike_R","Defend_R","Defend_R","Defend_R","Defend_R","Bash","Immolate+1","Infernal Blade+1","Wild Strike","Perfected Strike+1","Limit Break","True Grit","Shrug It Off","Sever Soul","Second Wind","Battle Trance","Shrug It Off","Double Tap","Wild Strike","Fiend Fire","Evolve","Twin Strike+1","Anger+1","Havoc","Seeing Red+1","Dropkick","Havoc+1","Shrug It Off"],"relics":["Burning Blood"],"potions_floor_usage":[16,18,18,23,23,24,24],"damage_taken":[{"damage":0,"enemies":"2 Louse","floor":1,"turns":1},{"damage":6,"enemies":"Jaw Worm","floor":4,"turns":2},{"damage":7,"enemies":"Small Slimes","floor":7,"turns":2},{"damage":2,"enemies":"Exordium Thugs","floor":10,"turns":2},{"damage":5,"enemies":"Looter","floor":11,"turns":3},{"damage":6,"enemies":"Blue Slaver","floor":12,"turns":4},{"damage":7,"enemies":"Exordium Wildlife","floor":13,"turns":4},{"damage":2,"enemies":"3 Louse","floor":14,"turns":3},{"damage":48,"enemies":"Hexaghost","floor":16,"turns":12},{"damage":0,"enemies":"2 Thieves","floor":18,"turns":2},{"damage":20,"enemies":"Masked Bandits","floor":19,"turns":3},{"damage":9,"enemies":"Shell Parasite","floor":20,"turns":4},{"damage":6,"enemies":"Cultist and Chosen","floor":22,"turns":2},{"damage":43,"enemies":"Gremlin Leader","floor":23,"turns":7},{"damage":12,"enemies":"Snecko","floor":24,"turns":5},{"damage":24,"enemies":"Shelled Parasite and Fungi","floor":25,"turns":4},{"damage":14,"enemies":"Chosen and Byrds","floor":27,"turns":5},{"damage":14,"enemies":"Snake Plant","floor":29,"turns":1}],"seed_played":"-2721543353626063799","potions_obtained":[{"floor":1,"key":"Energy Potion"},{"floor":10,"key":"SpeedPotion"},{"floor":13,"key":"Weak Potion"},{"floor":16,"key":"SkillPotion"},{"floor":20,"key":"Strength Potion"},{"floor":22,"key":"Regen Potion"},{"floor":23,"key":"AttackPotion"}],"is_trial":false,"path_per_floor":["M","?","T","M","?","R","M","$","T","M","M","M","M","M","R","B",null,"M","?","M","?","M","E","M","M","T","M","$","M"],"character_chosen":"IRONCLAD","items_purchased":["Shrug It Off","Sever Soul","Shrug It Off"],"campfire_rested":0,"item_purchase_floors":[8,8,28],"current_hp_per_floor":[80,80,80,80,80,80,79,79,79,80,80,80,79,80,80,38,80,80,66,63,63,63,41,35,17,17,9,9,0],"gold":421,"neow_bonus":"ONE_RANDOM_RARE_CARD","is_prod":false,"is_daily":false,"chose_seed":false,"campfire_upgraded":2,"win_rate":0,"timestamp":1549924455,"path_taken":["M","?","?","M","?","R","?","$","T","M","M","M","M","M","R","BOSS","M","?","M","?","M","E","M","M","T","M","?","M"],"build_version":"2019-01-23","purchased_purges":0,"victory":false,"max_hp_per_floor":[80,80,80,80,80,80,80,80,80,80,80,80,80,80,80,80,80,80,80,80,80,80,80,80,80,80,80,80,80],"card_choices":[{"not_picked":["Intimidate","Headbutt"],"picked":"Infernal Blade","floor":1},{"not_picked":["Armaments","Anger"],"picked":"Wild Strike","floor":4},{"not_picked":["Feel No Pain","Pommel Strike"],"picked":"True Grit","floor":7},{"not_picked":["Sword Boomerang","Uppercut"],"picked":"Second Wind","floor":10},{"not_picked":["Cleave","Pommel Strike"],"picked":"Battle Trance","floor":11},{"not_picked":["Heavy Blade","Warcry"],"picked":"Shrug It Off","floor":12},{"not_picked":["Burning Pact","Seeing Red"],"picked":"Double Tap","floor":13},{"not_picked":["True Grit","Shockwave"],"picked":"Wild Strike","floor":14},{"not_picked":["Barricade","Impervious"],"picked":"Fiend Fire","floor":16},{"not_picked":["Heavy Blade+1","Ghostly Armor+1"],"picked":"Evolve","floor":18},{"not_picked":["Clothesline","Headbutt"],"picked":"Twin Strike+1","floor":19},{"not_picked":["Body Slam","Heavy Blade+1"],"picked":"Anger+1","floor":20},{"not_picked":["Iron Wave","Heavy Blade+1","Rupture"],"picked":"SKIP","floor":22},{"not_picked":["Body Slam","Iron Wave"],"picked":"Havoc","floor":23},{"not_picked":["Thunderclap+1","Barricade"],"picked":"Seeing Red+1","floor":24},{"not_picked":["Body Slam","Thunderclap"],"picked":"Dropkick","floor":25},{"not_picked":["Anger","Sword Boomerang"],"picked":"Havoc+1","floor":27}],"player_experience":1435302,"relics_obtained":[],"event_choices":[{"damage_healed":0,"gold_gain":0,"player_choice":"Grow","damage_taken":0,"max_hp_gain":0,"max_hp_loss":0,"event_name":"Living Wall","floor":2,"gold_loss":0,"cards_upgraded":["Infernal Blade"]},{"damage_healed":0,"gold_gain":0,"player_choice":"2 cards matched","damage_taken":0,"max_hp_gain":0,"max_hp_loss":0,"event_name":"Match and Keep!","floor":5,"gold_loss":0,"cards_obtained":["Perfected Strike","Limit Break"]},{"damage_healed":0,"gold_gain":0,"player_choice":"Fought Bandits","damage_taken":0,"max_hp_gain":0,"max_hp_loss":0,"event_name":"Masked Bandits","floor":19,"gold_loss":0},{"damage_healed":0,"gold_gain":0,"player_choice":"Ignored","damage_taken":0,"max_hp_gain":0,"max_hp_loss":0,"event_name":"Ghosts","floor":21,"gold_loss":0}],"is_beta":false,"boss_relics":[{"not_picked":["Black Star","Lizard Tail","Tiny House"]}],"items_purged_floors":[],"is_endless":false,"potions_floor_spawned":[1,10,13,14,16,20,22,23],"killed_by":"Snake Plant","ascension_level":0}