{"gold_per_floor":[114,128,144,144,161,192,192,367,367,642,661,14,14,14,14,112,112,127,67,19,19,19,19,19,19,67,81,94,129,144,144],"floor_reached":31,"playtime":1096,"items_purged":[],"score":367,"play_id":"64aca335-8dae-459d-b546-85b9b08b8c18","local_time":"20190218142305","is_ascension_mode":true,"campfire_choices":[{"floor":7.0,"key":"REST"},{"floor":13.0,"key":"REST"},{"data":"Redo","floor":15.0,"key":"SMITH"},{"floor":23,"key":"REST"},{"floor":25,"key":"REST"}],"neow_cost":"NONE","seed_source_timestamp":246171700564323,"circlet_count":0,"master_deck":["Strike_B","Strike_B","Strike_B","Defend_B","Defend_B","Defend_B","Defend_B","Zap","Dualcast","Ball Lightning","Ball Lightning","Go for the Eyes","Redo+1","Sunder","Doubt","Compile Driver","Self Repair","Leap","Ball Lightning","Deep Breath","Electrodynamics","Coolheaded","Stack","Leap","Melter","Darkness","BootSequence","Cold Snap","Ball Lightning","Glacier","White Noise"],"special_seed":0,"relics":["Cracked Core","NeowsBlessing","Pen Nib","Happy Flower","Shuriken","Potion Belt","Orrery","Boot","Bottled Lightning"],"potions_floor_usage":[29,29],"damage_taken":[{"damage":0.0,"enemies":"Jaw Worm","floor":1.0,"turns":1.0},{"damage":0.0,"enemies":"Small Slimes","floor":2.0,"turns":1.0},{"damage":0.0,"enemies":"2 Louse","floor":3.0,"turns":1.0},{"damage":15.0,"enemies":"Lots of Slimes","floor":5.0,"turns":4.0},{"damage":25.0,"enemies":"Lagavulin","floor":6.0,"turns":5.0},{"damage":6.0,"enemies":"3 Louse","floor":11.0,"turns":2.0},{"damage":51.0,"enemies":"Hexaghost","floor":16.0,"turns":10.0},{"damage":6,"enemies":"Spheric Guardian","floor":18,"turns":3},{"damage":39,"enemies":"Colosseum Slavers","floor":22,"turns":4},{"damage":1,"enemies":"Chosen","floor":27,"turns":5},{"damage":37,"enemies":"Shelled Parasite and Fungi","floor":28,"turns":5},{"damage":25,"enemies":"Book of Stabbing","floor":29,"turns":4},{"damage":6,"enemies":"Cultist and Chosen","floor":30,"turns":4},{"damage":17,"enemies":"Snake Plant","floor":31,"turns":2}],"seed_played":"2002878698017590785","potions_obtained":[{"floor":1.0,"key":"Energy Potion"},{"floor":3.0,"key":"FearPotion"},{"floor":11.0,"key":"Ancient Potion"},{"floor":27,"key":"PowerPotion"},{"floor":29,"key":"FearPotion"}],"is_trial":false,"path_per_floor":["M","M","M","?","M","E","R","?","T","?","M","$","R","?","R","B",null,"M","?","$","?","?","R","?","R","T","M","M","E","M","M"],"character_chosen":"DEFECT","items_purchased":["Self Repair","Leap","Ball Lightning","Shuriken","Potion Belt","Deep Breath","Cold Snap"],"campfire_rested":4,"item_purchase_floors":[12,12,12,12,12,12,20],"current_hp_per_floor":[68,68,68,61,46,21,43,43,43,43,37,37,59,59,59,15,60,61,61,61,61,29,51,37,61,61,67,37,12,13,0],"gold":144,"neow_bonus":"THREE_ENEMY_KILL","is_prod":false,"is_daily":false,"chose_seed":false,"campfire_upgraded":1,"win_rate":0,"timestamp":1550524985,"path_taken":["M","M","M","?","M","E","R","?","T","?","?","$","R","?","R","BOSS","M","?","?","?","?","R","?","R","T","M","M","E","?","M"],"build_version":"2019-01-23","purchased_purges":0,"victory":false,"max_hp_per_floor":[75,75,75,75,75,75,75,75,75,75,75,75,75,75,75,75,75,75,75,75,75,75,75,80,80,80,80,80,80,80,80],"card_choices":[{"not_picked":["Stack","BootSequence"],"picked":"Ball Lightning","floor":1.0},{"not_picked":["Beam Cell","Storm"],"picked":"Ball Lightning","floor":2.0},{"not_picked":["Barrage","Auto Shields"],"picked":"Go for the Eyes","floor":3.0},{"not_picked":["Beam Cell","Sweeping Beam"],"picked":"Redo","floor":5.0},{"not_picked":["Beam Cell","Stack"],"picked":"Sunder","floor":6.0},{"not_picked":["Hello World","Heatsinks"],"picked":"Compile Driver","floor":11.0},{"not_picked":["Reboot","Amplify"],"picked":"Electrodynamics","floor":16.0},{"not_picked":["Barrage","Steam"],"picked":"Coolheaded","floor":17.0},{"not_picked":["Beam Cell","Rebound"],"picked":"Stack","floor":17.0},{"not_picked":["Compile Driver","Rebound"],"picked":"Leap","floor":17.0},{"not_picked":["Compile Driver","Fission"],"picked":"Melter","floor":17.0},{"not_picked":["Conserve Battery","Force Field"],"picked":"Darkness","floor":17.0},{"not_picked":["Auto Shields+1","Capacitor"],"picked":"BootSequence","floor":18},{"not_picked":["Gash","Cold Snap"],"picked":"Ball Lightning","floor":27},{"not_picked":["Gash","Sweeping Beam"],"picked":"Glacier","floor":28},{"not_picked":["Self Repair","Rebound"],"picked":"White Noise","floor":29},{"not_picked":["Streamline","Blizzard","Scrape+1"],"picked":"SKIP","floor":30}],"player_experience":1522643,"relics_obtained":[{"floor":6.0,"key":"Pen Nib"},{"floor":9.0,"key":"Happy Flower"},{"floor":26,"key":"Boot"},{"floor":29,"key":"Bottled Lightning"}],"event_choices":[{"cards_removed":["Strike_B"],"damage_healed":0.0,"max_hp_gain":0.0,"max_hp_loss":0.0,"gold_gain":0.0,"event_name":"Golden Wing","player_choice":"Card Removal","floor":4.0,"gold_loss":0.0,"damage_taken":7.0},{"damage_healed":0.0,"max_hp_gain":0.0,"max_hp_loss":0.0,"gold_gain":175.0,"event_name":"Liars Game","player_choice":"AGREE","floor":8.0,"gold_loss":0.0,"damage_taken":0.0,"cards_obtained":["Doubt"]},{"damage_healed":0.0,"max_hp_gain":0.0,"max_hp_loss":0.0,"gold_gain":275.0,"event_name":"Golden Shrine","player_choice":"Desecrate","floor":10.0,"gold_loss":0.0,"damage_taken":0.0,"cards_obtained":["Regret"]},{"damage_healed":0.0,"max_hp_gain":0.0,"max_hp_loss":0.0,"gold_gain":0.0,"event_name":"The Cleric","player_choice":"Leave","floor":14.0,"gold_loss":0.0,"damage_taken":0.0},{"cards_removed":["Regret"],"damage_healed":0,"gold_gain":0,"player_choice":"Single Remove","damage_taken":0,"max_hp_gain":0,"max_hp_loss":0,"event_name":"Designer","floor":19,"gold_loss":60},{"damage_healed":0,"gold_gain":0,"player_choice":"Ignored","damage_taken":0,"max_hp_gain":0,"max_hp_loss":0,"event_name":"Beggar","floor":21,"gold_loss":0},{"damage_healed":0,"gold_gain":0,"player_choice":"Fight","damage_taken":0,"max_hp_gain":0,"max_hp_loss":0,"event_name":"Colosseum","floor":22,"gold_loss":0},{"damage_healed":0,"gold_gain":0,"player_choice":"Fled From Nobs","damage_taken":0,"max_hp_gain":0,"max_hp_loss":0,"event_name":"Colosseum","floor":22,"gold_loss":0},{"damage_healed":0,"gold_gain":0,"player_choice":"Shed Blood","damage_taken":19,"max_hp_gain":5,"max_hp_loss":0,"event_name":"Forgotten Altar","floor":24,"gold_loss":0}],"is_beta":false,"boss_relics":[{"not_picked":["Cursed Key","Black Star"],"picked":"Orrery"}],"items_purged_floors":[],"is_endless":false,"potions_floor_spawned":[1,3,11,22,27,29],"killed_by":"Snake Plant","ascension_level":7}