{"gold_per_floor":[117,117,217,236,76,76,76,76,131,158,123,136,164,183,183,285,285,296,296,66,20,20,40,40,50,76,105,123,135,135,59,59,59],"floor_reached":33,"playtime":1036,"items_purged":["Regret"],"score":462,"play_id":"3ad3ad59-bae3-4089-9dc7-68a7563708f1","local_time":"20190114125822","is_ascension_mode":true,"campfire_choices":[{"data":"Bash","floor":6,"key":"SMITH"},{"data":"Cleave","floor":15,"key":"SMITH"},{"floor":30,"key":"REST"},{"data":"Limit Break","floor":32,"key":"SMITH"}],"neow_cost":"NONE","seed_source_timestamp":443739499054309,"circlet_count":0,"master_deck":["AscendersBane","Defend_R","Defend_R","Defend_R","Defend_R","Bash+1","Spot Weakness+1","Twin Strike","Pommel Strike","Deep Breath","Twin Strike","Cleave+1","Dropkick","Warcry","Double Tap","True Grit","Ghostly Armor","Shrug It Off","Bite","Bite","Bite","Bite","Bite","Flex","Uppercut","Clumsy","Intimidate","Ghostly Armor","Flex","Limit Break+1"],"relics":["Burning Blood","Boot","Bronze Scales","Lantern","Cursed Key","MealTicket","Regal Pillow","Juzu Bracelet"],"potions_floor_usage":[16,16,25,33],"damage_taken":[{"damage":1,"enemies":"Cultist","floor":1,"turns":3},{"damage":4,"enemies":"2 Louse","floor":4,"turns":2},{"damage":32,"enemies":"Gremlin Nob","floor":10,"turns":4},{"damage":0,"enemies":"Small Slimes","floor":12,"turns":3},{"damage":20,"enemies":"3 Sentries","floor":13,"turns":4},{"damage":11,"enemies":"Exordium Thugs","floor":14,"turns":3},{"damage":25,"enemies":"Hexaghost","floor":16,"turns":7},{"damage":28,"enemies":"2 Thieves","floor":18,"turns":3},{"damage":16,"enemies":"Shell Parasite","floor":23,"turns":4},{"damage":11,"enemies":"Snake Plant","floor":25,"turns":4},{"damage":51,"enemies":"Slavers","floor":27,"turns":6},{"damage":17,"enemies":"3 Cultists","floor":28,"turns":5},{"damage":12,"enemies":"Chosen and Byrds","floor":29,"turns":4},{"damage":92,"enemies":"Collector","floor":33,"turns":6}],"seed_played":"-3467318455300450679","potions_obtained":[{"floor":10,"key":"Block Potion"},{"floor":13,"key":"AttackPotion"},{"floor":18,"key":"SkillPotion"},{"floor":23,"key":"SteroidPotion"}],"is_trial":false,"path_per_floor":["M","?","?","M","$","R","$","?","T","E","?","M","E","M","R","B",null,"M","?","$","$","?","M","?","M","T","E","M","M","R","$","R","B"],"character_chosen":"IRONCLAD","items_purchased":["Deep Breath","Ghostly Armor","MealTicket","Shrug It Off","Limit Break"],"campfire_rested":1,"item_purchase_floors":[5,20,20,21,31],"current_hp_per_floor":[77,77,77,79,79,79,79,79,79,54,74,80,66,63,63,46,72,52,44,44,59,59,61,61,66,66,33,26,26,65,80,80,0],"gold":59,"neow_bonus":"THREE_CARDS","is_prod":false,"is_daily":false,"chose_seed":false,"campfire_upgraded":3,"win_rate":0,"timestamp":1547495902,"path_taken":["M","?","?","?","$","R","$","?","T","E","?","M","E","M","R","BOSS","M","?","?","$","?","M","?","M","T","E","M","M","R","$","R","BOSS"],"build_version":"2019-01-10","purchased_purges":1,"victory":false,"max_hp_per_floor":[80,80,80,80,80,80,80,80,80,80,80,80,80,80,80,80,80,80,80,80,80,80,80,80,80,80,80,80,80,80,80,80,80],"card_choices":[{"not_picked":["Anger","Pommel Strike"],"picked":"Spot Weakness","floor":0},{"not_picked":["Flex","True Grit"],"picked":"Twin Strike","floor":1},{"not_picked":["Battle Trance","Reckless Charge"],"picked":"Pommel Strike","floor":4},{"not_picked":["Hemokinesis","Blood for Blood"],"picked":"Twin Strike","floor":10},{"not_picked":["Clothesline","Warcry"],"picked":"Cleave","floor":12},{"not_picked":["Cleave","Entrench"],"picked":"Dropkick","floor":13},{"not_picked":["Battle Trance","Whirlwind"],"picked":"Warcry","floor":14},{"not_picked":["Berserk","Brutality"],"picked":"Double Tap","floor":16},{"not_picked":["Whirlwind","Inflame"],"picked":"True Grit","floor":18},{"not_picked":["Second Wind","Intimidate"],"picked":"Flex","floor":23},{"not_picked":["Wild Strike","Reckless Charge"],"picked":"Uppercut","floor":25},{"not_picked":["Headbutt","Second Wind+1"],"picked":"Intimidate","floor":27},{"not_picked":["Thunderclap","Wild Strike"],"picked":"Ghostly Armor","floor":28},{"not_picked":["Blood for Blood+1","Cleave"],"picked":"Flex","floor":29}],"player_experience":1247280,"relics_obtained":[{"floor":9,"key":"Blood Vial"},{"floor":10,"key":"Bronze Scales"},{"floor":13,"key":"Lantern"},{"floor":26,"key":"Regal Pillow"},{"floor":27,"key":"Juzu Bracelet"}],"event_choices":[{"damage_healed":0,"gold_gain":0,"player_choice":"Box","damage_taken":0,"relics_obtained":["Boot"],"max_hp_gain":0,"max_hp_loss":0,"event_name":"Big Fish","floor":2,"gold_loss":0,"cards_obtained":["Regret"]},{"damage_healed":0,"gold_gain":100,"player_choice":"Pray","damage_taken":0,"max_hp_gain":0,"max_hp_loss":0,"event_name":"Golden Shrine","floor":3,"gold_loss":0},{"damage_healed":0,"gold_gain":0,"player_choice":"Grow","damage_taken":0,"max_hp_gain":0,"max_hp_loss":0,"event_name":"Living Wall","floor":8,"gold_loss":0,"cards_upgraded":["Spot Weakness"]},{"damage_healed":20,"gold_gain":0,"player_choice":"Healed","damage_taken":0,"max_hp_gain":0,"max_hp_loss":0,"event_name":"The Cleric","floor":11,"gold_loss":35},{"damage_healed":0,"gold_gain":0,"player_choice":"","damage_taken":8,"max_hp_gain":0,"max_hp_loss":0,"event_name":"Knowing Skull","floor":19,"potions_obtained":[],"gold_loss":0,"cards_obtained":[]},{"damage_healed":0,"gold_gain":0,"player_choice":"Became a vampire (Vial)","damage_taken":0,"max_hp_gain":0,"max_hp_loss":0,"event_name":"Vampires","floor":22,"relics_lost":["Blood Vial"],"gold_loss":0,"cards_obtained":["Bite","Bite","Bite","Bite","Bite"]},{"damage_healed":0,"gold_gain":0,"player_choice":"Ignored","damage_taken":0,"max_hp_gain":0,"max_hp_loss":0,"event_name":"Beggar","floor":24,"gold_loss":0}],"is_beta":false,"boss_relics":[{"not_picked":["Black Star","Lizard Tail"],"picked":"Cursed Key"}],"items_purged_floors":[5],"is_endless":false,"potions_floor_spawned":[10,13,18,23],"killed_by":"Collector","ascension_level":12}