{"gold_per_floor":[114,289,40,59,59,90,90,101,177,196,208,240,240,253,253,353,353,372,372,382,397,47,47,47],"floor_reached":24,"playtime":648,"items_purged":[],"score":280,"play_id":"1cd4ac0d-2b4a-40fd-8b2f-13d761523390","local_time":"20181006235832","is_ascension_mode":true,"campfire_choices":[{"data":"Skewer","floor":7.0,"key":"SMITH"},{"data":"Noxious Fumes","floor":13.0,"key":"SMITH"},{"data":"Bouncing Flask","floor":15.0,"key":"SMITH"},{"data":"Skewer","floor":23.0,"key":"SMITH"}],"neow_cost":"NONE","seed_source_timestamp":104555418710352,"circlet_count":0,"master_deck":["Defend_G+1","Defend_G+1","Defend_G+1","Defend_G+1","Defend_G+1","Strike_G+1","Strike_G+1","Strike_G+1","Strike_G+1","Strike_G+1","Survivor","Neutralize","Dagger Spray","Skewer+1","Noxious Fumes+1","Dash","Bouncing Flask+1","Outmaneuver","Escape Plan","Backflip","Corpse Explosion","Distraction","Deflect","Poisoned Stab","Crippling Poison","Skewer+1","Leg Sweep","Noxious Fumes","Leg Sweep"],"special_seed":0,"relics":["Ring of the Snake","NeowsBlessing","Chemical X","Bag of Preparation","Bottled Flame","Nunchaku","Orrery","Sling"],"potions_floor_usage":[24,24],"damage_taken":[{"damage":0.0,"enemies":"2 Louse","floor":1.0,"turns":1.0},{"damage":0.0,"enemies":"Small Slimes","floor":4.0,"turns":1.0},{"damage":0.0,"enemies":"Lagavulin","floor":6.0,"turns":1.0},{"damage":2.0,"enemies":"Jaw Worm","floor":8.0,"turns":2.0},{"damage":4.0,"enemies":"Lots of Slimes","floor":10.0,"turns":2.0},{"damage":0.0,"enemies":"Looter","floor":11.0,"turns":1.0},{"damage":6.0,"enemies":"Gremlin Nob","floor":12.0,"turns":3.0},{"damage":0.0,"enemies":"Blue Slaver","floor":14.0,"turns":1.0},{"damage":31.0,"enemies":"Hexaghost","floor":16.0,"turns":7.0},{"damage":13.0,"enemies":"Shell Parasite","floor":18.0,"turns":5.0},{"damage":1.0,"enemies":"Chosen","floor":20.0,"turns":5.0},{"damage":28.0,"enemies":"Centurion and Healer","floor":21.0,"turns":5.0},{"damage":57,"enemies":"Gremlin Leader","floor":24,"turns":5}],"seed_played":"7486773513107379749","potions_obtained":[{"floor":8.0,"key":"Swift Potion"},{"floor":11.0,"key":"EssenceOfSteel"},{"floor":16.0,"key":"SpeedPotion"},{"floor":20.0,"key":"Dexterity Potion"}],"is_trial":false,"path_per_floor":["M","?","$","M","?","E","R","M","T","M","M","E","R","M","R","B",null,"M","?","M","M","$","R"],"character_chosen":"THE_SILENT","items_purchased":["Chemical X","Skewer","Noxious Fumes","Sling","Leg Sweep"],"campfire_rested":0,"item_purchase_floors":[3,3,22,22,22],"current_hp_per_floor":[70,70,70,70,63,63,63,61,61,57,57,51,51,51,51,20,70,57,57,56,28,28,28,0],"gold":47,"neow_bonus":"THREE_ENEMY_KILL","is_prod":false,"is_daily":false,"chose_seed":false,"campfire_upgraded":4,"win_rate":0,"timestamp":1538884712,"path_taken":["M","?","$","M","?","E","R","M","T","M","M","E","R","M","R","BOSS","M","?","M","M","$","R","E"],"build_version":"2018-10-04","purchased_purges":0,"victory":false,"max_hp_per_floor":[70,70,70,70,70,70,70,70,70,70,70,70,70,70,70,70,70,70,70,70,70,70,70,70],"card_choices":[{"not_picked":["PiercingWail","Deadly Poison"],"picked":"Dagger Spray","floor":1.0},{"not_picked":["Blade Dance","Dagger Throw"],"picked":"Noxious Fumes","floor":4.0},{"not_picked":["Grand Finale","Dagger Spray"],"picked":"Dash","floor":6.0},{"not_picked":["Endless Agony","Bane"],"picked":"Bouncing Flask","floor":8.0},{"not_picked":["Reflex","Infinite Blades","Crippling Poison"],"picked":"SKIP","floor":10.0},{"not_picked":["Distraction","Flying Knee"],"picked":"Outmaneuver","floor":11.0},{"not_picked":["Bouncing Flask","Infinite Blades"],"picked":"Escape Plan","floor":12.0},{"not_picked":["Flying Knee","Reflex"],"picked":"Backflip","floor":14.0},{"not_picked":["Die Die Die","Doppelganger"],"picked":"Corpse Explosion","floor":16.0},{"not_picked":["Setup","Finisher"],"picked":"Distraction","floor":17.0},{"not_picked":["Dagger Throw","Bane"],"picked":"Deflect","floor":17.0},{"not_picked":["Eviscerate","Flying Knee"],"picked":"Poisoned Stab","floor":17.0},{"not_picked":["Quick Slash","Flying Knee"],"picked":"Crippling Poison","floor":17.0},{"not_picked":["Slice","Deflect"],"picked":"Skewer","floor":17.0},{"not_picked":["Flying Knee+1","Dodge and Roll","Blade Dance"],"picked":"SKIP","floor":18.0},{"not_picked":["Setup","Underhanded Strike+1","Acrobatics"],"picked":"SKIP","floor":20.0},{"not_picked":["Acrobatics","Sucker Punch"],"picked":"Leg Sweep","floor":21.0}],"player_experience":308093,"relics_obtained":[{"floor":6.0,"key":"Bag of Preparation"},{"floor":9.0,"key":"Bottled Flame"},{"floor":12.0,"key":"Nunchaku"}],"event_choices":[{"event_name":"Liars Game","player_choice":"agreed","floor":2.0,"damage_taken":0.0},{"event_name":"Golden Wing","player_choice":"Card Removal","floor":5.0,"damage_taken":0.0},{"event_name":"Back to Basics","player_choice":"Simplicity","floor":19.0,"damage_taken":0.0}],"is_beta":true,"boss_relics":[{"not_picked":["Lizard Tail","Ectoplasm"],"picked":"Orrery"}],"items_purged_floors":[],"is_endless":false,"potions_floor_spawned":[8,11,16,20,21],"killed_by":"Gremlin Leader","ascension_level":4}