{"gold_per_floor":[115,135,154,170,181,212,212,212],"floor_reached":8,"playtime":633,"items_purged":[],"score":105,"play_id":"6935f5ff-788a-41e8-a96d-cf5005872c18","local_time":"20190408144735","is_ascension_mode":true,"campfire_choices":[],"neow_cost":"NONE","seed_source_timestamp":2042535600389722,"circlet_count":0,"master_deck":["AscendersBane","Strike_R","Strike_R","Strike_R","Strike_R","Strike_R","Defend_R","Defend_R","Defend_R","Defend_R","Bash","Headbutt","Clothesline","Disarm","Shockwave","Rampage"],"relics":["Burning Blood","Regal Pillow","Matryoshka"],"potions_floor_usage":[6,8],"damage_taken":[{"damage":0,"enemies":"Small Slimes","floor":1,"turns":3},{"damage":7,"enemies":"2 Louse","floor":2,"turns":5},{"damage":2,"enemies":"Jaw Worm","floor":3,"turns":6},{"damage":7,"enemies":"2 Fungi Beasts","floor":4,"turns":4},{"damage":24,"enemies":"Large Slime","floor":5,"turns":9},{"damage":41,"enemies":"3 Sentries","floor":6,"turns":11},{"damage":24,"enemies":"Gremlin Nob","floor":8,"turns":3}],"seed_played":"-1852474739028086639","potions_obtained":[{"floor":2,"key":"Energy Potion"},{"floor":4,"key":"Ancient Potion"}],"is_trial":false,"path_per_floor":["?"],"character_chosen":"IRONCLAD","items_purchased":[],"campfire_rested":0,"item_purchase_floors":[],"current_hp_per_floor":[81,80,82,81,63,28,10,0],"gold":212,"neow_bonus":"TEN_PERCENT_HP_BONUS","is_prod":false,"is_daily":false,"chose_seed":false,"campfire_upgraded":0,"win_rate":0,"timestamp":1554749255,"path_taken":["M","M","M","M","M","E","?","E"],"build_version":"2019-01-23","purchased_purges":0,"victory":false,"max_hp_per_floor":[82,82,82,82,82,82,82,82],"card_choices":[{"not_picked":["Heavy Blade","Dual Wield","Clash"],"picked":"SKIP","floor":1},{"not_picked":["Ghostly Armor","Body Slam"],"picked":"Headbutt","floor":2},{"not_picked":["Havoc","Pommel Strike"],"picked":"Clothesline","floor":3},{"not_picked":["Heavy Blade","Warcry"],"picked":"Disarm","floor":4},{"not_picked":["Sever Soul","Intimidate"],"picked":"Shockwave","floor":5},{"not_picked":["Heavy Blade","Armaments"],"picked":"Rampage","floor":6}],"player_experience":1613082,"relics_obtained":[{"floor":6,"key":"Regal Pillow"}],"event_choices":[{"damage_healed":0,"gold_gain":0,"player_choice":"Success","damage_taken":18,"relics_obtained":["Matryoshka"],"max_hp_gain":0,"max_hp_loss":0,"event_name":"Scrap Ooze","floor":7,"gold_loss":0}],"is_beta":false,"boss_relics":[],"items_purged_floors":[],"is_endless":false,"potions_floor_spawned":[2,4],"killed_by":"Gremlin Nob","ascension_level":15}