{"gold_per_floor":[109,30,41,41,57,57,92,104,104,134,146,146,180,7,7,111,111,126,126,137,33,47,82,48,48,48,79,79,92,92],"floor_reached":30,"playtime":3076,"items_purged":[],"score":317,"play_id":"4823d4cb-746f-48c5-ae6f-17da54fbd4a6","local_time":"20180829230409","is_ascension_mode":true,"campfire_choices":[{"data":"Creative AI","floor":6,"key":"SMITH"},{"data":"Self Repair","floor":12,"key":"SMITH"},{"floor":15,"key":"REST"},{"floor":25,"key":"REST"}],"neow_cost":"NONE","seed_source_timestamp":9329294527435,"circlet_count":0,"master_deck":["Strike_B","Strike_B","Strike_B","Defend_B","Defend_B","Defend_B","Defend_B","Zap","Dualcast","Defragment","Coolheaded","Self Repair+1","Cold Snap+1","Aggregate","Creative AI+1","Static Discharge","Stack","Ball Lightning+1","Glacier","Stack","Static Discharge","Redo","Sweeping Beam","Echo Form","Go for the Eyes","Capacitor","Streamline","Streamline","Coolheaded+1","Blizzard","Turbo+1","Steam"],"relics":["Cracked Core","Mummified Hand","Dead Branch","Torii","DataDisk","Busted Crown","Shuriken","Turnip","Question Card","Whetstone","MutagenicStrength"],"potions_floor_usage":[10,11,11,23,27,29],"damage_taken":[{"damage":1,"enemies":"Cultist","floor":1,"turns":3},{"damage":7,"enemies":"Small Slimes","floor":3,"turns":4},{"damage":6,"enemies":"Jaw Worm","floor":5,"turns":4},{"damage":15,"enemies":"3 Sentries","floor":7,"turns":15},{"damage":25,"enemies":"Exordium Wildlife","floor":8,"turns":6},{"damage":18,"enemies":"Lagavulin","floor":10,"turns":7},{"damage":0,"enemies":"Large Slime","floor":11,"turns":3},{"damage":11,"enemies":"3 Sentries","floor":13,"turns":6},{"damage":35,"enemies":"Hexaghost","floor":16,"turns":6},{"damage":1,"enemies":"Spheric Guardian","floor":18,"turns":3},{"damage":9,"enemies":"Shell Parasite","floor":20,"turns":8},{"damage":20,"enemies":"Centurion and Healer","floor":22,"turns":7},{"damage":32,"enemies":"Gremlin Leader","floor":23,"turns":8},{"damage":59,"enemies":"Slavers","floor":27,"turns":5},{"damage":8,"enemies":"Cultist and Chosen","floor":29,"turns":6},{"damage":24,"enemies":"Snake Plant","floor":30,"turns":2}],"seed_played":"8156371913593685409","potions_obtained":[{"floor":5,"key":"Fire Potion"},{"floor":8,"key":"Weak Potion"},{"floor":10,"key":"Regen Potion"},{"floor":16,"key":"Strength Potion"},{"floor":18,"key":"SkillPotion"},{"floor":27,"key":"GamblersBrew"}],"is_trial":false,"path_per_floor":["M","$","M","?","M","R","E","M","T","E","M","R","E","$","R","B",null,"M","?","M","$","M","E","$","R","T","E","?","M"],"character_chosen":"DEFECT","items_purchased":["Self Repair","Static Discharge","Redo","Sweeping Beam","Capacitor","Streamline","Blizzard"],"campfire_rested":2,"item_purchase_floors":[2,14,14,14,21,21,24],"current_hp_per_floor":[74,74,74,74,75,75,67,49,49,38,54,54,53,53,75,40,75,75,75,75,75,65,43,43,65,65,16,16,18,0],"gold":92,"neow_bonus":"THREE_CARDS","is_prod":false,"is_daily":false,"chose_seed":false,"campfire_upgraded":2,"win_rate":0,"timestamp":1535605449,"path_taken":["M","?","?","?","?","R","E","M","T","E","?","R","E","?","R","BOSS","M","?","?","?","M","E","$","R","T","E","?","M","M"],"build_version":"2018-08-23v2","purchased_purges":0,"victory":false,"max_hp_per_floor":[75,75,75,75,75,75,75,75,75,75,75,75,75,75,75,75,75,75,75,75,75,75,75,75,75,75,75,75,75,75],"card_choices":[{"not_picked":["Consume","Doom and Gloom"],"picked":"Defragment","floor":0},{"not_picked":["Redo","Stack"],"picked":"Coolheaded","floor":1},{"not_picked":["Streamline","Leap"],"picked":"Cold Snap","floor":3},{"not_picked":["Go for the Eyes","Conserve Battery"],"picked":"Creative AI","floor":5},{"not_picked":["Ball Lightning","BootSequence"],"picked":"Static Discharge","floor":7},{"not_picked":["Hologram","Sweeping Beam"],"picked":"Stack","floor":8},{"not_picked":["Leap","Go for the Eyes"],"picked":"Ball Lightning","floor":10},{"not_picked":["Coolheaded","Conserve Battery"],"picked":"Glacier","floor":11},{"not_picked":["Sweeping Beam","Hyperbeam"],"picked":"Stack","floor":13},{"not_picked":["Meteor Strike","Seek"],"picked":"Echo Form","floor":16},{"not_picked":["Steam Power+1"],"picked":"SKIP","floor":18},{"not_picked":[],"picked":"Go for the Eyes","floor":20},{"not_picked":[],"picked":"Streamline","floor":22},{"not_picked":[],"picked":"Coolheaded+1","floor":23},{"not_picked":["Gash"],"picked":"Turbo+1","floor":27},{"not_picked":["Ball Lightning"],"picked":"Steam","floor":29}],"player_experience":418800,"relics_obtained":[{"floor":7,"key":"Mummified Hand"},{"floor":9,"key":"Dead Branch"},{"floor":10,"key":"Torii"},{"floor":13,"key":"DataDisk"},{"floor":23,"key":"Turnip"},{"floor":26,"key":"Question Card"},{"floor":27,"key":"Whetstone"}],"event_choices":[{"event_name":"Transmorgrifier","player_choice":"Transform","floor":4,"damage_taken":0},{"event_name":"Accursed Blacksmith","player_choice":"Rummage","floor":19,"damage_taken":0},{"event_name":"Drug Dealer","player_choice":"Inject Mutagens","floor":28,"damage_taken":0}],"is_beta":false,"boss_relics":[{"not_picked":["Philosopher\u0027s Stone","Calling Bell"],"picked":"Busted Crown"}],"items_purged_floors":[],"is_endless":false,"potions_floor_spawned":[5,8,10,16,18,27],"killed_by":"Snake Plant","ascension_level":2}