{"gold_per_floor":[117,136,50,67,67,67,67,87,114,144,170,186,235,254,254,254],"floor_reached":16,"playtime":557,"items_purged":[],"score":163,"play_id":"f974c1e9-2fb7-4d1d-9f43-efee341fed62","local_time":"20181211120607","is_ascension_mode":true,"campfire_choices":[{"data":"Searing Blow","floor":6,"key":"SMITH"},{"floor":15,"key":"REST"}],"neow_cost":"NONE","seed_source_timestamp":5086908584367,"circlet_count":0,"master_deck":["AscendersBane","Strike_R","Strike_R+1","Strike_R","Strike_R","Defend_R","Defend_R+1","Defend_R","Defend_R","Bash","Searing Blow+1","Enlightenment","Flex","Headbutt","Shrug It Off","Pommel Strike","Shrug It Off"],"relics":["Burning Blood","NeowsBlessing","Juzu Bracelet","Odd Mushroom","Omamori"],"potions_floor_usage":[10,11],"damage_taken":[{"damage":0,"enemies":"Cultist","floor":1,"turns":1},{"damage":0,"enemies":"Small Slimes","floor":2,"turns":1},{"damage":0,"enemies":"Jaw Worm","floor":4,"turns":1},{"damage":8,"enemies":"2 Fungi Beasts","floor":8,"turns":3},{"damage":13,"enemies":"Gremlin Nob","floor":10,"turns":4},{"damage":25,"enemies":"The Mushroom Lair","floor":11,"turns":6},{"damage":15,"enemies":"Red Slaver","floor":12,"turns":3},{"damage":8,"enemies":"Blue Slaver","floor":14,"turns":4},{"damage":56,"enemies":"Slime Boss","floor":16,"turns":9}],"seed_played":"-1876533158402089374","potions_obtained":[{"floor":1,"key":"EssenceOfSteel"},{"floor":4,"key":"Block Potion"},{"floor":10,"key":"Strength Potion"}],"is_trial":false,"path_per_floor":["M","M","$","M","?","R","?","M","T","E","?","M","T","M","R","B"],"character_chosen":"IRONCLAD","items_purchased":["Enlightenment"],"campfire_rested":1,"item_purchase_floors":[3],"current_hp_per_floor":[78,80,80,80,64,64,64,62,62,55,36,27,27,25,49,0],"gold":254,"neow_bonus":"THREE_ENEMY_KILL","is_prod":false,"is_daily":false,"chose_seed":false,"campfire_upgraded":1,"win_rate":0,"timestamp":1544555167,"path_taken":["M","?","?","M","?","R","?","M","T","E","?","M","?","M","R","BOSS"],"build_version":"2018-12-06","purchased_purges":0,"victory":false,"max_hp_per_floor":[80,80,80,80,80,80,80,80,80,80,80,80,80,80,80,80],"card_choices":[{"not_picked":["Armaments","Intimidate"],"picked":"Searing Blow","floor":1},{"not_picked":["Clash","Sever Soul","Cleave"],"picked":"SKIP","floor":2},{"not_picked":["Twin Strike","Sentinel"],"picked":"Flex","floor":4},{"not_picked":["Iron Wave","Clothesline","Headbutt"],"picked":"SKIP","floor":8},{"not_picked":["Iron Wave","Clothesline"],"picked":"Headbutt","floor":8},{"not_picked":["Thunderclap","Shockwave","Rage"],"picked":"SKIP","floor":10},{"not_picked":["Ghostly Armor","Sword Boomerang"],"picked":"Shrug It Off","floor":11},{"not_picked":["Sever Soul","Corruption"],"picked":"Pommel Strike","floor":12},{"not_picked":["Corruption","Warcry"],"picked":"Shrug It Off","floor":14}],"player_experience":1142010,"relics_obtained":[{"floor":10,"key":"Juzu Bracelet"},{"floor":11,"key":"Odd Mushroom"},{"floor":13,"key":"Omamori"}],"event_choices":[{"damage_healed":0,"gold_gain":0,"player_choice":"Entered Light","damage_taken":16,"max_hp_gain":0,"max_hp_loss":0,"event_name":"Shining Light","floor":5,"gold_loss":0,"cards_upgraded":["Strike_R","Defend_R"]},{"cards_removed":["Strike_R"],"damage_healed":0,"gold_gain":0,"player_choice":"Offered Basic","damage_taken":0,"max_hp_gain":0,"max_hp_loss":0,"event_name":"Bonfire Elementals","floor":7,"gold_loss":0},{"damage_healed":0,"gold_gain":0,"player_choice":"Fought Mushrooms","damage_taken":0,"max_hp_gain":0,"max_hp_loss":0,"event_name":"Mushrooms","floor":11,"gold_loss":0}],"is_beta":false,"boss_relics":[],"items_purged_floors":[],"is_endless":false,"potions_floor_spawned":[1,4,10],"killed_by":"Slime Boss","ascension_level":12}