{"gold_per_floor":[112,122,47,63,63,95,95,113,113,113,133,158,158,47,47,120,120,138,38,53,67,79,79,110,110,110,126,126,139,164,175,175,252,252,269,282,282,295,312,312,341,341,341,357,357,9,9],"floor_reached":47,"playtime":3650,"items_purged":["Strike_R","Strike_R","Strike_R+1"],"score":935,"play_id":"f3c7e36b-cfa6-4e7e-86f0-e68e75be477f","local_time":"20190407185358","is_ascension_mode":true,"campfire_choices":[{"data":"Bash","floor":7.0,"key":"SMITH"},{"data":"True Grit","floor":10.0,"key":"SMITH"},{"data":"Metallicize","floor":13.0,"key":"SMITH"},{"data":"Evolve","floor":15.0,"key":"SMITH"},{"data":"True Grit","floor":23.0,"key":"SMITH"},{"data":"Feel No Pain","floor":25.0,"key":"SMITH"},{"floor":28.0,"key":"REST"},{"data":"Feel No Pain","floor":32.0,"key":"SMITH"},{"floor":40,"key":"RECALL"},{"floor":42,"key":"REST"}],"neow_cost":"NONE","seed_source_timestamp":0,"circlet_count":0,"master_deck":["AscendersBane","Defend_R","Defend_R","Defend_R","Defend_R","Bash+1","Reckless Charge","Reckless Charge","Metallicize+1","Feel No Pain+1","Reaper+1","True Grit+1","Reckless Charge","Evolve+1","Offering","Inflame","True Grit+1","Pummel","Ghostly Armor","Feel No Pain+1","Barricade","Disarm","Rampage+1","Dual Wield","Body Slam","Flash of Steel","Purity"],"special_seed":0,"relics":["Burning Blood","Anchor","Gremlin Horn","Strawberry","Meat on the Bone","Pen Nib","Empty Cage","Centennial Puzzle","Paper Frog","Smiling Mask","Fusion Hammer","Whetstone","Shovel"],"potions_floor_usage":[47],"damage_taken":[{"damage":1.0,"enemies":"Cultist","floor":1.0,"turns":4.0},{"damage":2.0,"enemies":"Small Slimes","floor":2.0,"turns":3.0},{"damage":0.0,"enemies":"2 Louse","floor":4.0,"turns":2.0},{"damage":12.0,"enemies":"3 Sentries","floor":6.0,"turns":13.0},{"damage":7.0,"enemies":"2 Fungi Beasts","floor":8.0,"turns":3.0},{"damage":4.0,"enemies":"3 Louse","floor":11.0,"turns":5.0},{"damage":43.0,"enemies":"Gremlin Nob","floor":12.0,"turns":6.0},{"damage":21.0,"enemies":"Slime Boss","floor":16.0,"turns":11.0},{"damage":6.0,"enemies":"Shell Parasite","floor":18.0,"turns":5.0},{"damage":19.0,"enemies":"Spheric Guardian","floor":20.0,"turns":5.0},{"damage":21.0,"enemies":"Chosen and Byrds","floor":21.0,"turns":7.0},{"damage":38.0,"enemies":"Snake Plant","floor":22.0,"turns":5.0},{"damage":36.0,"enemies":"Slavers","floor":24.0,"turns":11.0},{"damage":44.0,"enemies":"Snecko","floor":27.0,"turns":9.0},{"damage":21.0,"enemies":"Centurion and Healer","floor":29.0,"turns":7.0},{"damage":46.0,"enemies":"Gremlin Leader","floor":30.0,"turns":5.0},{"damage":34.0,"enemies":"3 Cultists","floor":31.0,"turns":6.0},{"damage":30.0,"enemies":"Champ","floor":33.0,"turns":9.0},{"damage":32,"enemies":"3 Darklings","floor":35,"turns":8},{"damage":11,"enemies":"3 Shapes","floor":36,"turns":7},{"damage":6,"enemies":"Spire Growth","floor":38,"turns":9},{"damage":30,"enemies":"Maw","floor":39,"turns":14},{"damage":6,"enemies":"Giant Head","floor":41,"turns":8},{"damage":68,"enemies":"Jaw Worm Horde","floor":44,"turns":9},{"damage":55,"enemies":"Nemesis","floor":47,"turns":5}],"seed_played":"287350801101982089","potions_obtained":[{"floor":6.0,"key":"FearPotion"},{"floor":12.0,"key":"SkillPotion"},{"floor":30.0,"key":"Weak Potion"}],"is_trial":false,"path_per_floor":["M","?","$","M","?","?"],"character_chosen":"IRONCLAD","items_purchased":["Metallicize","Evolve","Shovel"],"campfire_rested":2,"item_purchase_floors":[3,14,46],"current_hp_per_floor":[73,75,75,75,75,76,76,75,75,75,82,58,58,58,58,58,76,80,80,73,67,53,53,54,54,54,34,58,76,50,46,46,49,74,72,77,77,82,79,79,82,82,82,53,43,43,0],"gold":9,"neow_bonus":"RANDOM_COMMON_RELIC","is_prod":false,"is_daily":false,"chose_seed":false,"campfire_upgraded":7,"win_rate":0,"timestamp":1554677638,"path_taken":["M","?","$","M","?","E","R","M","T","R","M","E","R","?","R","BOSS","M","$","M","M","?","R","E","R","T","M","R","M","E","M","R","BOSS","M","M","?","M","M","R","E","R","T","M","?","$","E"],"build_version":"2019-01-23","purchased_purges":3,"victory":false,"max_hp_per_floor":[75,75,75,75,75,82,82,82,82,82,82,82,82,82,82,82,82,82,82,82,82,82,82,82,82,82,82,82,82,82,82,82,82,82,82,82,82,82,82,82,82,82,82,82,82,82,82],"card_choices":[{"not_picked":["True Grit","Dual Wield"],"picked":"Reckless Charge","floor":1.0},{"not_picked":["Iron Wave","Fire Breathing"],"picked":"Reckless Charge","floor":2.0},{"not_picked":["Perfected Strike","Sword Boomerang"],"picked":"Feel No Pain","floor":4.0},{"not_picked":["Pommel Strike","Perfected Strike"],"picked":"Reaper","floor":6.0},{"not_picked":["Iron Wave","Heavy Blade"],"picked":"True Grit","floor":8.0},{"not_picked":["Sever Soul","Body Slam","Iron Wave"],"picked":"SKIP","floor":11.0},{"not_picked":["Headbutt","Fire Breathing"],"picked":"Reckless Charge","floor":12.0},{"not_picked":["Double Tap","Demon Form"],"picked":"Offering","floor":16.0},{"not_picked":["Second Wind","Cleave"],"picked":"Inflame","floor":18.0},{"not_picked":["Hemokinesis+1","Thunderclap","Heavy Blade"],"picked":"SKIP","floor":20.0},{"not_picked":["Armaments","Shrug It Off","Headbutt"],"picked":"SKIP","floor":21.0},{"not_picked":["Whirlwind","Headbutt+1"],"picked":"True Grit","floor":22.0},{"not_picked":["Heavy Blade","Sword Boomerang","Twin Strike"],"picked":"SKIP","floor":24.0},{"not_picked":["Uppercut","Carnage"],"picked":"Pummel","floor":27.0},{"not_picked":["Body Slam","Sentinel","Clash"],"picked":"SKIP","floor":29.0},{"not_picked":["Armaments","Heavy Blade"],"picked":"Ghostly Armor","floor":30.0},{"not_picked":["Corruption","Rage+1"],"picked":"Feel No Pain","floor":31.0},{"not_picked":["Impervious","Double Tap"],"picked":"Barricade","floor":33.0},{"not_picked":["Sever Soul+1","Clothesline"],"picked":"Disarm","floor":35},{"not_picked":["Twin Strike","Clothesline","Fire Breathing"],"picked":"SKIP","floor":36},{"not_picked":["Whirlwind+1","Perfected Strike"],"picked":"Rampage+1","floor":38},{"not_picked":["Hemokinesis","Twin Strike+1","Wild Strike+1"],"picked":"SKIP","floor":39},{"not_picked":["Twin Strike","Dropkick"],"picked":"Dual Wield","floor":41},{"not_picked":["Sever Soul","Uppercut"],"picked":"Body Slam","floor":44},{"not_picked":["Thinking Ahead","Mind Blast"],"picked":"Flash of Steel","floor":45},{"not_picked":["Apotheosis","Enlightenment"],"picked":"Purity","floor":45}],"player_experience":1595987,"relics_obtained":[{"floor":5.0,"key":"Gremlin Horn"},{"floor":6.0,"key":"Strawberry"},{"floor":9.0,"key":"Meat on the Bone"},{"floor":12.0,"key":"Pen Nib"},{"floor":24.0,"key":"Centennial Puzzle"},{"floor":26.0,"key":"Paper Frog"},{"floor":30.0,"key":"Smiling Mask"},{"floor":41,"key":"Whetstone"}],"event_choices":[{"damage_healed":0.0,"max_hp_gain":0.0,"max_hp_loss":0.0,"gold_gain":0.0,"event_name":"Wheel of Change","player_choice":"Relic","floor":5.0,"gold_loss":0.0,"damage_taken":0.0},{"damage_healed":0,"gold_gain":0,"player_choice":"Ignored","damage_taken":0,"max_hp_gain":0,"max_hp_loss":0,"event_name":"Tomb of Lord Red Mask","floor":37,"gold_loss":0},{"damage_healed":0,"gold_gain":0,"player_choice":"Memory 3","damage_taken":10,"max_hp_gain":0,"max_hp_loss":0,"event_name":"SensoryStone","floor":45,"gold_loss":0}],"is_beta":false,"boss_relics":[{"not_picked":["Philosopher\u0027s Stone","Tiny House"],"picked":"Empty Cage"},{"not_picked":["White Beast Statue","Velvet Choker"],"picked":"Fusion Hammer"}],"items_purged_floors":[14,19,46],"is_endless":false,"potions_floor_spawned":[6,12,16,18,22,30,33,39,41],"killed_by":"Nemesis","ascension_level":15}