{"gold_per_floor":[119,134,152,152,152,180,180,200,200,200,1,33,33,62,62,163,163,183,214,313,313,228,228,262,262,262,280,296,296,19,33,33,131,181,199,199,199,209,226,253,253,288,288,301,327,48,64,64,64,64],"floor_reached":51,"playtime":2637,"items_purged":[],"score":1119,"play_id":"1be9b9c4-1d75-464d-a9b7-eefd9615196b","local_time":"20181014001044","is_ascension_mode":true,"campfire_choices":[{"data":"Cloak And Dagger","floor":7,"key":"SMITH"},{"data":"Skewer","floor":10,"key":"SMITH"},{"data":"Accuracy","floor":13,"key":"SMITH"},{"data":"Neutralize","floor":15,"key":"SMITH"},{"data":"Terror","floor":23,"key":"SMITH"},{"data":"Malaise","floor":25,"key":"SMITH"},{"data":"Acrobatics","floor":29,"key":"SMITH"},{"data":"Acrobatics","floor":32,"key":"SMITH"},{"data":"Limit Break","floor":41,"key":"SMITH"},{"data":"Madness","floor":49,"key":"SMITH"}],"neow_cost":"","seed_source_timestamp":20127757481649,"circlet_count":0,"master_deck":["Defend_G","Defend_G","Defend_G","Defend_G","Survivor+1","Neutralize+1","Cloak And Dagger+1","Skewer+1","Accuracy+1","Acrobatics+1","Acrobatics+1","Backstab","Quick Slash+1","Malaise+1","Setup+1","Terror+1","Bite","Bite","Bite+1","Bite","Bite","Footwork","Quick Slash","Footwork","Blade Dance+1","Limit Break+1","Feel No Pain","Madness+1","Madness","Warcry","Quick Slash+1","Hologram+1","Warcry+1","Flex+1","Havoc+1","Turbo+1","Cloak And Dagger+1","Apotheosis+1","Flex+1"],"relics":["Ring of the Snake","Shuriken","Dead Branch","WingedGreaves","Ornamental Fan","Odd Mushroom","Runic Dome","Red Mask","Strawberry","Whetstone","Kunai","PrismaticShard","Tiny House","StoneCalendar","Paper Crane","Toxic Egg 2","Dodecahedron","Tingsha"],"potions_floor_usage":[6,12,14,16,28,40,42],"damage_taken":[{"damage":0,"enemies":"2 Louse","floor":1,"turns":4},{"damage":8,"enemies":"Small Slimes","floor":2,"turns":5},{"damage":10,"enemies":"Jaw Worm","floor":3,"turns":4},{"damage":13,"enemies":"3 Sentries","floor":6,"turns":7},{"damage":10,"enemies":"Exordium Wildlife","floor":8,"turns":4},{"damage":6,"enemies":"Gremlin Nob","floor":12,"turns":3},{"damage":0,"enemies":"The Mushroom Lair","floor":14,"turns":2},{"damage":40,"enemies":"The Guardian","floor":16,"turns":9},{"damage":1,"enemies":"Shell Parasite","floor":18,"turns":6},{"damage":17,"enemies":"Masked Bandits","floor":19,"turns":5},{"damage":15,"enemies":"Book of Stabbing","floor":24,"turns":5},{"damage":0,"enemies":"3 Byrds","floor":27,"turns":3},{"damage":0,"enemies":"Snake Plant","floor":28,"turns":3},{"damage":0,"enemies":"3 Cultists","floor":31,"turns":5},{"damage":25,"enemies":"Champ","floor":33,"turns":10},{"damage":1,"enemies":"Orb Walker","floor":35,"turns":3},{"damage":6,"enemies":"Mind Bloom Boss Battle","floor":37,"turns":7},{"damage":5,"enemies":"3 Shapes","floor":38,"turns":5},{"damage":18,"enemies":"Sphere and 2 Shapes","floor":39,"turns":5},{"damage":29,"enemies":"Nemesis","floor":40,"turns":5},{"damage":0,"enemies":"Giant Head","floor":42,"turns":4},{"damage":0,"enemies":"Transient","floor":44,"turns":5},{"damage":4,"enemies":"Nemesis","floor":45,"turns":5},{"damage":0,"enemies":"Spire Growth","floor":47,"turns":4},{"damage":11,"enemies":"Time Eater","floor":50,"turns":10}],"seed_played":"1446073602935956727","potions_obtained":[{"floor":2,"key":"GhostInAJar"},{"floor":12,"key":"Fruit Juice"},{"floor":14,"key":"EssenceOfSteel"},{"floor":16,"key":"Energy Potion"},{"floor":19,"key":"GhostInAJar"},{"floor":24,"key":"Explosive Potion"},{"floor":28,"key":"FearPotion"},{"floor":34,"key":"PowerPotion"},{"floor":38,"key":"Energy Potion"},{"floor":40,"key":"Fire Potion"},{"floor":45,"key":"Fire Potion"}],"is_trial":false,"path_per_floor":["M","M","M","?","?","E","R","M","T","R","$","E","R","?","R","B",null,"M","?","?","?","?","R","E","R","T","M","M","R","$","M","R","B",null,"M","?","?","M","M","E","R","E","T","M","E","$","M","?","R","B"],"character_chosen":"THE_SILENT","items_purchased":["Blood Vial","Explosive Potion","PrismaticShard","Footwork","Cloak And Dagger+1","Apotheosis+1","SkillPotion"],"campfire_rested":0,"item_purchase_floors":[11,11,30,30,46,46,46],"current_hp_per_floor":[63,55,45,38,61,48,48,38,38,38,38,39,39,41,41,3,57,58,43,43,43,50,50,37,37,37,44,49,49,49,56,56,49,79,83,72,82,82,71,48,48,51,51,64,60,60,63,63,63,66],"gold":64,"neow_bonus":"","is_prod":false,"is_daily":false,"chose_seed":false,"campfire_upgraded":10,"win_rate":0,"timestamp":1539490244,"path_taken":["M","M","M","?","?","E","R","M","T","R","$","E","R","?","R","BOSS","M","?","?","?","?","R","E","R","T","M","?","R","?","?","R","BOSS","M","?","?","M","M","E","R","E","T","M","E","?","M","?","R","BOSS"],"build_version":"2018-10-11","purchased_purges":0,"victory":true,"max_hp_per_floor":[70,70,70,70,70,70,70,70,70,70,70,75,75,75,75,75,75,75,75,75,75,82,82,82,82,82,82,82,82,82,82,82,82,87,87,87,87,87,87,87,87,87,87,87,87,87,87,87,87,87],"card_choices":[{"not_picked":["Slice","Outmaneuver"],"picked":"Cloak And Dagger","floor":1},{"not_picked":["Backflip","Flechettes"],"picked":"Skewer","floor":2},{"not_picked":["Poisoned Stab","Bullet Time"],"picked":"Accuracy","floor":3},{"not_picked":["Bane","Deflect"],"picked":"Acrobatics","floor":6},{"not_picked":["Eviscerate","Wraith Form v2"],"picked":"Acrobatics","floor":8},{"not_picked":["Dagger Spray","Corpse Explosion"],"picked":"Backstab","floor":12},{"not_picked":["Setup","Acrobatics"],"picked":"Quick Slash","floor":14},{"not_picked":["Bullet Time","Night Terror"],"picked":"Malaise","floor":16},{"not_picked":["Flechettes","Outmaneuver"],"picked":"Setup+1","floor":18},{"not_picked":["Prepared","Bouncing Flask"],"picked":"Terror","floor":19},{"not_picked":["Eviscerate","Leg Sweep"],"picked":"Footwork","floor":24},{"not_picked":["Setup+1","Prepared","Poisoned Stab"],"picked":"SKIP","floor":27},{"not_picked":["Sucker Punch","Flying Knee"],"picked":"Quick Slash","floor":28},{"not_picked":["Backflip","Cold Snap"],"picked":"Blade Dance+1","floor":31},{"not_picked":["Sadistic Nature","Machine Learning"],"picked":"Limit Break","floor":33},{"not_picked":["Havoc","Defragment+1"],"picked":"Feel No Pain","floor":34},{"not_picked":["Reckless Charge","Heatsinks","Shockwave"],"picked":"SKIP","floor":35},{"not_picked":["Cold Snap+1","Bane"],"picked":"Warcry","floor":37},{"not_picked":["Cold Snap+1","Bullet Time"],"picked":"Quick Slash+1","floor":38},{"not_picked":["Blood for Blood+1","Concentrate+1"],"picked":"Hologram+1","floor":39},{"not_picked":["Barrage+1","Acrobatics+1"],"picked":"Warcry+1","floor":40},{"not_picked":["Rupture","Hemokinesis"],"picked":"Flex+1","floor":42},{"not_picked":["Barrage","Scrape+1"],"picked":"Havoc+1","floor":44},{"not_picked":["Shrug It Off+1","Tactician+1"],"picked":"Turbo+1","floor":45},{"not_picked":["Dagger Throw+1","Carnage"],"picked":"Flex+1","floor":47}],"player_experience":331569,"relics_obtained":[{"floor":6,"key":"Dead Branch"},{"floor":9,"key":"WingedGreaves"},{"floor":12,"key":"Ornamental Fan"},{"floor":14,"key":"Odd Mushroom"},{"floor":19,"key":"Red Mask"},{"floor":24,"key":"Whetstone"},{"floor":26,"key":"Kunai"},{"floor":37,"key":"StoneCalendar"},{"floor":40,"key":"Paper Crane"},{"floor":42,"key":"Toxic Egg 2"},{"floor":43,"key":"Dodecahedron"},{"floor":45,"key":"Tingsha"}],"event_choices":[{"event_name":"Scrap Ooze","player_choice":"success","floor":4,"damage_taken":7},{"event_name":"Big Fish","player_choice":"Banana","floor":5,"damage_taken":0},{"event_name":"Mushrooms","player_choice":"Fought Mushrooms","floor":14,"damage_taken":0},{"event_name":"Masked Bandits","player_choice":"Fought Bandits","floor":19,"damage_taken":0},{"event_name":"Nest","player_choice":"Stole From Cult","floor":20,"damage_taken":0},{"event_name":"Vampires","player_choice":"Became a vampire (Vial)","floor":21,"damage_taken":0},{"event_name":"Addict","player_choice":"Obtained Relic","floor":22,"damage_taken":0},{"event_name":"Winding Halls","player_choice":"Embrace Madness","floor":36,"damage_taken":0},{"event_name":"MindBloom","player_choice":"Fight","floor":37,"damage_taken":0},{"event_name":"Falling","player_choice":"Removed Skill","floor":48,"damage_taken":0}],"is_beta":true,"boss_relics":[{"not_picked":["Runic Pyramid","Lizard Tail"],"picked":"Runic Dome"},{"not_picked":["Astrolabe","Busted Crown"],"picked":"Tiny House"}],"items_purged_floors":[],"is_endless":false,"potions_floor_spawned":[2,12,14,16,19,24,27,28,38,39,40,45],"ascension_level":7}