{"gold_per_floor":[111,111,121,46,62,95,170,185,264,264,276,288,288,288,288,387,387,407,420,420,23,23,50,50,50,350,364,364,384,8,25,25,25],"floor_reached":33,"playtime":1811,"items_purged":["Strike_B","Writhe","Recycle"],"score":292,"play_id":"d6c2cb06-ca3e-4fb7-beeb-bc0eaadc9d55","local_time":"20190212175422","is_ascension_mode":false,"campfire_choices":[{"floor":13,"key":"REST"},{"data":"Go for the Eyes","floor":15,"key":"SMITH"},{"floor":24,"key":"REST"},{"floor":28,"key":"REST"},{"floor":32,"key":"REST"}],"neow_cost":"NONE","seed_source_timestamp":450219180750725,"circlet_count":0,"master_deck":["Defend_B","Defend_B","Defend_B","Zap","Dualcast","Conserve Battery","Go for the Eyes+1","Streamline","Conserve Battery","Defend_R","Gash","Beam Cell","Gash","Beam Cell","Bite","Bite","Bite","Bite","Bite","Gash","Sunder","Self Repair","Storm+1"],"relics":["Cracked Core","NeowsBlessing","Pocketwatch","Pantograph","Lizard Tail","Oddly Smooth Stone","Thread and Needle","Bottled Flame","Old Coin","Membership Card","Omamori"],"potions_floor_usage":[23,33],"damage_taken":[{"damage":0,"enemies":"Small Slimes","floor":1,"turns":1},{"damage":0,"enemies":"Cultist","floor":3,"turns":1},{"damage":0,"enemies":"2 Louse","floor":5,"turns":1},{"damage":47,"enemies":"3 Sentries","floor":6,"turns":9},{"damage":8,"enemies":"Lots of Slimes","floor":8,"turns":4},{"damage":1,"enemies":"3 Louse","floor":11,"turns":3},{"damage":0,"enemies":"2 Fungi Beasts","floor":12,"turns":3},{"damage":35,"enemies":"The Guardian","floor":16,"turns":11},{"damage":24,"enemies":"2 Thieves","floor":18,"turns":5},{"damage":0,"enemies":"Chosen","floor":19,"turns":4},{"damage":64,"enemies":"Gremlin Leader","floor":23,"turns":12},{"damage":35,"enemies":"Shelled Parasite and Fungi","floor":27,"turns":9},{"damage":19,"enemies":"Centurion and Healer","floor":29,"turns":7},{"damage":15,"enemies":"Chosen and Byrds","floor":31,"turns":6},{"damage":140,"enemies":"Champ","floor":33,"turns":14}],"seed_played":"8699564701544299066","potions_obtained":[{"floor":5,"key":"LiquidBronze"},{"floor":11,"key":"Regen Potion"},{"floor":19,"key":"SteroidPotion"},{"floor":31,"key":"FearPotion"}],"is_trial":false,"path_per_floor":["?","M","?","?","M","?","?","?","?","M","$"],"character_chosen":"DEFECT","items_purchased":["Thread and Needle","Membership Card","Self Repair","Omamori"],"campfire_rested":4,"item_purchase_floors":[21,30,30,30],"current_hp_per_floor":[75,75,75,75,75,28,17,9,9,9,8,8,30,55,55,40,75,51,51,51,51,51,2,24,24,24,11,26,21,21,27,42,0],"gold":25,"neow_bonus":"THREE_ENEMY_KILL","is_prod":false,"is_daily":false,"chose_seed":false,"campfire_upgraded":1,"win_rate":0,"timestamp":1550012062,"path_taken":["M","?","M","$","?","E","?","M","T","?","M","?","R","?","R","BOSS","M","M","?","$","?","E","R","?","T","M","R","?","?","M","R","BOSS"],"build_version":"2019-01-23","purchased_purges":3,"victory":false,"max_hp_per_floor":[75,75,75,75,75,75,75,75,75,75,75,75,75,75,75,75,75,75,75,75,75,75,75,75,52,52,52,52,52,52,52,52,52],"card_choices":[{"not_picked":["Leap","Redo"],"picked":"Conserve Battery","floor":1},{"not_picked":["Gash","Streamline"],"picked":"Ball Lightning","floor":3},{"not_picked":["Rebound","Doom and Gloom"],"picked":"Go for the Eyes","floor":5},{"not_picked":["Cold Snap","Sweeping Beam"],"picked":"Streamline","floor":6},{"not_picked":["Cold Snap","Scrape"],"picked":"Conserve Battery","floor":8},{"not_picked":["Streamline","Cold Snap"],"picked":"Gash","floor":11},{"not_picked":["Tempest","Glacier","Blizzard"],"picked":"SKIP","floor":12},{"not_picked":["Undo","Coolheaded"],"picked":"Beam Cell","floor":18},{"not_picked":["Leap","Scrape","Recycle"],"picked":"SKIP","floor":19},{"not_picked":["Reinforced Body","Meteor Strike"],"picked":"Beam Cell","floor":23},{"not_picked":["Aggregate","Scrape"],"picked":"Gash","floor":27},{"not_picked":["Go for the Eyes+1","Steam"],"picked":"Sunder","floor":29},{"not_picked":["Stack","Redo+1"],"picked":"Storm+1","floor":31}],"player_experience":453476,"relics_obtained":[{"floor":6,"key":"Pocketwatch"},{"floor":9,"key":"Pantograph"},{"floor":23,"key":"Bottled Flame"},{"floor":26,"key":"Old Coin"}],"event_choices":[{"damage_healed":0,"gold_gain":0,"cards_transformed":["Defend_B"],"player_choice":"Transformed","damage_taken":0,"max_hp_gain":0,"max_hp_loss":0,"event_name":"Transmorgrifier","floor":2,"gold_loss":0,"cards_obtained":["Recycle"]},{"damage_healed":0,"gold_gain":75,"player_choice":"Gather Gold","damage_taken":11,"max_hp_gain":0,"max_hp_loss":0,"event_name":"World of Goop","floor":7,"gold_loss":0},{"cards_removed":["Ball Lightning"],"damage_healed":0,"gold_gain":0,"player_choice":"Took Card","damage_taken":0,"max_hp_gain":0,"max_hp_loss":0,"event_name":"NoteForYourself","floor":10,"gold_loss":0,"cards_obtained":["Defend_R"]},{"damage_healed":25,"gold_gain":0,"player_choice":"Banana","damage_taken":0,"max_hp_gain":0,"max_hp_loss":0,"event_name":"Big Fish","floor":14,"gold_loss":0},{"damage_healed":0,"gold_gain":0,"player_choice":"Opened","damage_taken":0,"relics_obtained":["Oddly Smooth Stone"],"max_hp_gain":0,"max_hp_loss":0,"event_name":"The Mausoleum","floor":20,"gold_loss":0,"cards_obtained":["Writhe"]},{"damage_healed":0,"gold_gain":0,"player_choice":"Read","damage_taken":0,"max_hp_gain":0,"max_hp_loss":0,"event_name":"The Library","floor":22,"gold_loss":0,"cards_obtained":["Gash"]},{"damage_healed":0,"gold_gain":0,"player_choice":"Became a vampire","damage_taken":0,"max_hp_gain":0,"max_hp_loss":23,"event_name":"Vampires","floor":25,"gold_loss":0,"cards_obtained":["Bite","Bite","Bite","Bite","Bite"]}],"is_beta":false,"boss_relics":[{"not_picked":["Tiny House","Runic Dome"],"picked":"Lizard Tail"}],"items_purged_floors":[4,21,30],"is_endless":false,"potions_floor_spawned":[5,11,19,31],"killed_by":"Champ","ascension_level":0}