{"gold_per_floor":[362,376,60,10,27,61,61,95,169,195,195,215,243,318,318,390,390,410,18,37,54,54,83,83,108,108,33,33,65,65,5,5,81,81,91,102,102],"floor_reached":37,"playtime":2095,"items_purged":["Defend_R"],"score":772,"play_id":"9eab7f02-bff7-4556-bf23-a923d8f4356b","local_time":"20190331010416","is_ascension_mode":true,"campfire_choices":[{"floor":7,"key":"REST"},{"data":"Metallicize","floor":11,"key":"SMITH"},{"floor":15,"key":"REST"},{"data":"Whirlwind","floor":24,"key":"SMITH"},{"floor":32,"key":"REST"}],"neow_cost":"TEN_PERCENT_HP_LOSS","seed_source_timestamp":1300473042528976,"circlet_count":0,"master_deck":["AscendersBane","Defend_R","Defend_R","Headbutt","Metallicize+1","Metallicize","Clothesline","Seeing Red","Rampage","Body Slam","Demon Form","Uppercut+1","Metallicize","Battle Trance","Anger","Whirlwind+1","Bite","Bite","Bite","Bite","Bite","Shrug It Off","RitualDagger","Headbutt+1"],"relics":["Burning Blood","Kunai","StoneCalendar","Anchor","Magic Flower","Pen Nib","Busted Crown","Red Skull","The Courier","Ornamental Fan","Meat on the Bone","Champion Belt","Coffee Dripper"],"potions_floor_usage":[8,10,20,23,29,33,37],"damage_taken":[{"damage":7,"enemies":"Jaw Worm","floor":1,"turns":6},{"damage":10,"enemies":"2 Louse","floor":2,"turns":3},{"damage":9,"enemies":"Small Slimes","floor":5,"turns":4},{"damage":39,"enemies":"3 Sentries","floor":6,"turns":11},{"damage":12,"enemies":"Gremlin Nob","floor":8,"turns":7},{"damage":18,"enemies":"3 Sentries","floor":10,"turns":7},{"damage":5,"enemies":"Looter","floor":12,"turns":4},{"damage":23,"enemies":"Gremlin Nob","floor":13,"turns":5},{"damage":26,"enemies":"Slime Boss","floor":16,"turns":10},{"damage":22,"enemies":"3 Byrds","floor":18,"turns":7},{"damage":0,"enemies":"Chosen","floor":20,"turns":3},{"damage":23,"enemies":"Snake Plant","floor":21,"turns":5},{"damage":29,"enemies":"Gremlin Leader","floor":23,"turns":5},{"damage":32,"enemies":"Book of Stabbing","floor":25,"turns":5},{"damage":21,"enemies":"Gremlin Leader","floor":29,"turns":7},{"damage":65,"enemies":"Automaton","floor":33,"turns":11},{"damage":18,"enemies":"3 Shapes","floor":35,"turns":4},{"damage":17,"enemies":"3 Darklings","floor":36,"turns":7},{"damage":71,"enemies":"Writhing Mass","floor":37,"turns":4}],"seed_played":"907829286016856367","potions_obtained":[{"floor":5,"key":"Block Potion"},{"floor":6,"key":"Fruit Juice"},{"floor":8,"key":"Regen Potion"},{"floor":10,"key":"SpeedPotion"},{"floor":20,"key":"Explosive Potion"},{"floor":23,"key":"Energy Potion"},{"floor":29,"key":"Energy Potion"},{"floor":36,"key":"Strength Potion"}],"is_trial":false,"path_per_floor":["?","?","?","?","?","?","$"],"character_chosen":"IRONCLAD","items_purchased":["Kunai","Metallicize","Metallicize","Battle Trance","Anger","Whirlwind","Red Skull"],"campfire_rested":3,"item_purchase_floors":[3,3,19,19,19,19,19],"current_hp_per_floor":[71,67,67,67,64,31,52,46,46,49,49,53,39,28,49,32,62,49,49,63,49,49,38,38,33,33,33,25,40,34,34,51,56,58,58,58,0],"gold":102,"neow_bonus":"TWO_FIFTY_GOLD","is_prod":false,"is_daily":false,"chose_seed":false,"campfire_upgraded":2,"win_rate":0,"timestamp":1554008656,"path_taken":["M","M","$","?","M","E","R","E","T","E","R","M","E","?","R","BOSS","M","$","M","M","?","E","R","E","T","?","?","E","?","?","R","BOSS","M","M","M"],"build_version":"2019-01-23","purchased_purges":1,"victory":false,"max_hp_per_floor":[72,72,72,72,72,72,72,72,72,72,72,72,72,72,72,72,72,72,72,77,77,53,53,53,53,53,53,58,58,58,58,58,58,58,58,58,58],"card_choices":[{"not_picked":["Infernal Blade","Havoc"],"picked":"Headbutt","floor":1},{"not_picked":["Flex","Armaments"],"picked":"Metallicize","floor":2},{"not_picked":["Berserk","Thunderclap"],"picked":"Clothesline","floor":5},{"not_picked":["Headbutt","True Grit"],"picked":"Seeing Red","floor":6},{"not_picked":["Sword Boomerang","Rage","Havoc"],"picked":"SKIP","floor":8},{"not_picked":["Perfected Strike","Havoc"],"picked":"Rampage","floor":10},{"not_picked":["Clash","Blood for Blood","Second Wind"],"picked":"SKIP","floor":12},{"not_picked":["Heavy Blade","Twin Strike"],"picked":"Body Slam","floor":13},{"not_picked":["Exhume","Feed"],"picked":"Demon Form","floor":16},{"not_picked":[],"picked":"Uppercut+1","floor":18},{"not_picked":["Clash"],"picked":"SKIP","floor":20},{"not_picked":["Clothesline"],"picked":"SKIP","floor":21},{"not_picked":["Wild Strike"],"picked":"SKIP","floor":23},{"not_picked":[],"picked":"Shrug It Off","floor":25},{"not_picked":["Thunderclap"],"picked":"SKIP","floor":29},{"not_picked":[],"picked":"Headbutt+1","floor":35},{"not_picked":["Flame Barrier"],"picked":"SKIP","floor":36}],"player_experience":1314335,"relics_obtained":[{"floor":6,"key":"StoneCalendar"},{"floor":8,"key":"Anchor"},{"floor":10,"key":"Magic Flower"},{"floor":13,"key":"Pen Nib"},{"floor":23,"key":"The Courier"},{"floor":25,"key":"Ornamental Fan"},{"floor":26,"key":"Meat on the Bone"},{"floor":29,"key":"Champion Belt"}],"event_choices":[{"cards_removed":["Defend_R"],"damage_healed":0,"gold_gain":0,"player_choice":"Card Removal","damage_taken":0,"max_hp_gain":0,"max_hp_loss":0,"event_name":"The Cleric","floor":4,"gold_loss":50},{"damage_healed":0,"gold_gain":75,"player_choice":"Gather Gold","damage_taken":11,"max_hp_gain":0,"max_hp_loss":0,"event_name":"World of Goop","floor":14,"gold_loss":0},{"damage_healed":0,"gold_gain":0,"player_choice":"Became a vampire","damage_taken":0,"max_hp_gain":0,"max_hp_loss":24,"event_name":"Vampires","floor":22,"gold_loss":0,"cards_obtained":["Bite","Bite","Bite","Bite","Bite"]},{"cards_removed":["Bash"],"damage_healed":0,"gold_gain":0,"player_choice":"Gave Gold","damage_taken":0,"max_hp_gain":0,"max_hp_loss":0,"event_name":"Beggar","floor":27,"gold_loss":75},{"damage_healed":0,"gold_gain":0,"player_choice":"Shed Blood","damage_taken":13,"max_hp_gain":5,"max_hp_loss":0,"event_name":"Forgotten Altar","floor":28,"gold_loss":0},{"damage_healed":0,"gold_gain":0,"player_choice":"Joined the Cult","damage_taken":6,"max_hp_gain":0,"max_hp_loss":0,"event_name":"Nest","floor":30,"gold_loss":0,"cards_obtained":["RitualDagger"]}],"is_beta":false,"boss_relics":[{"not_picked":["Mark of Pain","Fusion Hammer"],"picked":"Busted Crown"},{"not_picked":["Lizard Tail","Astrolabe"],"picked":"Coffee Dripper"}],"items_purged_floors":[31],"is_endless":false,"potions_floor_spawned":[5,6,8,10,20,23,29,36],"killed_by":"Writhing Mass","ascension_level":13}