{"gold_per_floor":[114,114,129,144,159,189,204,234,309,309,339,354,369,41,41,141,141,156,171,186,201,301,301,32,62,87,117,132,49,49,64,64,164,164,179,179,1178,30,45,75,90,90,90,120,135,165,180,210,210,210],"floor_reached":50,"playtime":9976,"items_purged":[],"score":901,"play_id":"49dcd7a8-4af5-4d69-b07a-17e060508a47","local_time":"20190222161917","daily_mods":["Heirloom","Time Dilation","Elite Swarm"],"is_ascension_mode":false,"campfire_choices":[{"floor":15.0,"key":"REST"},{"data":"Catalyst","floor":23.0,"key":"SMITH"},{"floor":30.0,"key":"REST"},{"floor":32.0,"key":"REST"},{"floor":42.0,"key":"REST"},{"floor":49,"key":"REST"}],"neow_cost":"","seed_source_timestamp":0,"circlet_count":0,"master_deck":["Defend_G","Defend_G","Defend_G","Defend_G","Defend_G","Strike_G","Strike_G","Strike_G","Strike_G","Survivor","Neutralize","Deadly Poison","Adrenaline","Catalyst+1","Outmaneuver","Deadly Poison","Corpse Explosion","Dagger Spray","Burst","Bullet Time","Blur","Bouncing Flask","Bane","Caltrops+1","Magnetism+1","Dagger Spray","Wraith Form v2+1","Bane","Infinite Blades+1","Concentrate+1","Poisoned Stab","Setup+1","Well Laid Plans+1","A Thousand Cuts+1","Phantasmal Killer","Backflip","Poisoned Stab","Backflip","Skewer+1","Burst","Deflect+1","Writhe","Normality","Normality","Infinite Blades+1","Bouncing Flask","Night Terror","Dash+1","Dagger Throw+1","Grand Finale","Endless Agony+1","Flying Knee","Phantasmal Killer","Dagger Throw+1","Calculated Gamble+1","Bullet Time"],"special_seed":17948,"relics":["Ring of the Snake","The Specimen","FossilizedHelix","Centennial Puzzle","Frozen Egg 2","Ancient Tea Set","Sundial","Snecko Eye","Nunchaku","The Courier","Oddly Smooth Stone","Vajra","Blue Candle","Art of War","Pocketwatch","Black Star","Sling","Matryoshka","Orichalcum","Snake Skull","Ginger","Regal Pillow","Omamori","Anchor","Prayer Wheel","PreservedInsect","Shuriken","Bag of Preparation","Bronze Scales","Turnip","Lantern","Molten Egg 2","Gambling Chip"],"potions_floor_usage":[48],"damage_taken":[{"damage":0.0,"enemies":"2 Louse","floor":1.0,"turns":3.0},{"damage":4.0,"enemies":"Cultist","floor":3.0,"turns":3.0},{"damage":0.0,"enemies":"Small Slimes","floor":4.0,"turns":3.0},{"damage":5.0,"enemies":"2 Fungi Beasts","floor":5.0,"turns":3.0},{"damage":7.0,"enemies":"Lagavulin","floor":6.0,"turns":6.0},{"damage":0.0,"enemies":"Blue Slaver","floor":7.0,"turns":4.0},{"damage":8.0,"enemies":"Gremlin Nob","floor":8.0,"turns":4.0},{"damage":5.0,"enemies":"3 Sentries","floor":11.0,"turns":3.0},{"damage":0.0,"enemies":"Exordium Wildlife","floor":12.0,"turns":2.0},{"damage":0.0,"enemies":"Red Slaver","floor":13.0,"turns":4.0},{"damage":12.0,"enemies":"Slime Boss","floor":16.0,"turns":6.0},{"damage":0.0,"enemies":"Spheric Guardian","floor":18.0,"turns":3.0},{"damage":0.0,"enemies":"2 Thieves","floor":19.0,"turns":3.0},{"damage":0.0,"enemies":"Shelled Parasite and Fungi","floor":20.0,"turns":3.0},{"damage":0.0,"enemies":"Snake Plant","floor":21.0,"turns":3.0},{"damage":13.0,"enemies":"Colosseum Slavers","floor":22.0,"turns":2.0},{"damage":0.0,"enemies":"Colosseum Nobs","floor":22.0,"turns":3.0},{"damage":20.0,"enemies":"Slavers","floor":25.0,"turns":2.0},{"damage":18.0,"enemies":"Gremlin Leader","floor":27.0,"turns":3.0},{"damage":0.0,"enemies":"3 Cultists","floor":28.0,"turns":2.0},{"damage":0.0,"enemies":"Shelled Parasite and Fungi","floor":31.0,"turns":3.0},{"damage":0.0,"enemies":"Collector","floor":33.0,"turns":3.0},{"damage":0.0,"enemies":"Orb Walker","floor":35.0,"turns":2.0},{"damage":0.0,"enemies":"3 Darklings","floor":39.0,"turns":3.0},{"damage":38.0,"enemies":"Reptomancer","floor":40.0,"turns":4.0},{"damage":30.0,"enemies":"Sphere and 2 Shapes","floor":41.0,"turns":5.0},{"damage":0.0,"enemies":"Giant Head","floor":44.0,"turns":5.0},{"damage":16.0,"enemies":"Spire Growth","floor":45.0,"turns":4.0},{"damage":0.0,"enemies":"Nemesis","floor":46.0,"turns":3.0},{"damage":0.0,"enemies":"3 Darklings","floor":47.0,"turns":2.0},{"damage":0,"enemies":"Giant Head","floor":48,"turns":6},{"damage":82,"enemies":"Awakened One","floor":50,"turns":7}],"seed_played":"-5984108549789572650","potions_obtained":[{"floor":3.0,"key":"SteroidPotion"},{"floor":5.0,"key":"Weak Potion"},{"floor":8.0,"key":"Ancient Potion"},{"floor":11.0,"key":"Regen Potion"},{"floor":18.0,"key":"Fruit Juice"},{"floor":19.0,"key":"SkillPotion"},{"floor":22.0,"key":"Explosive Potion"},{"floor":25.0,"key":"SpeedPotion"},{"floor":27.0,"key":"SteroidPotion"},{"floor":31.0,"key":"Fruit Juice"},{"floor":35.0,"key":"Swift Potion"},{"floor":41.0,"key":"Block Potion"},{"floor":46.0,"key":"GhostInAJar"},{"floor":47.0,"key":"SmokeBomb"}],"is_trial":false,"path_per_floor":["M","?","M","M","M","E","M","E","T","?","E","M","M","$","R","B",null,"M","M","M","M","?","R","$","E","T","E","M","$","R","M","R","B",null,"M","?","?","$","M","E","M","R","T","E","M","E","M","E","R","B"],"character_chosen":"THE_SILENT","items_purchased":["Bane","Caltrops+1","Magnetism+1","Dagger Spray","Oddly Smooth Stone","Vajra","Well Laid Plans+1","Poisoned Stab","Backflip","Sling","Matryoshka","Orichalcum","Snake Skull","Ginger","Regal Pillow","Omamori","Infinite Blades+1","Block Potion"],"campfire_rested":5,"item_purchase_floors":[14,14,14,14,24,24,24,29,29,38,38,38,38,38,38,38,38,38],"current_hp_per_floor":[70,70,66,66,61,54,54,46,46,46,41,41,41,41,62,59,70,70,70,70,70,57,57,57,42,42,24,24,24,46,46,68,73,80,80,80,80,80,80,42,12,51,51,51,35,35,35,35,74,0],"gold":210,"neow_bonus":"","is_prod":false,"is_daily":true,"chose_seed":false,"campfire_upgraded":1,"win_rate":0.0,"timestamp":1550852357,"path_taken":["M","?","M","M","M","E","M","E","T","?","E","M","?","$","R","BOSS","M","M","M","M","?","R","$","E","T","E","M","$","R","M","R","BOSS","M","?","?","?","M","E","M","R","T","E","M","E","M","E","R","BOSS"],"build_version":"2019-01-23","purchased_purges":0,"victory":false,"max_hp_per_floor":[70,70,70,70,70,70,70,70,70,70,70,70,70,70,70,70,70,70,70,70,70,70,70,70,75,75,75,75,75,75,75,75,80,80,80,80,80,80,80,80,80,80,80,80,80,80,80,80,80,80],"card_choices":[{"not_picked":["Concentrate","Escape Plan"],"picked":"Deadly Poison","floor":1.0},{"not_picked":["Sucker Punch","Distraction"],"picked":"Catalyst","floor":3.0},{"not_picked":["Underhanded Strike","Dagger Throw"],"picked":"Outmaneuver","floor":4.0},{"not_picked":["Quick Slash","Outmaneuver"],"picked":"Deadly Poison","floor":5.0},{"not_picked":["Burst","Bullet Time"],"picked":"Corpse Explosion","floor":6.0},{"not_picked":["Distraction","Predator"],"picked":"Dagger Spray","floor":7.0},{"not_picked":["Corpse Explosion","Glass Knife"],"picked":"Burst","floor":8.0},{"not_picked":["Night Terror","Burst"],"picked":"Bullet Time","floor":11.0},{"not_picked":["Finisher","Sucker Punch"],"picked":"Blur","floor":12.0},{"not_picked":["Quick Slash","Tactician"],"picked":"Bouncing Flask","floor":13.0},{"not_picked":["Doppelganger","Grand Finale"],"picked":"Wraith Form v2+1","floor":16.0},{"not_picked":["Slice","Expertise"],"picked":"Bane","floor":18.0},{"not_picked":["Slice","Blur"],"picked":"Infinite Blades+1","floor":19.0},{"not_picked":["Prepared+1","Calculated Gamble"],"picked":"Concentrate+1","floor":20.0},{"not_picked":["Dodge and Roll","Sucker Punch+1"],"picked":"Poisoned Stab","floor":21.0},{"not_picked":["Dagger Spray+1","Bane"],"picked":"Setup+1","floor":22.0},{"not_picked":["Night Terror","Adrenaline"],"picked":"A Thousand Cuts+1","floor":25.0},{"not_picked":["Venomology","Unload"],"picked":"Phantasmal Killer","floor":27.0},{"not_picked":["Flying Knee","Acrobatics"],"picked":"Backflip","floor":28.0},{"not_picked":["Escape Plan+1","Quick Slash+1"],"picked":"Skewer+1","floor":31.0},{"not_picked":["Tools of the Trade+1","Venomology"],"picked":"Burst","floor":33.0},{"not_picked":["Prepared","Dagger Throw"],"picked":"Deflect+1","floor":35.0},{"not_picked":["Underhanded Strike","Backstab+1"],"picked":"Bouncing Flask","floor":39.0},{"not_picked":["Die Die Die","Venomology"],"picked":"Night Terror","floor":40.0},{"not_picked":["Flying Knee","Well Laid Plans+1"],"picked":"Dash+1","floor":41.0},{"not_picked":["Acrobatics+1","Quick Slash+1"],"picked":"Dagger Throw+1","floor":41.0},{"not_picked":["Venomology","Night Terror"],"picked":"Grand Finale","floor":44.0},{"not_picked":["Slice","Dagger Throw"],"picked":"Endless Agony+1","floor":45.0},{"not_picked":["Heel Hook","Outmaneuver"],"picked":"Flying Knee","floor":45.0},{"not_picked":["Venomology","Tools of the Trade+1"],"picked":"Phantasmal Killer","floor":46.0},{"not_picked":["Dodge and Roll","Prepared+1"],"picked":"Dagger Throw+1","floor":47.0},{"not_picked":["Skewer","Backflip"],"picked":"Calculated Gamble+1","floor":47.0},{"not_picked":["Storm of Steel","Doppelganger"],"picked":"Bullet Time","floor":48}],"player_experience":192668,"relics_obtained":[{"floor":6.0,"key":"FossilizedHelix"},{"floor":8.0,"key":"Centennial Puzzle"},{"floor":9.0,"key":"Frozen Egg 2"},{"floor":11.0,"key":"Sundial"},{"floor":22.0,"key":"Nunchaku"},{"floor":22.0,"key":"The Courier"},{"floor":25.0,"key":"Blue Candle"},{"floor":26.0,"key":"Art of War"},{"floor":27.0,"key":"Pocketwatch"},{"floor":40.0,"key":"Anchor"},{"floor":40.0,"key":"Prayer Wheel"},{"floor":43.0,"key":"PreservedInsect"},{"floor":43.0,"key":"Shuriken"},{"floor":44.0,"key":"Bag of Preparation"},{"floor":44.0,"key":"Bronze Scales"},{"floor":46.0,"key":"Turnip"},{"floor":46.0,"key":"Lantern"},{"floor":48,"key":"Molten Egg 2"},{"floor":48,"key":"Gambling Chip"}],"event_choices":[{"damage_healed":0.0,"max_hp_gain":0.0,"max_hp_loss":0.0,"gold_gain":0.0,"cards_transformed":["Strike_G"],"event_name":"Living Wall","player_choice":"Change","floor":2.0,"gold_loss":0.0,"damage_taken":0.0,"cards_obtained":["Adrenaline"]},{"damage_healed":0.0,"max_hp_gain":0.0,"max_hp_loss":0.0,"gold_gain":0.0,"event_name":"WeMeetAgain","player_choice":"Gave Potion","floor":10.0,"gold_loss":0.0,"damage_taken":0.0,"relics_obtained":["Ancient Tea Set"]},{"damage_healed":0.0,"max_hp_gain":0.0,"max_hp_loss":0.0,"gold_gain":0.0,"event_name":"Colosseum","player_choice":"Fight","floor":22.0,"gold_loss":0.0,"damage_taken":0.0},{"damage_healed":0.0,"max_hp_gain":0.0,"max_hp_loss":0.0,"gold_gain":0.0,"event_name":"Colosseum","player_choice":"Fought Nobs","floor":22.0,"gold_loss":0.0,"damage_taken":0.0},{"damage_healed":20.0,"max_hp_gain":0.0,"max_hp_loss":0.0,"gold_gain":0.0,"event_name":"Winding Halls","player_choice":"Writhe","floor":36.0,"gold_loss":0.0,"damage_taken":0.0,"cards_obtained":["Writhe"]},{"damage_healed":0.0,"max_hp_gain":0.0,"max_hp_loss":0.0,"gold_gain":999.0,"event_name":"MindBloom","player_choice":"Gold","floor":37.0,"gold_loss":0.0,"damage_taken":0.0,"cards_obtained":["Normality","Normality"]}],"is_beta":false,"boss_relics":[{"not_picked":["Ring of the Serpent","Cursed Key"],"picked":"Snecko Eye"},{"not_picked":["Orrery","Velvet Choker"],"picked":"Black Star"}],"items_purged_floors":[],"is_endless":false,"potions_floor_spawned":[3,5,8,11,18,19,22,25,27,31,35,41,46,47],"killed_by":"Awakened One","ascension_level":0}