{"gold_per_floor":[144,144,94,22,22,22,112,112,112,202,247,292,337,12,12,312,312,357,38,38,47,47,47,92,92,92,137,32,77,122,167,167,467,467,512,512,512,557,28,73,163,208,283,373,373,418,508,553,553,553],"floor_reached":51,"playtime":3273,"items_purged":[],"score":947,"play_id":"3be068ab-1923-4e2a-bf8e-4960ce4d9fa4","local_time":"20180908212017","daily_mods":["Insanity","Midas","Time Dilation"],"is_ascension_mode":false,"campfire_choices":[{"floor":6,"key":"REST"},{"floor":8,"key":"REST"},{"floor":15,"key":"REST"},{"floor":23,"key":"REST"},{"floor":25,"key":"REST"},{"floor":32,"key":"REST"},{"floor":49,"key":"REST"}],"neow_cost":"","seed_source_timestamp":0,"circlet_count":0,"master_deck":["Undo","Scrape","Hyperbeam","Skim","Auto Shields","Self Repair","Echo Form","Aggregate","Strike_B","Steam Power","Genetic Algorithm","Hologram","Go for the Eyes","Machine Learning","Stack","Compile Driver","Gash","Genetic Algorithm","Hello World","Reprogram","Static Discharge","Electrodynamics","Machine Learning","Hyperbeam","Glacier","Compile Driver","Dualcast","Compile Driver","Conserve Battery","Buffer","Aggregate","Leap","Seek","Go for the Eyes","Heatsinks","Undo","Fission+1","Strike_B","Fusion","Dualcast","Gash","Electrodynamics","White Noise","Echo Form","Echo Form","Barrage","Thunder Strike","Rebound","Scrape","Ball Lightning","Scrape","Turbo","Cold Snap","Sweeping Beam","Go for the Eyes","Force Field","Sweeping Beam","Self Repair+1","Creative AI+1","Redo+1","Defragment+1","Defragment+1","Storm+1","Reinforced Body","Chill","Turbo+1","Biased Cognition+1","Glacier","Lockon","Gash","Compile Driver","Static Discharge+1","BootSequence","Electrodynamics+1","Shame","Decay","Heatsinks+1","Injury","Turbo+1","Capacitor+1","Enlightenment","Reboot","Loop+1","Blizzard","Beam Cell","Ball Lightning","Steam+1","Stack+1","Tempest","Electrodynamics+1","Chill+1","Thunder Strike","Gash","Sweeping Beam+1","Gash"],"special_seed":17783,"relics":["Cracked Core","Blood Vial","Frozen Egg 2","Dream Catcher","Nunchaku","Torii","Nuclear Battery","Bottled Lightning","Red Mask","FossilizedHelix","Calling Bell","Bag of Preparation","Mercury Hourglass","Incense Burner","WingedGreaves","Strawberry","Ginger","Meat on the Bone","Prayer Wheel","Thread and Needle","The Courier"],"potions_floor_usage":[10,16,29,29,33,40,46,46,46,50],"damage_taken":[{"damage":4,"enemies":"Cultist","floor":1,"turns":3},{"damage":31,"enemies":"Gremlin Nob","floor":7,"turns":3},{"damage":4,"enemies":"Lagavulin","floor":10,"turns":5},{"damage":0,"enemies":"Jaw Worm","floor":11,"turns":1},{"damage":8,"enemies":"2 Louse","floor":12,"turns":2},{"damage":9,"enemies":"Exordium Wildlife","floor":13,"turns":2},{"damage":6,"enemies":"The Guardian","floor":16,"turns":10},{"damage":1,"enemies":"2 Thieves","floor":18,"turns":3},{"damage":0,"enemies":"Masked Bandits","floor":21,"turns":1},{"damage":2,"enemies":"Chosen","floor":24,"turns":3},{"damage":0,"enemies":"3 Cultists","floor":27,"turns":3},{"damage":0,"enemies":"Snecko","floor":29,"turns":3},{"damage":0,"enemies":"Snake Plant","floor":30,"turns":2},{"damage":7,"enemies":"Centurion and Healer","floor":31,"turns":4},{"damage":26,"enemies":"Collector","floor":33,"turns":8},{"damage":0,"enemies":"3 Shapes","floor":35,"turns":4},{"damage":0,"enemies":"Mind Bloom Boss Battle","floor":37,"turns":6},{"damage":0,"enemies":"3 Darklings","floor":38,"turns":4},{"damage":0,"enemies":"Reptomancer","floor":40,"turns":3},{"damage":0,"enemies":"Nemesis","floor":41,"turns":1},{"damage":0,"enemies":"Maw","floor":42,"turns":4},{"damage":19,"enemies":"Giant Head","floor":44,"turns":9},{"damage":0,"enemies":"4 Shapes","floor":46,"turns":2},{"damage":13,"enemies":"2 Orb Walkers","floor":47,"turns":4},{"damage":0,"enemies":"Transient","floor":48,"turns":5},{"damage":44,"enemies":"Awakened One","floor":50,"turns":8}],"seed_played":"2563737183357508688","potions_obtained":[{"floor":7,"key":"Energy Potion"},{"floor":12,"key":"GamblersBrew"},{"floor":16,"key":"PowerPotion"},{"floor":21,"key":"Explosive Potion"},{"floor":27,"key":"FearPotion"},{"floor":31,"key":"Block Potion"},{"floor":33,"key":"Explosive Potion"},{"floor":35,"key":"PowerPotion"},{"floor":42,"key":"Explosive Potion"},{"floor":46,"key":"Fire Potion"},{"floor":48,"key":"Explosive Potion"}],"is_trial":false,"path_per_floor":["M","?","?","$","?","R","E","R","T","E","M","M","M","$","R","B",null,"M","$","?","?","?","R","M","R","T","M","$","M","M","M","R","B",null,"M","?","?","M","$","M","E","M","T","E","T","M","E","M","R","B"],"character_chosen":"DEFECT","items_purchased":["Scrape","Torii","Sweeping Beam","Defragment+1","Bottled Lightning","Glacier","Lockon","Enlightenment","Reboot","Loop+1","Blizzard","Strawberry","Beam Cell"],"campfire_rested":7,"item_purchase_floors":[4,14,14,19,19,28,28,39,39,39,39,39,39],"current_hp_per_floor":[71,68,68,68,68,75,44,66,66,64,66,60,53,53,75,69,75,75,75,61,73,73,80,78,80,80,80,80,80,80,80,80,54,80,80,80,80,80,87,87,87,87,87,78,78,80,76,87,87,62],"gold":553,"neow_bonus":"","is_prod":false,"is_daily":true,"chose_seed":false,"campfire_upgraded":0,"win_rate":0,"timestamp":1536463217,"path_taken":["M","?","?","?","?","R","E","R","T","E","M","M","?","$","R","BOSS","M","$","?","?","?","R","M","R","T","?","?","M","?","?","R","BOSS","M","?","?","?","?","M","E","M","T","E","?","M","E","M","R","BOSS"],"build_version":"2018-09-06","purchased_purges":0,"victory":true,"max_hp_per_floor":[75,75,75,75,75,75,75,75,75,75,75,75,75,75,75,75,75,75,75,80,80,80,80,80,80,80,80,80,80,80,80,80,80,80,80,80,80,80,87,87,87,87,87,87,87,87,87,87,87,87],"card_choices":[{"not_picked":["Go for the Eyes","Rebound"],"picked":"Ball Lightning","floor":1},{"not_picked":["Sweeping Beam","Ball Lightning"],"picked":"Turbo","floor":7},{"not_picked":["Barrage","Ball Lightning"],"picked":"Cold Snap","floor":10},{"not_picked":["Streamline","Leap"],"picked":"Sweeping Beam","floor":11},{"not_picked":["Recycle","Sweeping Beam"],"picked":"Go for the Eyes","floor":12},{"not_picked":["Doom and Gloom","Steam"],"picked":"Force Field","floor":13},{"not_picked":["Reprogram","Conserve Battery"],"picked":"Self Repair+1","floor":15},{"not_picked":["Amplify","Thunder Strike"],"picked":"Creative AI+1","floor":16},{"not_picked":["Ball Lightning","Leap"],"picked":"Redo+1","floor":18},{"not_picked":["Gash+1","Go for the Eyes"],"picked":"Defragment+1","floor":21},{"not_picked":["Conserve Battery","Stack"],"picked":"Reinforced Body","floor":23},{"not_picked":["Stack","Beam Cell"],"picked":"Chill","floor":24},{"not_picked":["Tempest","Redo"],"picked":"Turbo+1","floor":25},{"not_picked":["Streamline","Rebound+1"],"picked":"Biased Cognition+1","floor":27},{"not_picked":["Turbo","Reprogram"],"picked":"Gash","floor":29},{"not_picked":["Steam","Melter"],"picked":"Compile Driver","floor":30},{"not_picked":["Hologram","Barrage"],"picked":"Static Discharge+1","floor":31},{"not_picked":["Beam Cell","Conserve Battery"],"picked":"BootSequence","floor":32},{"not_picked":["Core Surge","Biased Cognition+1"],"picked":"Electrodynamics+1","floor":33},{"not_picked":["Tempest","FTL+1"],"picked":"Heatsinks+1","floor":35},{"not_picked":["Hologram","Barrage+1"],"picked":"Turbo+1","floor":37},{"not_picked":["Hello World+1","Gash"],"picked":"Capacitor+1","floor":38},{"not_picked":["Streamline+1","Beam Cell+1"],"picked":"Ball Lightning","floor":40},{"not_picked":["Streamline","Leap+1"],"picked":"Steam+1","floor":41},{"not_picked":["Go for the Eyes","White Noise+1"],"picked":"Stack+1","floor":42},{"not_picked":["Ball Lightning","Recycle+1"],"picked":"Tempest","floor":44},{"not_picked":["Leap","Rip and Tear+1"],"picked":"Electrodynamics+1","floor":46},{"not_picked":["Beam Cell+1","Hologram"],"picked":"Chill+1","floor":46},{"not_picked":["Auto Shields","Loop+1"],"picked":"Thunder Strike","floor":47},{"not_picked":["Steam Power","Beam Cell"],"picked":"Gash","floor":48},{"not_picked":["Melter","Rebound"],"picked":"Sweeping Beam+1","floor":48},{"not_picked":["Fusion","Compile Driver"],"picked":"Gash","floor":49}],"player_experience":488648,"relics_obtained":[{"floor":7,"key":"Frozen Egg 2"},{"floor":9,"key":"Dream Catcher"},{"floor":10,"key":"Nunchaku"},{"floor":21,"key":"Red Mask"},{"floor":26,"key":"FossilizedHelix"},{"floor":34,"key":"Bag of Preparation"},{"floor":34,"key":"Mercury Hourglass"},{"floor":34,"key":"Incense Burner"},{"floor":37,"key":"WingedGreaves"},{"floor":41,"key":"Ginger"},{"floor":43,"key":"Meat on the Bone"},{"floor":44,"key":"Prayer Wheel"},{"floor":45,"key":"Thread and Needle"},{"floor":47,"key":"The Courier"}],"event_choices":[{"event_name":"Scrap Ooze","player_choice":"success","floor":2,"damage_taken":3},{"event_name":"The Cleric","player_choice":"Card Removal","floor":3,"damage_taken":0},{"event_name":"Upgrade Shrine","player_choice":"Upgraded","floor":5,"damage_taken":0},{"event_name":"Forgotten Altar","player_choice":"Shed Blood","floor":20,"damage_taken":0},{"event_name":"Masked Bandits","player_choice":"Fought Bandits","floor":21,"damage_taken":0},{"event_name":"The Library","player_choice":"Read","floor":22,"damage_taken":0},{"event_name":"Transmorgrifier","player_choice":"Transform","floor":36,"damage_taken":0},{"event_name":"MindBloom","player_choice":"Fight","floor":37,"damage_taken":0}],"is_beta":false,"boss_relics":[{"not_picked":["Tiny House","Runic Pyramid"],"picked":"Nuclear Battery"},{"not_picked":["Black Star","Coffee Dripper"],"picked":"Calling Bell"}],"items_purged_floors":[],"is_endless":false,"potions_floor_spawned":[7,12,16,21,27,31,33,35,38,42,46,48],"ascension_level":0}