{"gold_per_floor":[110,125,144,94,111,111,131,131,156,176,176,195,195,195,195,293,293,312,312,312,312,322,322,333,333,333,8,20,36,36,0,0,96,96,109,109,129,0,0,29,41,41,115,115,115,133,133,152,152,152],"floor_reached":51,"playtime":2666,"items_purged":["Defend_R"],"score":719,"play_id":"cbd01629-2648-4390-8a61-dcd9e9287e9b","local_time":"20181231123948","is_ascension_mode":false,"campfire_choices":[{"data":"True Grit","floor":6,"key":"SMITH"},{"data":"Whirlwind","floor":11,"key":"SMITH"},{"data":"Pommel Strike","floor":13,"key":"SMITH"},{"data":"Flame Barrier","floor":15,"key":"SMITH"},{"data":"Whirlwind","floor":23,"key":"SMITH"},{"data":"Limit Break","floor":25,"key":"SMITH"},{"floor":32,"key":"REST"},{"data":"Mayhem","floor":44,"key":"SMITH"},{"data":"Demon Form","floor":49,"key":"SMITH"}],"neow_cost":"NONE","seed_source_timestamp":78028187649333,"circlet_count":0,"master_deck":["Defend_R+1","Bash+1","Pommel Strike+1","True Grit+1","Feel No Pain","Whirlwind+1","Seeing Red","Flame Barrier+1","Limit Break+1","Demon Form+1","Whirlwind+1","Bite","Bite","Bite","Bite","Bite","Clothesline","Shockwave","Inflame","Mayhem+1","Clothesline","Reaper","Armaments+1","Shrug It Off+1","Pain","Iron Wave+1","Reckless Charge+1","Doubt","Power Through","Seeing Red+1","Flame Barrier+1","Iron Wave+1"],"relics":["Burning Blood","Bag of Marbles","Mark of Pain","Bottled Flame","Strawberry","Empty Cage","Red Mask","WarpedTongs","Centennial Puzzle","Pear"],"potions_floor_usage":[16,16,33,33,40,50,50],"damage_taken":[{"damage":8,"enemies":"Cultist","floor":1,"turns":5},{"damage":2,"enemies":"2 Louse","floor":2,"turns":3},{"damage":5,"enemies":"Small Slimes","floor":3,"turns":4},{"damage":7,"enemies":"Red Slaver","floor":5,"turns":4},{"damage":0,"enemies":"2 Fungi Beasts","floor":7,"turns":5},{"damage":5,"enemies":"Looter","floor":10,"turns":3},{"damage":7,"enemies":"Exordium Wildlife","floor":12,"turns":4},{"damage":59,"enemies":"Hexaghost","floor":16,"turns":13},{"damage":0,"enemies":"3 Byrds","floor":18,"turns":2},{"damage":10,"enemies":"2 Thieves","floor":22,"turns":3},{"damage":8,"enemies":"Cultist and Chosen","floor":24,"turns":7},{"damage":40,"enemies":"Snake Plant","floor":28,"turns":5},{"damage":9,"enemies":"Centurion and Healer","floor":29,"turns":6},{"damage":9,"enemies":"Champ","floor":33,"turns":9},{"damage":15,"enemies":"Orb Walker","floor":35,"turns":4},{"damage":0,"enemies":"3 Shapes","floor":37,"turns":1},{"damage":106,"enemies":"Reptomancer","floor":40,"turns":11},{"damage":0,"enemies":"3 Darklings","floor":41,"turns":1},{"damage":21,"enemies":"Maw","floor":46,"turns":7},{"damage":18,"enemies":"Sphere and 2 Shapes","floor":48,"turns":5},{"damage":92,"enemies":"Awakened One","floor":50,"turns":11}],"seed_played":"4732166115371166876","potions_obtained":[{"floor":10,"key":"Dexterity Potion"},{"floor":12,"key":"Regen Potion"},{"floor":16,"key":"Strength Potion"},{"floor":18,"key":"Ancient Potion"},{"floor":22,"key":"Regen Potion"},{"floor":24,"key":"EssenceOfSteel"},{"floor":33,"key":"SteroidPotion"},{"floor":35,"key":"Poison Potion"},{"floor":40,"key":"Explosive Potion"},{"floor":48,"key":"GamblersBrew"}],"is_trial":false,"path_per_floor":["M","M","M","?","M","R","M","?","T","M","R","M","R","?","R","B",null,"M","?","?","?","M","R","M","R","T","$","M","M","T","?","R","B",null,"M","?","M","?","?","E","M","?","T","R","?","M","?","M","R","B",null],"character_chosen":"IRONCLAD","items_purchased":["Inflame","Mayhem"],"campfire_rested":1,"item_purchase_floors":[27,27],"current_hp_per_floor":[86,88,88,88,87,87,88,70,70,71,71,70,70,70,70,31,88,88,88,71,65,65,65,65,65,65,65,37,42,49,49,70,72,72,65,65,71,71,71,10,16,72,82,82,82,74,74,77,77,19],"gold":152,"neow_bonus":"TEN_PERCENT_HP_BONUS","is_prod":false,"is_daily":false,"chose_seed":false,"campfire_upgraded":8,"win_rate":0.0,"timestamp":1546288788,"path_taken":["M","?","M","?","M","R","M","?","T","M","R","M","R","?","R","BOSS","M","?","?","?","M","R","M","R","T","?","M","?","?","?","R","BOSS","M","?","M","?","?","E","?","?","T","R","?","?","?","?","R","BOSS"],"build_version":"2018-12-20","purchased_purges":1,"victory":true,"max_hp_per_floor":[88,88,88,88,88,88,88,88,88,88,88,88,88,88,88,88,88,88,88,93,65,65,65,65,65,65,65,65,65,72,72,72,72,72,72,72,72,72,72,72,72,72,82,82,82,82,82,82,82,82],"card_choices":[{"not_picked":["Sword Boomerang","Twin Strike"],"picked":"Pommel Strike","floor":1},{"not_picked":["Cleave","Warcry"],"picked":"True Grit","floor":2},{"not_picked":["Second Wind","Cleave"],"picked":"Clothesline","floor":3},{"not_picked":["Headbutt","Flex"],"picked":"Feel No Pain","floor":5},{"not_picked":["Fiend Fire","Clash"],"picked":"Whirlwind","floor":7},{"not_picked":["Clash","Sword Boomerang"],"picked":"Seeing Red","floor":10},{"not_picked":["Anger","True Grit"],"picked":"Flame Barrier","floor":12},{"not_picked":["Juggernaut","Impervious"],"picked":"Demon Form","floor":16},{"not_picked":["Clothesline","Clash+1"],"picked":"Whirlwind","floor":18},{"not_picked":["Body Slam+1","Clash"],"picked":"Clothesline","floor":22},{"not_picked":["Battle Trance","Limit Break"],"picked":"Shockwave","floor":24},{"not_picked":["Entrench","Cleave","Thunderclap"],"picked":"SKIP","floor":28},{"not_picked":["Twin Strike","Perfected Strike"],"picked":"Clothesline","floor":29},{"not_picked":["Demon Form","Dark Embrace"],"picked":"Reaper","floor":33},{"not_picked":["Power Through","Anger+1"],"picked":"Armaments+1","floor":35},{"not_picked":["Clothesline+1","Infernal Blade+1"],"picked":"Shrug It Off+1","floor":37},{"not_picked":["Twin Strike+1","Thunderclap+1"],"picked":"Iron Wave+1","floor":40},{"not_picked":["Perfected Strike+1","Warcry"],"picked":"Reckless Charge+1","floor":41},{"not_picked":["Perfected Strike","Armaments"],"picked":"Seeing Red+1","floor":46},{"not_picked":["Clash+1","Rage+1"],"picked":"Iron Wave+1","floor":48}],"player_experience":11741,"relics_obtained":[{"floor":9,"key":"Bag of Marbles"},{"floor":26,"key":"Bottled Flame"},{"floor":30,"key":"Strawberry"},{"floor":40,"key":"Centennial Puzzle"},{"floor":43,"key":"Pear"}],"event_choices":[{"cards_removed":["Strike_R"],"damage_healed":0,"gold_gain":0,"player_choice":"Card Removal","damage_taken":0,"max_hp_gain":0,"max_hp_loss":0,"event_name":"The Cleric","floor":4,"gold_loss":50},{"damage_healed":0,"gold_gain":0,"player_choice":"Entered Light","damage_taken":18,"max_hp_gain":0,"max_hp_loss":0,"event_name":"Shining Light","floor":8,"gold_loss":0,"cards_upgraded":["Defend_R","Bash"]},{"damage_healed":0,"gold_gain":0,"player_choice":"2 cards matched","damage_taken":0,"max_hp_gain":0,"max_hp_loss":0,"event_name":"Match and Keep!","floor":14,"gold_loss":0,"cards_obtained":["Power Through","Limit Break"]},{"cards_removed":["Strike_R"],"damage_healed":0,"gold_gain":0,"player_choice":"Elegance","damage_taken":0,"max_hp_gain":0,"max_hp_loss":0,"event_name":"Back to Basics","floor":19,"gold_loss":0},{"damage_healed":0,"gold_gain":0,"player_choice":"Shed Blood","damage_taken":22,"max_hp_gain":5,"max_hp_loss":0,"event_name":"Forgotten Altar","floor":20,"gold_loss":0},{"damage_healed":0,"gold_gain":0,"player_choice":"Became a vampire","damage_taken":0,"max_hp_gain":0,"max_hp_loss":28,"event_name":"Vampires","floor":21,"gold_loss":0,"cards_obtained":["Bite","Bite","Bite","Bite","Bite"]},{"damage_healed":0,"gold_gain":0,"player_choice":"Paid Fearfully","damage_taken":0,"max_hp_gain":0,"max_hp_loss":0,"event_name":"Masked Bandits","floor":31,"gold_loss":36},{"cards_removed":["Power Through"],"damage_healed":0,"gold_gain":0,"player_choice":"Removed Skill","damage_taken":0,"max_hp_gain":0,"max_hp_loss":0,"event_name":"Falling","floor":36,"gold_loss":0},{"damage_healed":0,"gold_gain":0,"player_choice":"Paid","damage_taken":0,"relics_obtained":["Red Mask"],"max_hp_gain":0,"max_hp_loss":0,"event_name":"Tomb of Lord Red Mask","floor":38,"gold_loss":129},{"damage_healed":0,"gold_gain":0,"player_choice":"Rummage","damage_taken":0,"relics_obtained":["WarpedTongs"],"max_hp_gain":0,"max_hp_loss":0,"event_name":"Accursed Blacksmith","floor":39,"gold_loss":0,"cards_obtained":["Pain"]},{"damage_healed":56,"gold_gain":0,"player_choice":"Heal","damage_taken":0,"max_hp_gain":0,"max_hp_loss":0,"event_name":"MindBloom","floor":42,"gold_loss":0,"cards_obtained":["Doubt"]},{"damage_healed":0,"gold_gain":0,"cards_transformed":["Clothesline"],"player_choice":"Transformed","damage_taken":0,"max_hp_gain":0,"max_hp_loss":0,"event_name":"Transmorgrifier","floor":45,"gold_loss":0,"cards_obtained":["Power Through"]},{"damage_healed":0,"gold_gain":0,"player_choice":"Copied","damage_taken":0,"max_hp_gain":0,"max_hp_loss":0,"event_name":"Duplicator","floor":47,"gold_loss":0,"cards_obtained":["Flame Barrier"]}],"is_beta":false,"boss_relics":[{"not_picked":["White Beast Statue","Black Star"],"picked":"Mark of Pain"},{"not_picked":["Runic Dome","Runic Pyramid"],"picked":"Empty Cage"}],"items_purged_floors":[27],"is_endless":false,"potions_floor_spawned":[10,12,16,18,22,24,33,35,40,48],"ascension_level":0}