{"gold_per_floor":[112,89,16,16,16,48,63,63,63,73,101,114,114,130,130,225,225,239,258,258,173,173,173,190,190],"floor_reached":25,"playtime":988,"items_purged":[],"score":299,"play_id":"a3dd9c8d-e71d-4b90-8352-42785489666a","local_time":"20181028154834","is_ascension_mode":true,"campfire_choices":[{"data":"Body Slam","floor":13,"key":"SMITH"},{"data":"Reaper","floor":15,"key":"SMITH"},{"data":"Reaper","floor":23,"key":"SMITH"}],"neow_cost":"NONE","seed_source_timestamp":1548023044566812,"circlet_count":0,"master_deck":["Strike_R","Strike_R","Strike_R","Strike_R","Strike_R","Defend_R","Defend_R","Defend_R","Defend_R","Bash","Pommel Strike","Armaments+1","Reaper+1","Anger","Feel No Pain","Body Slam+1","Anger","Burning Pact","Metallicize","Reaper+1","Flex+1","Twin Strike","Wild Strike"],"relics":["Burning Blood","Regal Pillow","Bottled Lightning","Potion Belt","Cursed Key","Bag of Preparation"],"potions_floor_usage":[16,16,16,24,25],"damage_taken":[{"damage":6,"enemies":"Cultist","floor":1,"turns":4},{"damage":54,"enemies":"Gremlin Nob","floor":6,"turns":5},{"damage":0,"enemies":"2 Louse","floor":7,"turns":3},{"damage":7,"enemies":"Jaw Worm","floor":10,"turns":2},{"damage":16,"enemies":"3 Sentries","floor":11,"turns":9},{"damage":16,"enemies":"Gremlin Gang","floor":12,"turns":5},{"damage":5,"enemies":"2 Fungi Beasts","floor":14,"turns":3},{"damage":90,"enemies":"Slime Boss","floor":16,"turns":17},{"damage":27,"enemies":"Chosen","floor":18,"turns":5},{"damage":9,"enemies":"3 Byrds","floor":19,"turns":6},{"damage":39,"enemies":"Snake Plant","floor":24,"turns":5},{"damage":49,"enemies":"Snecko","floor":25,"turns":5}],"seed_played":"-206036287377206898","potions_obtained":[{"floor":6,"key":"Strength Potion"},{"floor":10,"key":"GamblersBrew"},{"floor":11,"key":"SneckoOil"},{"floor":14,"key":"BloodPotion"},{"floor":19,"key":"AttackPotion"}],"is_trial":false,"path_per_floor":["M","$","$","?","$","E","M","?","T","M","E","M","R","M","R","B",null,"M","M","?","?","?","R","M"],"character_chosen":"IRONCLAD","items_purchased":["Armaments","Reaper"],"campfire_rested":0,"item_purchase_floors":[2,3],"current_hp_per_floor":[72,72,72,72,72,28,38,90,90,89,87,85,85,86,86,16,72,60,77,77,77,59,59,37,0],"gold":190,"neow_bonus":"ONE_RANDOM_RARE_CARD","is_prod":false,"is_daily":false,"chose_seed":false,"campfire_upgraded":3,"win_rate":0,"timestamp":1540763314,"path_taken":["M","?","$","?","?","E","?","?","T","M","E","M","R","?","R","BOSS","M","?","?","?","?","R","M","M"],"build_version":"2018-10-25v2","purchased_purges":0,"victory":false,"max_hp_per_floor":[80,80,80,80,80,80,80,90,90,90,90,90,90,90,90,90,90,90,90,90,90,95,95,95,95],"card_choices":[{"not_picked":["Heavy Blade","Clash"],"picked":"Pommel Strike","floor":1},{"not_picked":["Thunderclap","Power Through"],"picked":"Anger","floor":6},{"not_picked":["Sword Boomerang","Clothesline"],"picked":"Feel No Pain","floor":7},{"not_picked":["Clothesline","Armaments"],"picked":"Body Slam","floor":10},{"not_picked":["Shockwave","Dark Embrace"],"picked":"Anger","floor":11},{"not_picked":["Sword Boomerang","Carnage"],"picked":"Burning Pact","floor":12},{"not_picked":["Heavy Blade","Havoc"],"picked":"Metallicize","floor":14},{"not_picked":["Offering","Brutality"],"picked":"Reaper","floor":16},{"not_picked":["Clash+1","Pommel Strike"],"picked":"Flex+1","floor":18},{"not_picked":["Heavy Blade+1","Dropkick+1"],"picked":"Twin Strike","floor":19},{"not_picked":["Feel No Pain","Cleave","Headbutt"],"picked":"SKIP","floor":24}],"player_experience":940392,"relics_obtained":[{"floor":6,"key":"Regal Pillow"},{"floor":9,"key":"Bottled Lightning"},{"floor":11,"key":"Potion Belt"}],"event_choices":[{"damage_healed":0,"gold_gain":0,"player_choice":"Upgraded","damage_taken":0,"max_hp_gain":0,"max_hp_loss":0,"event_name":"Upgrade Shrine","floor":4,"gold_loss":0,"cards_upgraded":["Armaments"]},{"cards_removed":["Brutality"],"damage_healed":42,"gold_gain":0,"player_choice":"Offered Rare","damage_taken":0,"max_hp_gain":10,"max_hp_loss":0,"event_name":"Bonfire Elementals","floor":8,"gold_loss":0},{"damage_healed":0,"gold_gain":0,"player_choice":"Read","damage_taken":0,"max_hp_gain":0,"max_hp_loss":0,"event_name":"The Library","floor":20,"gold_loss":0,"cards_obtained":["Wild Strike"]},{"damage_healed":0,"gold_gain":0,"player_choice":"Obtained Relic","damage_taken":0,"relics_obtained":["Bag of Preparation"],"max_hp_gain":0,"max_hp_loss":0,"event_name":"Addict","floor":21,"gold_loss":85},{"damage_healed":0,"gold_gain":0,"player_choice":"Shed Blood","damage_taken":23,"max_hp_gain":5,"max_hp_loss":0,"event_name":"Forgotten Altar","floor":22,"gold_loss":0}],"is_beta":false,"boss_relics":[{"not_picked":["Runic Pyramid","Pandora\u0027s Box"],"picked":"Cursed Key"}],"items_purged_floors":[],"is_endless":false,"potions_floor_spawned":[6,10,11,14,19],"killed_by":"Snecko","ascension_level":6}