{"gold_per_floor":[113,63,77,77,77,77,77,77,77,105,118,118,132,207,207,302,302,319,319,319,0,19,19,19],"floor_reached":24,"playtime":1822,"items_purged":[],"score":246,"play_id":"bebfb0a5-04e7-42c4-911a-8d33ebb8d40f","local_time":"20190408182753","is_ascension_mode":true,"campfire_choices":[{"data":"Neutralize","floor":6,"key":"SMITH"},{"data":"Dagger Spray","floor":8,"key":"SMITH"},{"data":"Tactician","floor":12,"key":"SMITH"},{"floor":15,"key":"REST"},{"data":"Skewer","floor":23,"key":"SMITH"}],"neow_cost":"NONE","seed_source_timestamp":802289510768800,"circlet_count":0,"master_deck":["Defend_G","Defend_G","Defend_G","Defend_G","Defend_G","Survivor","Neutralize+1","Dagger Spray+1","Backflip","Tactician+1","Skewer+1","Die Die Die","Prepared","Backflip","Caltrops","Cloak And Dagger","Caltrops","Acrobatics","Bite","Bite","Bite","Bite","Bite","Caltrops"],"relics":["Ring of the Snake","Art of War","Tough Bandages","Shuriken","Gremlin Horn","Orrery","Ornamental Fan"],"potions_floor_usage":[10,10,18,22],"damage_taken":[{"damage":1,"enemies":"Small Slimes","floor":1,"turns":4},{"damage":10,"enemies":"Jaw Worm","floor":3,"turns":7},{"damage":12,"enemies":"Gremlin Nob","floor":10,"turns":3},{"damage":0,"enemies":"Cultist","floor":11,"turns":3},{"damage":3,"enemies":"Blue Slaver","floor":13,"turns":4},{"damage":35,"enemies":"The Guardian","floor":16,"turns":12},{"damage":23,"enemies":"Chosen","floor":18,"turns":8},{"damage":16,"enemies":"Spheric Guardian","floor":22,"turns":5},{"damage":57,"enemies":"Gremlin Leader","floor":24,"turns":4}],"seed_played":"4032102205206022067","potions_obtained":[{"floor":7,"key":"Weak Potion"},{"floor":7,"key":"Strength Potion"},{"floor":7,"key":"Explosive Potion"},{"floor":16,"key":"Regen Potion"}],"is_trial":false,"path_per_floor":["M","?","M","?","?","R","?","R","T","E","M","R","M","?","R","B",null,"M","?","?","$","M","R","E"],"character_chosen":"THE_SILENT","items_purchased":["Ornamental Fan","Caltrops"],"campfire_rested":1,"item_purchase_floors":[21,21],"current_hp_per_floor":[69,69,59,64,57,57,57,57,57,45,45,45,42,31,53,18,75,52,52,44,44,45,45,0],"gold":19,"neow_bonus":"RANDOM_COMMON_RELIC","is_prod":false,"is_daily":false,"chose_seed":false,"campfire_upgraded":4,"win_rate":0,"timestamp":1554762473,"path_taken":["M","?","M","?","?","R","?","R","T","E","?","R","M","?","R","BOSS","M","?","?","$","M","R","E"],"build_version":"2019-01-23","purchased_purges":0,"victory":false,"max_hp_per_floor":[70,70,70,75,75,75,75,75,75,75,75,75,75,75,75,75,75,75,52,57,57,57,57,57],"card_choices":[{"not_picked":["Dagger Throw","Blade Dance","Tactician"],"picked":"SKIP","floor":1},{"not_picked":["Flying Knee","Underhanded Strike"],"picked":"Dagger Spray","floor":3},{"not_picked":["Dash","Night Terror"],"picked":"Backflip","floor":10},{"not_picked":["Deadly Poison","Endless Agony"],"picked":"Tactician","floor":11},{"not_picked":["Poisoned Stab","Dodge and Roll"],"picked":"Skewer","floor":13},{"not_picked":["Doppelganger","Night Terror"],"picked":"Die Die Die","floor":16},{"not_picked":["Sucker Punch","Cloak And Dagger"],"picked":"Prepared","floor":17},{"not_picked":["Heel Hook","Escape Plan"],"picked":"Backflip","floor":17},{"not_picked":["Infinite Blades","Underhanded Strike"],"picked":"Caltrops","floor":17},{"not_picked":["Bane","Blade Dance"],"picked":"Cloak And Dagger","floor":17},{"not_picked":["Endless Agony","Eviscerate"],"picked":"Caltrops","floor":17},{"not_picked":["PiercingWail","Dodge and Roll+1"],"picked":"Acrobatics","floor":18},{"not_picked":["Flechettes","Slice","Bane"],"picked":"SKIP","floor":22}],"player_experience":268791,"relics_obtained":[{"floor":9,"key":"Shuriken"},{"floor":10,"key":"Gremlin Horn"}],"event_choices":[{"cards_removed":["Strike_G"],"damage_healed":0,"gold_gain":0,"player_choice":"Card Removal","damage_taken":0,"max_hp_gain":0,"max_hp_loss":0,"event_name":"The Cleric","floor":2,"gold_loss":50},{"damage_healed":0,"gold_gain":0,"player_choice":"Donut","damage_taken":0,"max_hp_gain":5,"max_hp_loss":0,"event_name":"Big Fish","floor":4,"gold_loss":0},{"damage_healed":0,"gold_gain":0,"player_choice":"Success","damage_taken":7,"relics_obtained":["Tough Bandages"],"max_hp_gain":0,"max_hp_loss":0,"event_name":"Scrap Ooze","floor":5,"gold_loss":0},{"damage_healed":0,"gold_gain":0,"player_choice":"Got Potions","damage_taken":0,"max_hp_gain":0,"max_hp_loss":0,"event_name":"Lab","floor":7,"gold_loss":0},{"damage_healed":0,"gold_gain":75,"player_choice":"Gather Gold","damage_taken":11,"max_hp_gain":0,"max_hp_loss":0,"event_name":"World of Goop","floor":14,"gold_loss":0},{"damage_healed":0,"gold_gain":0,"player_choice":"Became a vampire","damage_taken":0,"max_hp_gain":0,"max_hp_loss":23,"event_name":"Vampires","floor":19,"gold_loss":0,"cards_obtained":["Bite","Bite","Bite","Bite","Bite"]},{"damage_healed":0,"gold_gain":0,"player_choice":"Shed Blood","damage_taken":13,"max_hp_gain":5,"max_hp_loss":0,"event_name":"Forgotten Altar","floor":20,"gold_loss":0}],"is_beta":false,"boss_relics":[{"not_picked":["Astrolabe","Ring of the Serpent"],"picked":"Orrery"}],"items_purged_floors":[],"is_endless":false,"potions_floor_spawned":[16],"killed_by":"Gremlin Leader","ascension_level":3}