{"path_per_floor":["M","?","M","M","T","E","?","?","T","M","E","R","$","M","R","B",null,"M","?","M","$","M","R","?","R","T","?","E","M","M","M","R","B",null,"M","M","$","M","?","R","E","M","T","R","?","M","R","E","R","B"],"character_chosen":"IRONCLAD","items_purchased":["Vajra","Regen Potion","Warcry","Feel No Pain","Mummified Hand"],"gold_per_floor":[12,12,23,35,58,88,88,141,141,160,194,194,3,22,22,120,120,135,135,147,26,39,39,39,39,39,39,71,91,108,128,128,228,228,245,259,15,34,34,34,62,80,137,137,137,150,150,185,185,185],"floor_reached":51,"campfire_rested":2,"playtime":3254,"current_hp_per_floor":[92,92,96,90,90,81,81,81,81,95,81,81,81,85,85,77,96,95,106,67,67,55,55,55,55,69,69,56,57,59,62,113,67,120,110,94,94,103,103,103,106,106,106,106,106,70,70,60,111,67],"items_purged":[],"gold":185,"score":916,"play_id":"dc13130a-7170-4d4c-a7ea-1e57f927ecd8","local_time":"20180310215845","is_prod":false,"is_daily":false,"is_ascension_mode":true,"campfire_upgraded":7,"timestamp":1520737125,"path_taken":["M","?","M","M","?","E","?","?","T","M","E","R","$","M","R","BOSS","M","?","M","$","M","R","?","R","T","?","E","M","M","M","R","BOSS","M","?","$","M","?","R","E","M","T","R","?","M","R","E","R","BOSS"],"build_version":"2018-03-08-BETA","purchased_purges":0,"victory":true,"master_deck":["Defend_R","Defend_R","Defend_R","Defend_R","Bash+1","Flame Barrier","Feel No Pain+1","Inflame","Corruption+1","Shockwave+1","Carnage","Offering","Spot Weakness","Flex","Burning Pact","Hemokinesis","Clothesline","Entrench","Flame Barrier+1","Warcry+1","Feel No Pain+1","Rage","Sever Soul","Bite","Bite","Bite","Bite","Bite","Seeing Red","Burning Pact+1","Pommel Strike","Intimidate","Offering","Pommel Strike","Rupture+1","Combust+1","Inflame","Pommel Strike+1","Offering","Metallicize","Shockwave+1"],"max_hp_per_floor":[96,96,96,96,96,96,96,96,96,96,96,96,96,96,96,96,96,96,106,106,106,106,106,106,106,120,120,120,120,120,120,120,120,120,120,120,120,120,120,120,120,120,120,120,120,120,120,120,120,120],"relics":["Burning Blood","Pantograph","Ginger","Bronze Scales","Vajra","Orrery","Mango","Regal Pillow","Philosopher\u0027s Stone","Mummified Hand","Prayer Wheel","Tiny Chest","Pen Nib"],"card_choices":[{"not_picked":["Havoc","Dual Wield"],"picked":"Flame Barrier"},{"not_picked":["Clash","Dual Wield"],"picked":"Feel No Pain"},{"not_picked":["Second Wind","Flex"],"picked":"Inflame"},{"not_picked":["True Grit","Battle Trance"],"picked":"Reaper"},{"not_picked":["True Grit","Burning Pact"],"picked":"Corruption"},{"not_picked":["Flame Barrier","Power Through"],"picked":"Shockwave"},{"not_picked":["Fire Breathing","Body Slam"],"picked":"Carnage"},{"not_picked":["Impervious","Juggernaut"],"picked":"Offering"},{"not_picked":["Flex","Iron Wave"],"picked":"Spot Weakness"},{"not_picked":["Carnage","Body Slam"],"picked":"Flex"},{"not_picked":["Thunderclap","Cleave"],"picked":"Burning Pact"},{"not_picked":["Perfected Strike","Armaments"],"picked":"Hemokinesis"},{"not_picked":["Heavy Blade","Flex"],"picked":"Clothesline"},{"not_picked":["Headbutt","Iron Wave"],"picked":"Entrench"},{"not_picked":["Whirlwind","Shockwave"],"picked":"Flame Barrier"},{"not_picked":["True Grit","Wild Strike"],"picked":"Rage"},{"not_picked":["Rupture","Wild Strike"],"picked":"Seeing Red"},{"not_picked":["Immolate","Clothesline"],"picked":"Burning Pact"},{"not_picked":["Whirlwind","Headbutt"],"picked":"Pommel Strike"},{"not_picked":["Flex","Armaments"],"picked":"Intimidate"},{"not_picked":["Immolate","Impervious"],"picked":"Offering"},{"not_picked":["Corruption","Clothesline"],"picked":"Pommel Strike"},{"not_picked":["Exhume","Flame Barrier"],"picked":"Rupture"},{"not_picked":["Cleave","Clothesline"],"picked":"Combust"},{"not_picked":["Heavy Blade","Ghostly Armor"],"picked":"Inflame"},{"not_picked":["Headbutt","Iron Wave"],"picked":"Pommel Strike"},{"not_picked":["Havoc","Heavy Blade"],"picked":"Metallicize"},{"not_picked":["Anger","Feed"],"picked":"Shockwave"}],"player_experience":69800,"potions_floor_usage":[6,11,16,22,28,31,33,33,42,48,50,50],"damage_taken":[{"damage":10,"enemies":"Small Slimes","floor":1,"turns":4},{"damage":0,"enemies":"2 Louse","floor":3,"turns":3},{"damage":12,"enemies":"Jaw Worm","floor":4,"turns":3},{"damage":17,"enemies":"3 Sentries","floor":6,"turns":12},{"damage":0,"enemies":"Exordium Wildlife","floor":10,"turns":3},{"damage":30,"enemies":"Lagavulin","floor":11,"turns":7},{"damage":13,"enemies":"3 Louse","floor":14,"turns":3},{"damage":35,"enemies":"Hexaghost","floor":16,"turns":9},{"damage":7,"enemies":"Shell Parasite","floor":18,"turns":4},{"damage":45,"enemies":"2 Thieves","floor":20,"turns":4},{"damage":35,"enemies":"Chosen and Byrds","floor":22,"turns":5},{"damage":29,"enemies":"Book of Stabbing","floor":28,"turns":5},{"damage":17,"enemies":"Centurion and Healer","floor":29,"turns":6},{"damage":14,"enemies":"3 Cultists","floor":30,"turns":6},{"damage":7,"enemies":"Chosen and Byrds","floor":31,"turns":6},{"damage":82,"enemies":"Collector","floor":33,"turns":10},{"damage":24,"enemies":"Orb Walker","floor":35,"turns":3},{"damage":28,"enemies":"3 Shapes","floor":36,"turns":6},{"damage":11,"enemies":"Flame Bruiser 2 Orb","floor":38,"turns":7},{"damage":19,"enemies":"Giant Head","floor":41,"turns":7},{"damage":14,"enemies":"Spire Growth","floor":42,"turns":5},{"damage":54,"enemies":"Sphere and 2 Shapes","floor":46,"turns":5},{"damage":22,"enemies":"Nemesis","floor":48,"turns":5},{"damage":67,"enemies":"Donu and Deca","floor":50,"turns":7}],"event_choices":[{"event_name":"The Cleric","player_choice":"Leave","floor":2,"damage_taken":0},{"event_name":"Upgrade Shrine","player_choice":"Upgraded","floor":7,"damage_taken":0},{"event_name":"Golden Wing","player_choice":"Gained Gold","floor":8,"damage_taken":0},{"event_name":"Bonfire Elementals","player_choice":"RARE","floor":19,"damage_taken":0},{"event_name":"Transmorgrifier","player_choice":"Transform","floor":24,"damage_taken":0},{"event_name":"Vampires","player_choice":"Became a vampire (Vial)","floor":27,"damage_taken":0},{"event_name":"The Lab","player_choice":"Got Potions","floor":39,"damage_taken":0},{"event_name":"Duplicator","player_choice":"One dupe","floor":45,"damage_taken":0}],"boss_relics":[{"not_picked":["Astrolabe","Lizard Tail"],"picked":"Orrery"},{"not_picked":["Runic Dome","Runic Pyramid"],"picked":"Philosopher\u0027s Stone"}],"potions_floor_spawned":[1,6,10,11,16,20,28,29,33,35,38,46],"seed_played":"-4595696627620075256","ascension_level":3,"is_trial":false}