{"gold_per_floor":[111,122,297,322,333,333,368,368,391,391,403,403,73,21,21,120,120,102,115,0,0,0,0,0,17,93,93,93,112,123,138,138,138],"floor_reached":33,"playtime":1087,"items_purged":[],"score":245,"play_id":"47c95dd7-2866-40e8-9b8f-147cc1479e6d","local_time":"20190213121611","is_ascension_mode":false,"campfire_choices":[{"data":"Chaos","floor":6,"key":"SMITH"},{"data":"Loop","floor":12,"key":"SMITH"},{"data":"Panache","floor":15,"key":"SMITH"},{"data":"Turbo","floor":23,"key":"SMITH"},{"data":"Self Repair","floor":28,"key":"SMITH"},{"floor":32,"key":"REST"}],"neow_cost":"NONE","seed_source_timestamp":60384585167232,"circlet_count":0,"master_deck":["Strike_B","Strike_B","Strike_B","Defend_B","Defend_B","Defend_B","Defend_B","Zap+1","Dualcast","Cold Snap","Core Surge","Doubt","Chaos+1","Core Surge","Loop+1","Panache+1","Steam","Flash of Steel","Turbo+1","Reboot","Double Energy+1","Hologram","Self Repair+1","Static Discharge","Blizzard+1","Cold Snap"],"relics":["FrozenCore"],"potions_floor_usage":[7,16,29,29,30,31],"damage_taken":[{"damage":2,"enemies":"Small Slimes","floor":1,"turns":3},{"damage":1,"enemies":"Jaw Worm","floor":2,"turns":3},{"damage":0,"enemies":"2 Louse","floor":5,"turns":2},{"damage":11,"enemies":"3 Sentries","floor":7,"turns":9},{"damage":4,"enemies":"Looter","floor":11,"turns":3},{"damage":16,"enemies":"Hexaghost","floor":16,"turns":9},{"damage":24,"enemies":"2 Thieves","floor":18,"turns":4},{"damage":11,"enemies":"Shell Parasite","floor":19,"turns":6},{"damage":0,"enemies":"Centurion and Healer","floor":25,"turns":4},{"damage":13,"enemies":"Snake Plant","floor":29,"turns":5},{"damage":22,"enemies":"Shelled Parasite and Fungi","floor":30,"turns":6},{"damage":14,"enemies":"Centurion and Healer","floor":31,"turns":7},{"damage":50,"enemies":"Automaton","floor":33,"turns":6}],"seed_played":"-2125882874849635561","potions_obtained":[{"floor":5,"key":"Dexterity Potion"},{"floor":7,"key":"AttackPotion"},{"floor":27,"key":"LiquidBronze"},{"floor":27,"key":"AttackPotion"},{"floor":27,"key":"FearPotion"},{"floor":29,"key":"EssenceOfSteel"},{"floor":30,"key":"SkillPotion"}],"is_trial":false,"path_per_floor":["M","M","?","T","M","R","E","?","T","?","M","R","$","$","R","B",null,"M","M","?","?","$","R","?","M","T","?","R","M","M","M","R","B"],"character_chosen":"DEFECT","items_purchased":["Panache","Steam","Flash of Steel","Turbo"],"campfire_rested":1,"item_purchase_floors":[13,13,13,14],"current_hp_per_floor":[73,72,72,72,72,72,61,61,61,61,57,57,57,57,57,41,75,51,40,40,40,40,40,40,40,40,40,40,37,25,21,43,0],"gold":138,"neow_bonus":"REMOVE_CARD","is_prod":false,"is_daily":false,"chose_seed":false,"campfire_upgraded":5,"win_rate":0,"timestamp":1550085371,"path_taken":["M","M","?","?","M","R","E","?","T","?","M","R","?","$","R","BOSS","M","M","?","?","$","R","?","M","T","?","R","M","M","M","R","BOSS"],"build_version":"2019-01-23","purchased_purges":0,"victory":false,"max_hp_per_floor":[75,75,75,75,75,75,75,75,75,75,75,75,75,75,75,75,75,75,75,75,75,75,75,75,75,75,75,75,75,75,75,75,75],"card_choices":[{"not_picked":["Conserve Battery","Stack"],"picked":"Cold Snap","floor":1},{"not_picked":["Cold Snap","Leap"],"picked":"Core Surge","floor":2},{"not_picked":["Undo","Rebound"],"picked":"Chaos","floor":5},{"not_picked":["Beam Cell","Reprogram"],"picked":"Core Surge","floor":7},{"not_picked":["Gash","Hello World"],"picked":"Loop","floor":11},{"not_picked":["Hyperbeam","Buffer"],"picked":"Reboot","floor":16},{"not_picked":["Barrage+1","Sweeping Beam+1"],"picked":"Double Energy+1","floor":18},{"not_picked":["Darkness","Chill"],"picked":"Hologram","floor":19},{"not_picked":["Redo","Rebound"],"picked":"Self Repair","floor":25},{"not_picked":["Leap","Buffer"],"picked":"Static Discharge","floor":29},{"not_picked":["Sweeping Beam","BootSequence+1"],"picked":"Blizzard+1","floor":30},{"not_picked":["Compile Driver","Barrage+1"],"picked":"Cold Snap","floor":31}],"player_experience":1454301,"relics_obtained":[],"event_choices":[{"damage_healed":0,"gold_gain":175,"player_choice":"AGREE","damage_taken":0,"max_hp_gain":0,"max_hp_loss":0,"event_name":"Liars Game","floor":3,"gold_loss":0,"cards_obtained":["Doubt"]},{"damage_healed":0,"gold_gain":0,"player_choice":"Fled","damage_taken":0,"max_hp_gain":0,"max_hp_loss":0,"event_name":"Scrap Ooze","floor":8,"gold_loss":0},{"damage_healed":0,"gold_gain":0,"player_choice":"Grow","damage_taken":0,"max_hp_gain":0,"max_hp_loss":0,"event_name":"Living Wall","floor":10,"gold_loss":0,"cards_upgraded":["Zap"]},{"damage_healed":0,"gold_gain":0,"player_choice":"Paid Fearfully","damage_taken":0,"max_hp_gain":0,"max_hp_loss":0,"event_name":"Masked Bandits","floor":20,"gold_loss":115},{"damage_healed":0,"gold_gain":0,"player_choice":"Ignored","damage_taken":0,"max_hp_gain":0,"max_hp_loss":0,"event_name":"The Mausoleum","floor":24,"gold_loss":0},{"damage_healed":0,"gold_gain":0,"player_choice":"Got Potions","damage_taken":0,"max_hp_gain":0,"max_hp_loss":0,"event_name":"Lab","floor":27,"gold_loss":0}],"is_beta":false,"boss_relics":[{"not_picked":["Tiny House","Runic Dome"],"picked":"FrozenCore"}],"items_purged_floors":[],"is_endless":false,"potions_floor_spawned":[5,7,29,30],"killed_by":"Automaton","ascension_level":0}