{"gold_per_floor":[219,236,254,254,269,269,296,307,375,386,386,561,587,606,606,606],"floor_reached":16,"playtime":486,"items_purged":[],"score":114,"play_id":"c5b7031b-9d76-428a-b681-67d40e2e08df","local_time":"20190211163237","is_ascension_mode":false,"campfire_choices":[{"data":"Zap","floor":6.0,"key":"SMITH"},{"floor":15,"key":"REST"}],"neow_cost":"NONE","seed_source_timestamp":1138716854142507,"circlet_count":0,"master_deck":["Strike_B","Strike_B","Strike_B","Strike_B","Defend_B","Defend_B","Defend_B","Defend_B","Zap+1","Dualcast","Rebound","Sweeping Beam","Hemokinesis+1","Ball Lightning","Hyperbeam","Rebound","Lockon","Doubt","Melter","White Noise"],"special_seed":0,"relics":["Cracked Core"],"potions_floor_usage":[13,16],"damage_taken":[{"damage":0.0,"enemies":"2 Louse","floor":1.0,"turns":2.0},{"damage":1.0,"enemies":"Cultist","floor":2.0,"turns":3.0},{"damage":3.0,"enemies":"Small Slimes","floor":3.0,"turns":3.0},{"damage":4.0,"enemies":"Blue Slaver","floor":5.0,"turns":2.0},{"damage":16,"enemies":"Gremlin Nob","floor":7,"turns":3},{"damage":5,"enemies":"Exordium Thugs","floor":8,"turns":2},{"damage":2,"enemies":"Large Slime","floor":10,"turns":2},{"damage":17,"enemies":"3 Sentries","floor":13,"turns":4},{"damage":7,"enemies":"Gremlin Gang","floor":14,"turns":4},{"damage":44,"enemies":"The Guardian","floor":16,"turns":8}],"seed_played":"3572754406673501229","potions_obtained":[{"floor":2.0,"key":"Swift Potion"},{"floor":3.0,"key":"GamblersBrew"},{"floor":7,"key":"Energy Potion"},{"floor":10,"key":"AttackPotion"}],"is_trial":false,"path_per_floor":["M","M","M","?","M","R","E","M","T","M","?","?","E","M","R","B"],"character_chosen":"DEFECT","items_purchased":[],"campfire_rested":1,"item_purchase_floors":[],"current_hp_per_floor":[75,74,71,71,67,67,51,46,46,44,44,44,27,20,42,0],"gold":606,"neow_bonus":"HUNDRED_GOLD","is_prod":false,"is_daily":false,"chose_seed":false,"campfire_upgraded":1,"win_rate":0,"timestamp":1549927957,"path_taken":["M","M","M","?","M","R","E","M","T","?","?","?","E","M","R","BOSS"],"build_version":"2019-01-23","purchased_purges":0,"victory":false,"max_hp_per_floor":[75,75,75,75,75,75,75,75,75,75,75,75,75,75,75,75],"card_choices":[{"not_picked":["Compile Driver","Streamline"],"picked":"Rebound","floor":1.0},{"not_picked":["Streamline","Fusion"],"picked":"Sweeping Beam","floor":2.0},{"not_picked":["Conserve Battery","Force Field"],"picked":"Static Discharge","floor":3.0},{"not_picked":["Aggregate","Recycle"],"picked":"Ball Lightning","floor":5.0},{"not_picked":["Steam","Compile Driver"],"picked":"Hyperbeam","floor":7},{"not_picked":["Conserve Battery","Lockon"],"picked":"Rebound","floor":8},{"not_picked":["Chaos","Darkness"],"picked":"Lockon","floor":10},{"not_picked":["Hello World","Scrape"],"picked":"Melter","floor":13},{"not_picked":["Reinforced Body","Chill"],"picked":"White Noise","floor":14}],"player_experience":1439150,"relics_obtained":[],"event_choices":[{"cards_removed":["Static Discharge"],"damage_healed":0.0,"max_hp_gain":0.0,"max_hp_loss":0.0,"gold_gain":0.0,"event_name":"NoteForYourself","player_choice":"Took Card","floor":4.0,"gold_loss":0.0,"damage_taken":0.0,"cards_obtained":["Hemokinesis"]},{"damage_healed":0,"gold_gain":0,"player_choice":"Searched \u00270\u0027 times","damage_taken":0,"max_hp_gain":0,"max_hp_loss":0,"event_name":"Dead Adventurer","floor":11,"gold_loss":0},{"damage_healed":0,"gold_gain":175,"player_choice":"AGREE","damage_taken":0,"max_hp_gain":0,"max_hp_loss":0,"event_name":"Liars Game","floor":12,"gold_loss":0,"cards_obtained":["Doubt"]}],"is_beta":false,"boss_relics":[],"items_purged_floors":[],"is_endless":false,"potions_floor_spawned":[2,3,7,10],"killed_by":"The Guardian","ascension_level":0}