{"gold_per_floor":[118,130,130,29,29,63,76,90,90,90,100,100,116,148,148,251,251,264,264,279,17,35,35],"floor_reached":23,"playtime":1228,"items_purged":["Regret"],"score":238,"play_id":"b94555de-899e-47d2-b52d-31aae0fc5d87","local_time":"20180818144357","is_ascension_mode":true,"campfire_choices":[{"floor":12,"key":"REST"},{"floor":15,"key":"REST"}],"neow_cost":"NONE","seed_source_timestamp":133993288960749,"circlet_count":0,"master_deck":["Defend_G","Defend_G","Defend_G","Strike_G","Strike_G","Strike_G","Strike_G","Survivor","Neutralize","Acrobatics+1","Finisher+1","Noxious Fumes+1","Quick Slash","Infinite Blades","Outmaneuver","Infinite Blades","Dash","Deflect","Deflect","Dagger Spray","Flying Knee","Glass Knife","Parasite","Normality","Shame","Poisoned Stab","Backstab","Caltrops","Outmaneuver","Dagger Throw","Underhanded Strike","Noxious Fumes"],"relics":["Astrolabe","Regal Pillow","Incense Burner","Darkstone Periapt","Dodecahedron","Centennial Puzzle","Calling Bell","Juzu Bracelet","Ninja Scroll","Tough Bandages"],"potions_floor_usage":[11,14,14,16,22],"damage_taken":[{"damage":7,"enemies":"2 Louse","floor":1,"turns":2},{"damage":1,"enemies":"Small Slimes","floor":2,"turns":3},{"damage":25,"enemies":"3 Sentries","floor":6,"turns":7},{"damage":0,"enemies":"Cultist","floor":7,"turns":3},{"damage":11,"enemies":"Blue Slaver","floor":8,"turns":3},{"damage":13,"enemies":"Red Slaver","floor":11,"turns":3},{"damage":12,"enemies":"Exordium Thugs","floor":13,"turns":4},{"damage":22,"enemies":"Lagavulin","floor":14,"turns":6},{"damage":51,"enemies":"The Guardian","floor":16,"turns":12},{"damage":21,"enemies":"Spheric Guardian","floor":18,"turns":5},{"damage":34,"enemies":"Shell Parasite","floor":20,"turns":6},{"damage":0,"enemies":"Snecko","floor":22,"turns":2},{"damage":43,"enemies":"Slavers","floor":23,"turns":3}],"seed_played":"6331646988161916887","potions_obtained":[{"floor":2,"key":"Fire Potion"},{"floor":11,"key":"Regen Potion"},{"floor":13,"key":"SkillPotion"},{"floor":14,"key":"GhostInAJar"},{"floor":16,"key":"FearPotion"}],"is_trial":false,"path_per_floor":["M","M","?","$","?","E","M","M","T","?","M","R","M","E","R","B",null,"M","?","M","$","M"],"character_chosen":"THE_SILENT","items_purchased":["Outmaneuver","Infinite Blades","Caltrops","Outmaneuver","Dagger Throw","Underhanded Strike"],"campfire_rested":2,"item_purchase_floors":[4,4,21,21,21,21],"current_hp_per_floor":[63,62,62,62,55,30,30,19,19,25,12,49,37,30,67,16,94,73,73,39,39,39,0],"gold":35,"neow_bonus":"BOSS_RELIC","is_prod":false,"is_daily":false,"chose_seed":false,"campfire_upgraded":0,"win_rate":0,"timestamp":1534625037,"path_taken":["M","M","?","$","?","E","M","M","T","?","M","R","M","E","R","BOSS","M","?","M","$","M","E"],"build_version":"2018-08-16","purchased_purges":1,"victory":false,"max_hp_per_floor":[70,70,70,70,70,70,70,70,70,76,76,76,76,76,76,76,94,94,94,94,94,94,94],"card_choices":[{"not_picked":["Underhanded Strike","Prepared"],"picked":"Quick Slash","floor":1},{"not_picked":["Cloak And Dagger","Dagger Throw"],"picked":"Infinite Blades","floor":2},{"not_picked":["Doppelganger","Outmaneuver"],"picked":"Dash","floor":6},{"not_picked":["Dodge and Roll","Sucker Punch"],"picked":"Deflect","floor":7},{"not_picked":["Underhanded Strike","Blur"],"picked":"Deflect","floor":8},{"not_picked":["Bouncing Flask","Riddle With Holes"],"picked":"Dagger Spray","floor":11},{"not_picked":["Sucker Punch","Masterful Stab"],"picked":"Flying Knee","floor":13},{"not_picked":["Reflex","Acrobatics"],"picked":"Glass Knife","floor":14},{"not_picked":["Bouncing Flask","Reflex"],"picked":"Poisoned Stab","floor":18},{"not_picked":["Flying Knee","Backflip"],"picked":"Backstab","floor":20},{"not_picked":["Outmaneuver","Sucker Punch"],"picked":"Noxious Fumes","floor":22}],"player_experience":248807,"relics_obtained":[{"floor":6,"key":"Incense Burner"},{"floor":9,"key":"Darkstone Periapt"},{"floor":14,"key":"Centennial Puzzle"},{"floor":17,"key":"Juzu Bracelet"},{"floor":17,"key":"Ninja Scroll"},{"floor":17,"key":"Tough Bandages"}],"event_choices":[{"event_name":"Liars Game","player_choice":"disagreed","floor":3,"damage_taken":0},{"event_name":"Scrap Ooze","player_choice":"success","floor":5,"damage_taken":7},{"event_name":"Big Fish","player_choice":"Box","floor":10,"damage_taken":0},{"event_name":"Drug Dealer","player_choice":"Ignored","floor":19,"damage_taken":0}],"is_beta":false,"boss_relics":[{"not_picked":["Ectoplasm","Snecko Eye"],"picked":"Calling Bell"}],"items_purged_floors":[21],"is_endless":false,"potions_floor_spawned":[2,11,13,14,16],"killed_by":"Slavers","ascension_level":1}