{"gold_per_floor":[118,118,133,145,165,200,217,229,229,249,249,109,129,140,140,242,242,257,257,267,283,0,0,18,18,44,44,44],"floor_reached":28,"playtime":1335,"items_purged":[],"score":226,"play_id":"9689afde-f497-46e4-b0e4-18d70c0b9d51","local_time":"20181121101110","is_ascension_mode":false,"campfire_choices":[{"floor":15,"key":"REST"},{"floor":23,"key":"REST"},{"floor":25,"key":"REST"},{"floor":27,"key":"REST"}],"neow_cost":"NONE","seed_source_timestamp":663026138405460,"circlet_count":0,"master_deck":["Strike_R","Strike_R","Strike_R","Strike_R","Strike_R","Defend_R","Defend_R","Defend_R","Defend_R","Bash","Corruption","Shrug It Off+1","Uppercut","Wild Strike","Double Tap","Iron Wave","True Grit","Ghostly Armor+1","Pommel Strike","Havoc+1","Demon Form","Feed","Twin Strike","Pummel","Shrug It Off+1"],"relics":["Burning Blood","Singing Bowl","Bottled Tornado","Toxic Egg 2","Lizard Tail"],"potions_floor_usage":[14,16,18,21,28],"damage_taken":[{"damage":11,"enemies":"Jaw Worm","floor":1,"turns":6},{"damage":1,"enemies":"Cultist","floor":3,"turns":4},{"damage":0,"enemies":"Small Slimes","floor":4,"turns":3},{"damage":2,"enemies":"3 Louse","floor":5,"turns":4},{"damage":52,"enemies":"3 Sentries","floor":6,"turns":10},{"damage":0,"enemies":"Looter","floor":7,"turns":2},{"damage":8,"enemies":"Red Slaver","floor":8,"turns":3},{"damage":25,"enemies":"Exordium Thugs","floor":10,"turns":5},{"damage":6,"enemies":"3 Louse","floor":13,"turns":4},{"damage":0,"enemies":"Blue Slaver","floor":14,"turns":4},{"damage":40,"enemies":"The Guardian","floor":16,"turns":9},{"damage":10,"enemies":"3 Byrds","floor":18,"turns":3},{"damage":31,"enemies":"Spheric Guardian","floor":20,"turns":6},{"damage":30,"enemies":"Centurion and Healer","floor":21,"turns":9},{"damage":43,"enemies":"Snake Plant","floor":24,"turns":6},{"damage":126,"enemies":"Gremlin Leader","floor":28,"turns":10}],"seed_played":"4319418273301203356","potions_obtained":[{"floor":1,"key":"SpeedPotion"},{"floor":5,"key":"Swift Potion"},{"floor":7,"key":"LiquidBronze"},{"floor":10,"key":"PowerPotion"},{"floor":16,"key":"SteroidPotion"},{"floor":18,"key":"SpeedPotion"}],"is_trial":false,"path_per_floor":["M","?","M","M","M","E","M","M","T","M","T","$","M","M","R","B",null,"M","?","M","M","?","R","M","R","T","R","E"],"character_chosen":"IRONCLAD","items_purchased":["Ghostly Armor+1","Pommel Strike","Havoc+1"],"campfire_rested":4,"item_purchase_floors":[12,12,12],"current_hp_per_floor":[75,75,80,80,80,34,42,40,40,21,21,21,23,29,54,20,84,80,80,55,33,33,58,23,49,49,75,0],"gold":44,"neow_bonus":"THREE_CARDS","is_prod":false,"is_daily":false,"chose_seed":false,"campfire_upgraded":0,"win_rate":0,"timestamp":1542820270,"path_taken":["M","?","?","M","?","E","M","M","T","M","?","?","M","M","R","BOSS","M","?","M","M","?","R","M","R","T","R","E"],"build_version":"2018-11-15","purchased_purges":0,"victory":false,"max_hp_per_floor":[80,80,80,80,80,80,82,82,82,82,82,82,84,84,84,84,84,84,84,84,86,86,86,88,88,88,88,88],"card_choices":[{"not_picked":["Headbutt","Iron Wave"],"picked":"Corruption","floor":0},{"not_picked":["Cleave","Clash"],"picked":"Shrug It Off","floor":1},{"not_picked":["Thunderclap","Clash","Havoc"],"picked":"SKIP","floor":3},{"not_picked":["Burning Pact","Iron Wave"],"picked":"Uppercut","floor":4},{"not_picked":["Clash","Headbutt"],"picked":"Wild Strike","floor":5},{"not_picked":["Flex","Warcry"],"picked":"Double Tap","floor":6},{"not_picked":["Armaments","Flex","Cleave"],"picked":"Singing Bowl","floor":7},{"not_picked":["Anger","Thunderclap"],"picked":"Iron Wave","floor":8},{"not_picked":["Flex","Sever Soul"],"picked":"True Grit","floor":10},{"not_picked":["Clash","Evolve","Anger"],"picked":"Singing Bowl","floor":13},{"not_picked":["Pommel Strike","Headbutt"],"picked":"Demon Form","floor":14},{"not_picked":["Immolate","Dark Embrace"],"picked":"Feed","floor":16},{"not_picked":["Armaments+1","Thunderclap"],"picked":"Twin Strike","floor":18},{"not_picked":["Flame Barrier+1","Warcry+1"],"picked":"Shrug It Off+1","floor":20},{"not_picked":["Perfected Strike","Spot Weakness+1","Clash"],"picked":"Singing Bowl","floor":21},{"not_picked":["Body Slam","Flex+1","Cleave"],"picked":"Singing Bowl","floor":24}],"player_experience":1117174,"relics_obtained":[{"floor":6,"key":"Singing Bowl"},{"floor":9,"key":"Bottled Tornado"},{"floor":11,"key":"Toxic Egg 2"}],"event_choices":[{"damage_healed":0,"gold_gain":0,"player_choice":"Upgraded","damage_taken":0,"max_hp_gain":0,"max_hp_loss":0,"event_name":"Upgrade Shrine","floor":2,"gold_loss":0,"cards_upgraded":["Shrug It Off"]},{"damage_healed":0,"gold_gain":0,"player_choice":"Read","damage_taken":0,"max_hp_gain":0,"max_hp_loss":0,"event_name":"The Library","floor":19,"gold_loss":0,"cards_obtained":["Pummel"]},{"damage_healed":0,"gold_gain":0,"player_choice":"Paid Fearfully","damage_taken":0,"max_hp_gain":0,"max_hp_loss":0,"event_name":"Masked Bandits","floor":22,"gold_loss":283}],"is_beta":false,"boss_relics":[{"not_picked":["Philosopher\u0027s Stone","Runic Dome"],"picked":"Lizard Tail"}],"items_purged_floors":[],"is_endless":false,"potions_floor_spawned":[1,5,7,10,16,18],"killed_by":"Gremlin Leader","ascension_level":0}