{"gold_per_floor":[109,121,132,143,218,218,245,245,293,293,308,337,337,369,369,467,467,484,166,181,200,217,217,217,251,278,290,290],"floor_reached":28,"playtime":1808,"items_purged":["Strike_G"],"score":312,"play_id":"1cf668a3-2ca1-46fc-adb2-3f55058a05a9","local_time":"20190318124723","is_ascension_mode":true,"campfire_choices":[{"data":"Neutralize","floor":6,"key":"SMITH"},{"floor":10,"key":"REST"},{"floor":15,"key":"REST"},{"data":"Footwork","floor":23,"key":"SMITH"}],"neow_cost":"NONE","seed_source_timestamp":219749212409879,"circlet_count":0,"master_deck":["Defend_G","Defend_G","Defend_G","Defend_G+1","Defend_G","Strike_G","Strike_G","Strike_G","Survivor","Neutralize+1","Blade Dance","Footwork+1","Poisoned Stab","Sucker Punch","Skewer+1","Crippling Poison+1","Leg Sweep","Quick Slash","Adrenaline","Poisoned Stab"],"relics":["Ring of the Snake","Gremlin Horn","Happy Flower","Orichalcum","Bottled Lightning","Runic Pyramid","Ninja Scroll","Incense Burner","Vajra"],"potions_floor_usage":[12,14,22],"damage_taken":[{"damage":0,"enemies":"Jaw Worm","floor":1,"turns":5},{"damage":0,"enemies":"Small Slimes","floor":2,"turns":3},{"damage":0,"enemies":"2 Louse","floor":3,"turns":3},{"damage":13,"enemies":"Exordium Thugs","floor":4,"turns":8},{"damage":21,"enemies":"Lagavulin","floor":7,"turns":9},{"damage":0,"enemies":"Blue Slaver","floor":11,"turns":3},{"damage":8,"enemies":"3 Sentries","floor":12,"turns":7},{"damage":7,"enemies":"Gremlin Nob","floor":14,"turns":4},{"damage":22,"enemies":"The Guardian","floor":16,"turns":11},{"damage":2,"enemies":"Chosen","floor":18,"turns":4},{"damage":12,"enemies":"2 Thieves","floor":20,"turns":3},{"damage":2,"enemies":"Cultist and Chosen","floor":21,"turns":6},{"damage":2,"enemies":"Snecko","floor":22,"turns":4},{"damage":38,"enemies":"Slavers","floor":25,"turns":6},{"damage":0,"enemies":"Centurion and Healer","floor":27,"turns":7},{"damage":1,"enemies":"Gremlin Leader","floor":28,"turns":1}],"seed_played":"-5803354632351569064","potions_obtained":[{"floor":2,"key":"PowerPotion"},{"floor":4,"key":"Explosive Potion"},{"floor":12,"key":"Energy Potion"},{"floor":14,"key":"SpeedPotion"},{"floor":20,"key":"Block Potion"}],"is_trial":false,"path_per_floor":["?","?","?","?"],"character_chosen":"THE_SILENT","items_purchased":["Ninja Scroll"],"campfire_rested":2,"item_purchase_floors":[19],"current_hp_per_floor":[70,70,70,57,46,46,25,11,11,32,32,24,24,17,38,16,70,68,68,56,54,52,52,39,1,1,1,0],"gold":290,"neow_bonus":"REMOVE_CARD","is_prod":false,"is_daily":false,"chose_seed":false,"campfire_upgraded":2,"win_rate":0,"timestamp":1552927643,"path_taken":["M","M","M","M","?","R","E","?","T","R","M","E","?","E","R","BOSS","M","$","M","M","M","R","?","E","T","M","E"],"build_version":"2019-01-23","purchased_purges":1,"victory":false,"max_hp_per_floor":[70,70,70,70,70,70,70,70,70,70,70,70,70,70,70,70,70,70,70,70,70,70,70,75,75,75,75,75],"card_choices":[{"not_picked":["Calculated Gamble","Accuracy"],"picked":"Blade Dance","floor":1},{"not_picked":["Terror","Underhanded Strike"],"picked":"Footwork","floor":2},{"not_picked":["Dodge and Roll","Outmaneuver"],"picked":"Poisoned Stab","floor":3},{"not_picked":["Dagger Throw","Accuracy"],"picked":"Sucker Punch","floor":4},{"not_picked":["Backstab","Setup"],"picked":"Skewer","floor":7},{"not_picked":["All Out Attack","Tactician"],"picked":"Crippling Poison","floor":11},{"not_picked":["Poisoned Stab","Dash"],"picked":"Leg Sweep","floor":12},{"not_picked":["Flechettes","Expertise"],"picked":"Quick Slash","floor":14},{"not_picked":["Phantasmal Killer","Envenom"],"picked":"Adrenaline","floor":16},{"not_picked":["Sucker Punch","Quick Slash","Terror"],"picked":"SKIP","floor":18},{"not_picked":["Riddle With Holes","Predator+1","Sucker Punch"],"picked":"SKIP","floor":20},{"not_picked":["Glass Knife","Flechettes+1","Underhanded Strike"],"picked":"SKIP","floor":21},{"not_picked":["Prepared","Leg Sweep"],"picked":"Poisoned Stab","floor":22},{"not_picked":["Eviscerate","Quick Slash+1","Underhanded Strike+1"],"picked":"SKIP","floor":25},{"not_picked":["Bane","Choke","Glass Knife"],"picked":"SKIP","floor":27}],"player_experience":750220,"relics_obtained":[{"floor":7,"key":"Gremlin Horn"},{"floor":9,"key":"Happy Flower"},{"floor":12,"key":"Orichalcum"},{"floor":14,"key":"Bottled Lightning"},{"floor":25,"key":"Incense Burner"},{"floor":26,"key":"Vajra"}],"event_choices":[{"damage_healed":0,"gold_gain":75,"player_choice":"Gather Gold","damage_taken":11,"max_hp_gain":0,"max_hp_loss":0,"event_name":"World of Goop","floor":5,"gold_loss":0},{"damage_healed":0,"gold_gain":0,"player_choice":"Entered Light","damage_taken":14,"max_hp_gain":0,"max_hp_loss":0,"event_name":"Shining Light","floor":8,"gold_loss":0,"cards_upgraded":["Skewer","Defend_G"]},{"damage_healed":0,"gold_gain":0,"player_choice":"Grow","damage_taken":0,"max_hp_gain":0,"max_hp_loss":0,"event_name":"Living Wall","floor":13,"gold_loss":0,"cards_upgraded":["Crippling Poison"]},{"damage_healed":0,"gold_gain":0,"player_choice":"Shed Blood","damage_taken":18,"max_hp_gain":5,"max_hp_loss":0,"event_name":"Forgotten Altar","floor":24,"gold_loss":0}],"is_beta":false,"boss_relics":[{"not_picked":["White Beast Statue","Cursed Key"],"picked":"Runic Pyramid"}],"items_purged_floors":[19],"is_endless":false,"potions_floor_spawned":[2,4,12,14,20,21],"killed_by":"Gremlin Leader","ascension_level":4}