{"gold_per_floor":[112,131,131,131,141,141,166,182,182,182,57,74,89,118,118,217,217,227,198,218,218,218],"floor_reached":22,"playtime":1399,"items_purged":["Strike_G"],"score":307,"play_id":"25204fa3-0dff-41d3-925e-56fb9fab3253","local_time":"20190213235804","is_ascension_mode":true,"campfire_choices":[{"data":"Neutralize","floor":6,"key":"SMITH"},{"floor":10,"key":"REST"},{"data":"Footwork","floor":15,"key":"SMITH"}],"neow_cost":"PERCENT_DAMAGE","seed_source_timestamp":969733172606825,"circlet_count":0,"master_deck":["AscendersBane","Defend_G","Defend_G","Defend_G","Defend_G","Defend_G","Strike_G","Survivor","Neutralize+1","Burst","Dagger Spray","Backflip","Footwork+1","Bane","Poisoned Stab","Footwork","Quick Slash","Dagger Throw","Blur","Night Terror","PiercingWail","PiercingWail","Deadly Poison","Well Laid Plans","Prepared","Choke"],"relics":["Ring of the Snake","Art of War","Smiling Mask","Mercury Hourglass","Orrery"],"potions_floor_usage":[7,7,14,14,22,22],"damage_taken":[{"damage":7,"enemies":"Jaw Worm","floor":1,"turns":8},{"damage":0,"enemies":"Small Slimes","floor":2,"turns":4},{"damage":6,"enemies":"Cultist","floor":5,"turns":5},{"damage":20,"enemies":"3 Sentries","floor":7,"turns":9},{"damage":0,"enemies":"Looter","floor":8,"turns":5},{"damage":7,"enemies":"3 Louse","floor":12,"turns":3},{"damage":7,"enemies":"Large Slime","floor":13,"turns":6},{"damage":6,"enemies":"Lagavulin","floor":14,"turns":7},{"damage":10,"enemies":"Hexaghost","floor":16,"turns":15},{"damage":17,"enemies":"Shell Parasite","floor":18,"turns":11},{"damage":21,"enemies":"2 Thieves","floor":19,"turns":5},{"damage":15,"enemies":"Snake Plant","floor":20,"turns":7},{"damage":6,"enemies":"Snecko","floor":22,"turns":6}],"seed_played":"6903223996810264809","potions_obtained":[{"floor":1,"key":"Energy Potion"},{"floor":2,"key":"Energy Potion"},{"floor":12,"key":"Block Potion"},{"floor":13,"key":"PowerPotion"},{"floor":16,"key":"Energy Potion"},{"floor":19,"key":"Swift Potion"}],"is_trial":false,"path_per_floor":["M","M","?","?","M","R","E","M","T","R","$","M","M","E","R","B",null,"M","M","M","?","M"],"character_chosen":"THE_SILENT","items_purchased":["Footwork"],"campfire_rested":1,"item_purchase_floors":[11],"current_hp_per_floor":[38,38,43,36,30,30,10,10,10,32,32,25,18,12,12,2,57,40,19,4,4,0],"gold":218,"neow_bonus":"THREE_RARE_CARDS","is_prod":false,"is_daily":false,"chose_seed":false,"campfire_upgraded":2,"win_rate":0,"timestamp":1550131084,"path_taken":["M","M","?","?","M","R","E","M","T","R","?","M","?","E","R","BOSS","M","M","M","?","M"],"build_version":"2019-01-23","purchased_purges":1,"victory":false,"max_hp_per_floor":[70,70,75,75,75,75,75,75,75,75,75,75,75,75,75,75,75,75,75,75,75,75],"card_choices":[{"not_picked":["Tools of the Trade","A Thousand Cuts"],"picked":"Burst","floor":0},{"not_picked":["All Out Attack","Dagger Throw"],"picked":"Dagger Spray","floor":1},{"not_picked":["Poisoned Stab","Sucker Punch"],"picked":"Backflip","floor":2},{"not_picked":["Slice","All Out Attack"],"picked":"Footwork","floor":5},{"not_picked":["Slice","Expertise"],"picked":"Bane","floor":7},{"not_picked":["Tactician","Dagger Throw"],"picked":"Poisoned Stab","floor":8},{"not_picked":["After Image","Reflex"],"picked":"Quick Slash","floor":12},{"not_picked":["Slice","Cloak And Dagger"],"picked":"Dagger Throw","floor":13},{"not_picked":["Blade Dance","Backflip"],"picked":"Blur","floor":14},{"not_picked":["Unload","After Image"],"picked":"Night Terror","floor":16},{"not_picked":["Outmaneuver","Masterful Stab"],"picked":"PiercingWail","floor":17},{"not_picked":["Eviscerate","Flechettes"],"picked":"PiercingWail","floor":17},{"not_picked":["Underhanded Strike","Finisher"],"picked":"Deadly Poison","floor":17},{"not_picked":["Cloak And Dagger","Backflip","Deflect"],"picked":"SKIP","floor":18},{"not_picked":["Bane","Dagger Throw","Deflect"],"picked":"SKIP","floor":19},{"not_picked":["Deadly Poison","Crippling Poison"],"picked":"Well Laid Plans","floor":20}],"player_experience":396077,"relics_obtained":[{"floor":7,"key":"Art of War"},{"floor":9,"key":"Smiling Mask"},{"floor":14,"key":"Mercury Hourglass"}],"event_choices":[{"damage_healed":0,"gold_gain":0,"player_choice":"Donut","damage_taken":0,"max_hp_gain":5,"max_hp_loss":0,"event_name":"Big Fish","floor":3,"gold_loss":0},{"cards_removed":["Strike_G"],"damage_healed":0,"gold_gain":0,"player_choice":"Card Removal","damage_taken":7,"max_hp_gain":0,"max_hp_loss":0,"event_name":"Golden Wing","floor":4,"gold_loss":0},{"damage_healed":0,"gold_gain":0,"cards_transformed":["Strike_G","Strike_G"],"player_choice":"Became Test Subject","damage_taken":0,"max_hp_gain":0,"max_hp_loss":0,"event_name":"Drug Dealer","floor":21,"gold_loss":0,"cards_obtained":["Prepared","Choke"]}],"is_beta":false,"boss_relics":[{"not_picked":["Philosopher\u0027s Stone","Runic Dome"],"picked":"Orrery"}],"items_purged_floors":[11],"is_endless":false,"potions_floor_spawned":[1,2,12,13,16,19,20],"killed_by":"Snecko","ascension_level":11}