{"gold_per_floor":[110,110,110,124,49,49,74,87,87,102,119,136,136,168,168,168],"floor_reached":16,"playtime":785,"items_purged":["Defend_G"],"score":158,"play_id":"544a9929-29a9-4f3e-93cc-b76dbdfa84dc","local_time":"20190105121210","is_ascension_mode":true,"campfire_choices":[{"data":"Tools of the Trade","floor":6,"key":"SMITH"},{"data":"Blur","floor":15,"key":"SMITH"}],"neow_cost":"NONE","seed_source_timestamp":330229123799642,"circlet_count":0,"master_deck":["Defend_G","Defend_G","Defend_G","Defend_G","Strike_G","Strike_G","Strike_G","Strike_G","Survivor","Neutralize","Tools of the Trade+1","Well Laid Plans","Leg Sweep","Blur+1","Backstab+1"],"relics":["Ring of the Snake","NeowsBlessing","Pear","Vajra","Molten Egg 2","The Courier","Bottled Lightning"],"potions_floor_usage":[14],"damage_taken":[{"damage":0,"enemies":"2 Louse","floor":1,"turns":1},{"damage":0,"enemies":"Jaw Worm","floor":4,"turns":1},{"damage":0,"enemies":"3 Sentries","floor":7,"turns":1},{"damage":0,"enemies":"Small Slimes","floor":8,"turns":3},{"damage":0,"enemies":"Blue Slaver","floor":10,"turns":5},{"damage":0,"enemies":"Exordium Thugs","floor":11,"turns":4},{"damage":2,"enemies":"2 Fungi Beasts","floor":12,"turns":5},{"damage":20,"enemies":"Lagavulin","floor":14,"turns":13},{"damage":5,"enemies":"Hexaghost","floor":16,"turns":11}],"seed_played":"-3906044254117174089","potions_obtained":[{"floor":4,"key":"Fire Potion"},{"floor":7,"key":"SpeedPotion"},{"floor":10,"key":"EntropicBrew"},{"floor":12,"key":"Explosive Potion"},{"floor":14,"key":"SteroidPotion"}],"is_trial":false,"path_per_floor":["M","?","?","M","$","R","E","M","T","M","M","M","T","E","R","B"],"character_chosen":"THE_SILENT","items_purchased":[],"campfire_rested":0,"item_purchase_floors":[],"current_hp_per_floor":[70,77,70,70,70,70,70,70,70,70,70,68,68,48,48,43],"gold":168,"neow_bonus":"THREE_ENEMY_KILL","is_prod":false,"is_daily":false,"chose_seed":false,"campfire_upgraded":2,"win_rate":0,"timestamp":1546719130,"path_taken":["M","?","?","M","?","R","E","M","T","M","M","M","?","E","R","BOSS"],"build_version":"2019-01-03v4","purchased_purges":1,"victory":false,"max_hp_per_floor":[70,80,80,80,80,80,80,80,80,80,80,80,80,80,80,80],"card_choices":[{"not_picked":["Slice","Concentrate","Deflect"],"picked":"SKIP","floor":1},{"not_picked":["Cloak And Dagger","Slice"],"picked":"Tools of the Trade","floor":4},{"not_picked":["Eviscerate","Dagger Throw"],"picked":"Well Laid Plans","floor":7},{"not_picked":["Predator","Flying Knee"],"picked":"Leg Sweep","floor":8},{"not_picked":["Dagger Throw+1","Poisoned Stab+1","Heel Hook+1"],"picked":"SKIP","floor":10},{"not_picked":["PiercingWail","Dodge and Roll"],"picked":"Blur","floor":11},{"not_picked":["Caltrops","PiercingWail","Venomology"],"picked":"SKIP","floor":12},{"not_picked":["Flying Knee+1","PiercingWail"],"picked":"Backstab+1","floor":14}],"player_experience":95499,"relics_obtained":[{"floor":7,"key":"Vajra"},{"floor":9,"key":"Molten Egg 2"},{"floor":13,"key":"The Courier"},{"floor":14,"key":"Bottled Lightning"}],"event_choices":[{"damage_healed":0,"gold_gain":0,"player_choice":"Success","damage_taken":3,"relics_obtained":["Pear"],"max_hp_gain":0,"max_hp_loss":0,"event_name":"Scrap Ooze","floor":2,"gold_loss":0},{"cards_removed":["Strike_G"],"damage_healed":0,"gold_gain":0,"player_choice":"Card Removal","damage_taken":7,"max_hp_gain":0,"max_hp_loss":0,"event_name":"Golden Wing","floor":3,"gold_loss":0}],"is_beta":false,"boss_relics":[],"items_purged_floors":[5],"is_endless":false,"potions_floor_spawned":[4,7,10,12,14],"killed_by":"Hexaghost","ascension_level":3}