{"gold_per_floor":[111,186,198,198,212,242,242,259,282,282,294,310,323,85,85,183,183,193,193,193,93,111,61,61,73,96,131,149,159,159,174,174,271,271,284,130,141,141,152,152,152],"floor_reached":41,"playtime":3174,"items_purged":[],"score":617,"play_id":"8f8c8b96-faf6-4017-a699-fdb5a5a1fa69","local_time":"20180929195903","daily_mods":["Draft"],"is_ascension_mode":false,"campfire_choices":[{"data":"Armaments","floor":7,"key":"SMITH"},{"data":"Anger","floor":10,"key":"SMITH"},{"data":"Double Tap","floor":15,"key":"SMITH"},{"data":"Shrug It Off","floor":24,"key":"SMITH"},{"data":"True Grit","floor":32,"key":"SMITH"},{"floor":40,"key":"REST"}],"neow_cost":"","seed_source_timestamp":1376226065104676,"circlet_count":0,"master_deck":["Rampage","Anger","Flex","Armaments+1","Armaments+1","Sword Boomerang","Flex+1","Sentinel","Uppercut","Uppercut","Iron Wave","Battle Trance","Shockwave","Anger+1","Thunderclap","Warcry","Intimidate","True Grit+1","Cleave","Anger","Infernal Blade+1","Metallicize","Bludgeon","Double Tap+1","Demon Form","Intimidate","Dark Shackles","Clash+1","Shrug It Off+1","Flame Barrier+1","Heavy Blade","Ghostly Armor","Armaments+1","True Grit+1","Pommel Strike+1"],"relics":["Black Blood","Anchor","Blood Vial","Vajra","Smiling Mask","War Paint","MutagenicStrength","Sozu","PreservedInsect"],"potions_floor_usage":[16,27,28,33,33,33],"damage_taken":[{"damage":7,"enemies":"Small Slimes","floor":1,"turns":2},{"damage":3,"enemies":"Jaw Worm","floor":3,"turns":2},{"damage":0,"enemies":"2 Louse","floor":5,"turns":2},{"damage":14,"enemies":"3 Sentries","floor":6,"turns":7},{"damage":4,"enemies":"Blue Slaver","floor":8,"turns":4},{"damage":0,"enemies":"2 Fungi Beasts","floor":11,"turns":2},{"damage":0,"enemies":"Red Slaver","floor":12,"turns":2},{"damage":0,"enemies":"Looter","floor":13,"turns":3},{"damage":19,"enemies":"The Guardian","floor":16,"turns":13},{"damage":10,"enemies":"2 Thieves","floor":18,"turns":3},{"damage":0,"enemies":"Shell Parasite","floor":22,"turns":5},{"damage":7,"enemies":"Snake Plant","floor":25,"turns":4},{"damage":34,"enemies":"Book of Stabbing","floor":27,"turns":6},{"damage":17,"enemies":"Centurion and Healer","floor":28,"turns":6},{"damage":1,"enemies":"Shelled Parasite and Fungi","floor":29,"turns":6},{"damage":3,"enemies":"Snecko","floor":31,"turns":3},{"damage":36,"enemies":"Champ","floor":33,"turns":8},{"damage":23,"enemies":"3 Darklings","floor":35,"turns":5},{"damage":1,"enemies":"Orb Walker","floor":37,"turns":2},{"damage":67,"enemies":"Sphere and 2 Shapes","floor":39,"turns":7},{"damage":67,"enemies":"Nemesis","floor":41,"turns":7}],"seed_played":"-8404962200846958041","potions_obtained":[{"floor":3,"key":"SkillPotion"},{"floor":12,"key":"Regen Potion"},{"floor":18,"key":"Explosive Potion"},{"floor":28,"key":"LiquidBronze"},{"floor":29,"key":"Strength Potion"},{"floor":31,"key":"SpeedPotion"}],"is_trial":true,"path_per_floor":["M","?","M","?","M","E","R","M","T","R","M","M","M","$","R","B",null,"M","?","?","$","M","$","R","M","T","E","M","M","?","M","R","B",null,"M","$","M","?","M","R"],"character_chosen":"IRONCLAD","items_purchased":["Vajra","Double Tap","Dark Shackles","Shrug It Off","PreservedInsect"],"campfire_rested":1,"item_purchase_floors":[14,14,21,23,36],"current_hp_per_floor":[79,68,71,71,77,69,69,71,71,71,79,80,80,80,80,67,80,80,65,85,85,85,85,85,85,85,61,68,83,83,85,85,59,85,72,72,83,83,28,53,0],"gold":152,"neow_bonus":"","is_prod":false,"is_daily":false,"chose_seed":false,"campfire_upgraded":5,"win_rate":0,"timestamp":1538272743,"path_taken":["M","?","M","?","M","E","R","M","T","R","M","M","?","?","R","BOSS","M","?","?","$","?","?","R","?","T","E","M","?","?","M","R","BOSS","M","$","M","?","M","R","E"],"build_version":"2018-09-27","purchased_purges":0,"victory":false,"max_hp_per_floor":[80,80,80,80,80,80,80,80,80,80,80,80,80,80,80,80,80,80,85,85,85,85,85,85,85,85,85,85,85,85,85,85,85,85,85,85,85,85,85,85,85],"card_choices":[{"not_picked":["Warcry","Infernal Blade"],"picked":"Rampage","floor":0},{"not_picked":["Sentinel","Pommel Strike"],"picked":"Anger","floor":0},{"not_picked":["Armaments","Heavy Blade"],"picked":"Flex","floor":0},{"not_picked":["Rampage","True Grit"],"picked":"Armaments","floor":0},{"not_picked":["Shockwave","Warcry"],"picked":"Armaments","floor":0},{"not_picked":["Warcry","Hemokinesis"],"picked":"Sword Boomerang","floor":0},{"not_picked":["Sever Soul","Evolve"],"picked":"Flex","floor":0},{"not_picked":["Blood for Blood","Perfected Strike"],"picked":"Sentinel","floor":0},{"not_picked":["Reckless Charge","Body Slam"],"picked":"Uppercut","floor":0},{"not_picked":["Bloodletting","Hemokinesis"],"picked":"Uppercut","floor":0},{"not_picked":["Warcry","Corruption"],"picked":"Iron Wave","floor":0},{"not_picked":["Thunderclap","Rupture"],"picked":"Battle Trance","floor":0},{"not_picked":["Warcry","Pommel Strike"],"picked":"Shockwave","floor":0},{"not_picked":["Body Slam","Wild Strike"],"picked":"Anger","floor":0},{"not_picked":["Perfected Strike","Body Slam"],"picked":"Thunderclap","floor":0},{"not_picked":["Sword Boomerang","Armaments"],"picked":"Warcry","floor":1},{"not_picked":["Blood for Blood","Wild Strike"],"picked":"Intimidate","floor":3},{"not_picked":["Entrench","Feel No Pain"],"picked":"True Grit","floor":5},{"not_picked":["Intimidate","Battle Trance"],"picked":"Cleave","floor":6},{"not_picked":["Sword Boomerang","Cleave"],"picked":"Anger","floor":8},{"not_picked":["Heavy Blade","Perfected Strike"],"picked":"Infernal Blade","floor":11},{"not_picked":["Clothesline","Cleave"],"picked":"Metallicize","floor":12},{"not_picked":["Anger","Disarm"],"picked":"Bludgeon","floor":13},{"not_picked":["Bludgeon","Reaper"],"picked":"Demon Form","floor":16},{"not_picked":["Bloodletting","Warcry"],"picked":"Intimidate","floor":18},{"not_picked":["Dropkick","Cleave"],"picked":"Clash+1","floor":22},{"not_picked":["Iron Wave+1","Cleave"],"picked":"Flame Barrier+1","floor":25},{"not_picked":["Uppercut","Flame Barrier"],"picked":"Heavy Blade","floor":27},{"not_picked":["Corruption","Twin Strike"],"picked":"Ghostly Armor","floor":28},{"not_picked":["True Grit","Dual Wield","Body Slam"],"picked":"SKIP","floor":29},{"not_picked":["Sword Boomerang","Shrug It Off+1"],"picked":"Armaments+1","floor":31},{"not_picked":["Body Slam+1","Whirlwind"],"picked":"True Grit+1","floor":35},{"not_picked":["Feel No Pain+1","Perfected Strike+1"],"picked":"Pommel Strike+1","floor":37},{"not_picked":["Reckless Charge","Wild Strike","Bloodletting"],"picked":"SKIP","floor":39}],"player_experience":643207,"relics_obtained":[{"floor":6,"key":"Anchor"},{"floor":9,"key":"Blood Vial"},{"floor":26,"key":"Smiling Mask"},{"floor":27,"key":"War Paint"}],"event_choices":[{"event_name":"World of Goop","player_choice":"Gather Gold","floor":2,"damage_taken":0},{"event_name":"Living Wall","player_choice":"Grow","floor":4,"damage_taken":0},{"event_name":"Forgotten Altar","player_choice":"Shed Blood","floor":19,"damage_taken":0},{"event_name":"The Library","player_choice":"Heal","floor":20,"damage_taken":0},{"event_name":"Drug Dealer","player_choice":"Inject Mutagens","floor":30,"damage_taken":0},{"event_name":"The Lab","player_choice":"Got Potions","floor":38,"damage_taken":0}],"is_beta":false,"boss_relics":[{"not_picked":["Cursed Key","Runic Cube"],"picked":"Black Blood"},{"not_picked":["Busted Crown","Runic Pyramid"],"picked":"Sozu"}],"items_purged_floors":[],"is_endless":true,"potions_floor_spawned":[3,12,18,28,29,31,35,39],"killed_by":"Nemesis","ascension_level":0}