{"gold_per_floor":[111,111,111,127,127,160,170,170,170,23,36,36,49,11,11,107,107,126,126,156,78,78,78,92,92,92,102,2,2,2,12,12,109,109,120,165,165,177,192,222,238,238,285,302,317,317,334,21,21,21,21,21,21,47,47],"floor_reached":55,"playtime":3687,"items_purged":["Regret","Doubt","Doubt"],"score":697,"play_id":"7a7d28ce-8a06-46f3-b3a6-5c6f72dbe2f4","local_time":"20190103212157","is_ascension_mode":false,"campfire_choices":[{"data":"Backflip","floor":8.0,"key":"SMITH"},{"data":"Cloak And Dagger","floor":12.0,"key":"SMITH"},{"data":"Accuracy","floor":15.0,"key":"SMITH"},{"floor":23.0,"key":"REST"},{"data":"Accuracy","floor":25.0,"key":"SMITH"},{"data":"Burst","floor":29.0,"key":"SMITH"},{"floor":32.0,"key":"REST"},{"floor":42.0,"key":"RECALL"},{"data":"Well Laid Plans","floor":49.0,"key":"SMITH"},{"data":"Blade Dance","floor":52.0,"key":"SMITH"}],"neow_cost":"NONE","seed_source_timestamp":0,"circlet_count":0,"master_deck":["Defend_G","Defend_G","Defend_G","Defend_G","Defend_G","Strike_G","Strike_G","Strike_G","Strike_G","Strike_G","Survivor","Neutralize","Leg Sweep","Backflip+1","Blade Dance+1","Well Laid Plans+1","Cloak And Dagger+1","Blade Dance","Accuracy+1","Burst+1","Blade Dance+1","Accuracy+1","Footwork","Blur","Finisher","Leg Sweep+1","Storm of Steel+1","Escape Plan+1","Dodge and Roll+1","Acrobatics+1","Finisher+1","Acrobatics+1","Caltrops+1","Panache"],"special_seed":0,"relics":["Ring of the Snake","NeowsBlessing","Boot","Happy Flower","Bottled Lightning","Kunai","PreservedInsect","Cursed Key","Red Mask","Toxic Egg 2","Philosopher\u0027s Stone","Ginger","Shuriken","Bag of Marbles"],"potions_floor_usage":[55,55,55],"damage_taken":[{"damage":0.0,"enemies":"2 Louse","floor":1.0,"turns":1.0},{"damage":0.0,"enemies":"Jaw Worm","floor":4.0,"turns":1.0},{"damage":0.0,"enemies":"3 Sentries","floor":6.0,"turns":2.0},{"damage":6.0,"enemies":"Small Slimes","floor":7.0,"turns":3.0},{"damage":0.0,"enemies":"Blue Slaver","floor":11.0,"turns":4.0},{"damage":0.0,"enemies":"Looter","floor":13.0,"turns":5.0},{"damage":14.0,"enemies":"Hexaghost","floor":16.0,"turns":13.0},{"damage":0.0,"enemies":"Spheric Guardian","floor":18.0,"turns":3.0},{"damage":33.0,"enemies":"Masked Bandits","floor":20.0,"turns":5.0},{"damage":21.0,"enemies":"Colosseum Slavers","floor":22.0,"turns":4.0},{"damage":0.0,"enemies":"Shell Parasite","floor":24.0,"turns":6.0},{"damage":1.0,"enemies":"Snecko","floor":27.0,"turns":5.0},{"damage":14.0,"enemies":"Cultist and Chosen","floor":31.0,"turns":7.0},{"damage":2.0,"enemies":"Collector","floor":33.0,"turns":9.0},{"damage":0.0,"enemies":"3 Shapes","floor":35.0,"turns":4.0},{"damage":0.0,"enemies":"2 Orb Walkers","floor":36.0,"turns":5.0},{"damage":6.0,"enemies":"Orb Walker","floor":38.0,"turns":5.0},{"damage":0.0,"enemies":"4 Shapes","floor":39.0,"turns":3.0},{"damage":4.0,"enemies":"Reptomancer","floor":40.0,"turns":10.0},{"damage":9.0,"enemies":"Maw","floor":41.0,"turns":6.0},{"damage":19.0,"enemies":"Jaw Worm Horde","floor":44.0,"turns":4.0},{"damage":22.0,"enemies":"Writhing Mass","floor":45.0,"turns":5.0},{"damage":0.0,"enemies":"3 Darklings","floor":47.0,"turns":5.0},{"damage":39.0,"enemies":"Awakened One","floor":50.0,"turns":9.0},{"damage":29.0,"enemies":"Shield and Spear","floor":54.0,"turns":4.0},{"damage":55,"enemies":"The Heart","floor":55,"turns":3}],"seed_played":"-3621483999212755560","potions_obtained":[{"floor":1.0,"key":"Poison Potion"},{"floor":4.0,"key":"Swift Potion"},{"floor":11.0,"key":"Swift Potion"},{"floor":18.0,"key":"Explosive Potion"},{"floor":31.0,"key":"SkillPotion"},{"floor":33.0,"key":"SpeedPotion"},{"floor":38.0,"key":"Block Potion"},{"floor":40.0,"key":"Strength Potion"},{"floor":45.0,"key":"EssenceOfSteel"}],"is_trial":false,"path_per_floor":["M","?","?","M","T","E","M","R","T","$","M","R","M","$","R","B",null,"M","?","?","$","?","R","M","R","T","M","$","R","$","M","R","B",null,"M","?","?","M","M","E","M","R","T","M","M","?","M","$","R","B",null,"R","$","E","B"],"character_chosen":"THE_SILENT","items_purchased":["Well Laid Plans","Accuracy","Footwork","Panache"],"campfire_rested":2,"item_purchase_floors":[10,14,21,48],"current_hp_per_floor":[70,45,45,45,45,45,39,39,39,39,39,39,39,39,39,25,70,70,70,37,37,16,37,37,37,37,36,36,36,36,22,43,41,70,70,70,70,64,64,60,51,51,51,32,10,61,61,61,61,22,61,61,61,32,0],"gold":47,"neow_bonus":"THREE_ENEMY_KILL","is_prod":false,"is_daily":false,"chose_seed":false,"campfire_upgraded":7,"win_rate":0,"timestamp":1546579317,"path_taken":["M","?","?","M","?","E","M","R","T","?","M","R","?","$","R","BOSS","M","?","?","$","?","R","M","R","T","M","$","R","?","M","R","BOSS","M","?","?","?","M","E","M","R","T","M","M","?","M","$","R","BOSS","R","$","E","BOSS"],"build_version":"2019-01-03v3","purchased_purges":3,"victory":false,"max_hp_per_floor":[70,70,70,70,70,70,70,70,70,70,70,70,70,70,70,70,70,70,70,70,70,70,70,70,70,70,70,70,70,70,70,70,70,70,70,70,70,70,70,70,70,70,70,70,70,61,61,61,61,61,61,61,61,61,61],"card_choices":[{"not_picked":["Acrobatics","Sucker Punch"],"picked":"Leg Sweep","floor":1.0},{"not_picked":["Expertise","Distraction"],"picked":"Backflip","floor":4.0},{"not_picked":["Flying Knee","Deadly Poison","Dash"],"picked":"SKIP","floor":6.0},{"not_picked":["Crippling Poison","Quick Slash"],"picked":"Blade Dance","floor":7.0},{"not_picked":["Skewer","Masterful Stab"],"picked":"Cloak And Dagger","floor":11.0},{"not_picked":["Deflect","Expertise"],"picked":"Blade Dance","floor":13.0},{"not_picked":["Wraith Form v2","Unload"],"picked":"Burst","floor":16.0},{"not_picked":["Backflip","Calculated Gamble+1"],"picked":"Blade Dance+1","floor":18.0},{"not_picked":["Dagger Throw","Poisoned Stab"],"picked":"Accuracy","floor":20.0},{"not_picked":["Finisher","Slice+1"],"picked":"Blur","floor":24.0},{"not_picked":["PiercingWail+1","Slice"],"picked":"Finisher","floor":27.0},{"not_picked":["Quick Slash","Slice+1"],"picked":"Leg Sweep+1","floor":31.0},{"not_picked":["Corpse Explosion+1","Phantasmal Killer+1"],"picked":"Storm of Steel+1","floor":33.0},{"not_picked":["Heel Hook","Poisoned Stab+1","Sucker Punch+1"],"picked":"SKIP","floor":35.0},{"not_picked":["Outmaneuver+1","All Out Attack+1"],"picked":"Escape Plan+1","floor":36.0},{"not_picked":["Blade Dance+1","All Out Attack"],"picked":"Dodge and Roll+1","floor":38.0},{"not_picked":["PiercingWail+1","Prepared+1"],"picked":"Acrobatics+1","floor":39.0},{"not_picked":["Quick Slash","Bullet Time+1"],"picked":"Finisher+1","floor":40.0},{"not_picked":["PiercingWail+1","Crippling Poison+1","Poisoned Stab+1"],"picked":"SKIP","floor":41.0},{"not_picked":["Underhanded Strike+1","Flying Knee","Bane+1"],"picked":"SKIP","floor":44.0},{"not_picked":["Deflect+1","Dodge and Roll+1"],"picked":"Acrobatics+1","floor":45.0},{"not_picked":["Deflect+1","Blade Dance+1"],"picked":"Caltrops+1","floor":47.0},{"not_picked":["Deadly Poison+1","Flying Knee+1","Accuracy"],"picked":"SKIP","floor":54.0}],"player_experience":61865,"relics_obtained":[{"floor":5.0,"key":"Bottled Lightning"},{"floor":6.0,"key":"Kunai"},{"floor":9.0,"key":"PreservedInsect"},{"floor":20.0,"key":"Red Mask"},{"floor":26.0,"key":"Toxic Egg 2"},{"floor":36.0,"key":"Ginger"},{"floor":40.0,"key":"Shuriken"},{"floor":54.0,"key":"Bag of Marbles"}],"event_choices":[{"damage_healed":0.0,"max_hp_gain":0.0,"max_hp_loss":0.0,"gold_gain":0.0,"event_name":"Scrap Ooze","player_choice":"Success","floor":2.0,"gold_loss":0.0,"damage_taken":25.0,"relics_obtained":["Boot"]},{"damage_healed":0.0,"max_hp_gain":0.0,"max_hp_loss":0.0,"gold_gain":0.0,"event_name":"Big Fish","player_choice":"Box","floor":3.0,"gold_loss":0.0,"damage_taken":0.0,"relics_obtained":["Happy Flower"],"cards_obtained":["Regret"]},{"damage_healed":0.0,"max_hp_gain":0.0,"max_hp_loss":0.0,"gold_gain":0.0,"event_name":"Ghosts","player_choice":"Ignored","floor":19.0,"gold_loss":0.0,"damage_taken":0.0},{"damage_healed":0.0,"max_hp_gain":0.0,"max_hp_loss":0.0,"gold_gain":0.0,"event_name":"Masked Bandits","player_choice":"Fought Bandits","floor":20.0,"gold_loss":0.0,"damage_taken":0.0},{"damage_healed":0.0,"max_hp_gain":0.0,"max_hp_loss":0.0,"gold_gain":0.0,"event_name":"Colosseum","player_choice":"Fight","floor":22.0,"gold_loss":0.0,"damage_taken":0.0},{"damage_healed":0.0,"max_hp_gain":0.0,"max_hp_loss":0.0,"gold_gain":0.0,"event_name":"Colosseum","player_choice":"Fled From Nobs","floor":22.0,"gold_loss":0.0,"damage_taken":0.0},{"damage_healed":0.0,"max_hp_gain":0.0,"max_hp_loss":0.0,"gold_gain":0.0,"event_name":"Mysterious Sphere","player_choice":"Fight","floor":36.0,"gold_loss":0.0,"damage_taken":0.0},{"damage_healed":0.0,"max_hp_gain":0.0,"max_hp_loss":0.0,"gold_gain":0.0,"event_name":"The Woman in Blue","player_choice":"Bought 0 Potions","floor":37.0,"gold_loss":0.0,"damage_taken":0.0},{"damage_healed":61.0,"max_hp_gain":0.0,"max_hp_loss":9.0,"gold_gain":0.0,"event_name":"The Moai Head","player_choice":"Heal","floor":46.0,"gold_loss":0.0,"damage_taken":0.0}],"is_beta":false,"boss_relics":[{"not_picked":["Velvet Choker","Lizard Tail"],"picked":"Cursed Key"},{"not_picked":["Eternal Feather","Runic Dome"],"picked":"Philosopher\u0027s Stone"}],"items_purged_floors":[10,28,48],"is_endless":false,"potions_floor_spawned":[1,4,11,18,31,33,38,40,45],"killed_by":"The Heart","ascension_level":0}