{"path_per_floor":["M","M","M","?","M","E","R","E","T","$","?","M","$","M","R","B",null,"M","?","$","M","M","E","M","M","T","E","?","E","M","$","R","B",null,"M","M","M","?","?","E","M","M","T","M","E","M","T","$","R","B"],"character_chosen":"IRONCLAD","items_purchased":["Unceasing Top","Dramatic Entrance","Block Potion","Swift Strike","Pummel","Feel No Pain","Dramatic Entrance","Anger","Feed","Orichalcum","Secret Weapon","Fiend Fire","Kunai","Meat on the Bone"],"gold_per_floor":[144,189,234,234,279,369,369,459,459,17,17,62,62,107,107,407,407,452,367,228,273,318,408,453,498,498,588,588,678,723,124,124,424,424,469,514,559,559,604,724,769,814,814,859,949,994,994,33,33,33],"floor_reached":51,"campfire_rested":3,"playtime":1849,"current_hp_per_floor":[72,78,80,80,80,80,80,80,80,80,80,80,80,80,80,66,80,80,80,80,80,73,66,62,67,67,77,61,32,37,37,62,67,84,84,88,88,88,88,88,88,67,67,69,74,79,79,79,79,72],"items_purged":["Perfected Strike","Writhe"],"gold":33,"score":1083,"play_id":"c5ed01ca-ed2e-439a-a8dd-4f6c2bd3539c","local_time":"20180419035539","daily_mods":["Draft","Midas","Lethality"],"is_prod":false,"is_daily":true,"chose_seed":false,"is_ascension_mode":false,"campfire_upgraded":0,"timestamp":1524124539,"path_taken":["M","M","M","?","?","E","R","E","T","$","?","?","?","M","R","BOSS","M","?","$","?","M","E","M","M","T","E","?","E","M","?","R","BOSS","M","?","M","?","?","E","M","M","T","M","E","M","?","$","R","BOSS"],"build_version":"2018-04-18","seed_source_timestamp":0,"purchased_purges":3,"victory":true,"master_deck":["Flex","Clash","Intimidate","Anger","Uppercut","Cleave","Cleave","Rupture","Dual Wield+1","Dropkick","Spot Weakness","Twin Strike","Pummel","Armaments+1","Bloodletting","Iron Wave","Sword Boomerang","Thunderclap","Iron Wave+1","Dramatic Entrance+1","Injury","Anger+1","Iron Wave+1","Brutality","Flex","Swift Strike+1","Pummel+1","Feed+1","Clash+1","Heavy Blade+1","Clash+1","Clash+1","Anger+1","Seeing Red+1","Feel No Pain","Dramatic Entrance+1","Anger+1","Feed+1","Impervious","Flex+1","Anger+1","Thunderclap+1","Warcry","Body Slam+1","Secret Weapon","Fiend Fire+1"],"max_hp_per_floor":[80,80,80,80,80,80,80,80,80,80,80,80,80,80,80,80,80,80,80,80,80,80,80,80,80,80,84,84,84,84,84,84,84,84,84,88,88,88,88,88,88,92,92,92,92,92,92,92,92,92],"relics":["Burning Blood","Ice Cream","Molten Egg 2","Paper Frog","Unceasing Top","Philosopher\u0027s Stone","Blue Candle","Lantern","Mummified Hand","Girya","Enchiridion","Calipers","Orichalcum","Sozu","Torii","Tiny Chest","Toolbox","Ancient Tea Set","Shuriken","Kunai","Meat on the Bone"],"card_choices":[{"not_picked":["Warcry","Cleave"],"picked":"Flex","floor":0},{"not_picked":["Sword Boomerang","Havoc"],"picked":"Clash","floor":0},{"not_picked":["Warcry","Headbutt"],"picked":"Intimidate","floor":0},{"not_picked":["Havoc","True Grit"],"picked":"Anger","floor":0},{"not_picked":["Sword Boomerang","Armaments"],"picked":"Uppercut","floor":0},{"not_picked":["Uppercut","Sword Boomerang"],"picked":"Cleave","floor":0},{"not_picked":["Wild Strike","Evolve"],"picked":"Cleave","floor":0},{"not_picked":["Hemokinesis","Combust"],"picked":"Rupture","floor":0},{"not_picked":["Inflame","Thunderclap"],"picked":"Dual Wield","floor":0},{"not_picked":["Pommel Strike","Searing Blow"],"picked":"Dropkick","floor":0},{"not_picked":["Sever Soul","Body Slam"],"picked":"Spot Weakness","floor":0},{"not_picked":["Anger","True Grit"],"picked":"Twin Strike","floor":0},{"not_picked":["Wild Strike","Spot Weakness"],"picked":"Pummel","floor":0},{"not_picked":["Wild Strike","Body Slam"],"picked":"Armaments","floor":0},{"not_picked":["Anger","Havoc"],"picked":"Perfected Strike","floor":0},{"not_picked":["Headbutt","Carnage"],"picked":"Bloodletting","floor":1},{"not_picked":["Combust","Dropkick"],"picked":"Iron Wave","floor":3},{"not_picked":["Headbutt","Pommel Strike"],"picked":"Sword Boomerang","floor":5},{"not_picked":["Body Slam","Wild Strike"],"picked":"Thunderclap","floor":6},{"not_picked":["Havoc","Carnage"],"picked":"Iron Wave","floor":8},{"not_picked":["Body Slam","Twin Strike"],"picked":"Anger","floor":12},{"not_picked":["Rupture","Inflame"],"picked":"Iron Wave","floor":14},{"not_picked":["Immolate","Fiend Fire"],"picked":"Brutality","floor":16},{"not_picked":["Sword Boomerang","Headbutt"],"picked":"Flex","floor":18},{"not_picked":["Clothesline","Warcry"],"picked":"Feed","floor":22},{"not_picked":["Burning Pact","Feed"],"picked":"Clash","floor":23},{"not_picked":["Shrug It Off","Combust"],"picked":"Heavy Blade","floor":24},{"not_picked":["Iron Wave","Armaments"],"picked":"Clash","floor":25},{"not_picked":["Armaments","Disarm"],"picked":"Clash","floor":27},{"not_picked":["Shrug It Off","Perfected Strike"],"picked":"Anger","floor":29},{"not_picked":["Pommel Strike","Perfected Strike"],"picked":"Seeing Red","floor":30},{"not_picked":["Juggernaut","Exhume"],"picked":"Impervious","floor":33},{"not_picked":["Headbutt","Heavy Blade"],"picked":"Flex","floor":35},{"not_picked":["Burning Pact","Battle Trance"],"picked":"Anger","floor":36},{"not_picked":["Iron Wave","Perfected Strike"],"picked":"Thunderclap","floor":39},{"not_picked":["Bludgeon","Sentinel"],"picked":"Warcry","floor":40},{"not_picked":["Wild Strike","Shrug It Off"],"picked":"Body Slam","floor":46}],"player_experience":98933,"potions_floor_usage":[8,16,29,50,50],"damage_taken":[{"damage":14,"enemies":"Jaw Worm","floor":1,"turns":2},{"damage":0,"enemies":"Cultist","floor":2,"turns":2},{"damage":0,"enemies":"Small Slimes","floor":3,"turns":2},{"damage":0,"enemies":"Exordium Thugs","floor":5,"turns":2},{"damage":0,"enemies":"Gremlin Nob","floor":6,"turns":2},{"damage":0,"enemies":"Lagavulin","floor":8,"turns":4},{"damage":0,"enemies":"2 Fungi Beasts","floor":12,"turns":1},{"damage":0,"enemies":"Red Slaver","floor":14,"turns":1},{"damage":20,"enemies":"The Guardian","floor":16,"turns":5},{"damage":3,"enemies":"Shell Parasite","floor":18,"turns":1},{"damage":0,"enemies":"3 Byrds","floor":21,"turns":2},{"damage":13,"enemies":"Centurion and Healer","floor":22,"turns":2},{"damage":13,"enemies":"Slavers","floor":23,"turns":2},{"damage":10,"enemies":"Snake Plant","floor":24,"turns":2},{"damage":1,"enemies":"Snecko","floor":25,"turns":2},{"damage":0,"enemies":"Book of Stabbing","floor":27,"turns":1},{"damage":35,"enemies":"Slavers","floor":29,"turns":2},{"damage":1,"enemies":"Centurion and Healer","floor":30,"turns":1},{"damage":1,"enemies":"Collector","floor":33,"turns":2},{"damage":1,"enemies":"3 Darklings","floor":35,"turns":1},{"damage":0,"enemies":"3 Shapes","floor":36,"turns":1},{"damage":3,"enemies":"Flame Bruiser 2 Orb","floor":37,"turns":1},{"damage":1,"enemies":"Mysterious Sphere","floor":39,"turns":1},{"damage":1,"enemies":"2 Orb Walkers","floor":40,"turns":2},{"damage":1,"enemies":"Spire Growth","floor":41,"turns":1},{"damage":31,"enemies":"4 Shapes","floor":42,"turns":1},{"damage":4,"enemies":"Flame Bruiser 2 Orb","floor":44,"turns":1},{"damage":1,"enemies":"Nemesis","floor":45,"turns":1},{"damage":1,"enemies":"Spire Growth","floor":46,"turns":1},{"damage":19,"enemies":"Time Eater","floor":50,"turns":3}],"event_choices":[{"event_name":"Upgrade Shrine","player_choice":"Upgraded","floor":4,"damage_taken":0},{"event_name":"Accursed Blacksmith","player_choice":"Forge","floor":11,"damage_taken":0},{"event_name":"Addict","player_choice":"Obtained Relic","floor":19,"damage_taken":0},{"event_name":"Cursed Tome","player_choice":"Obtained Book","floor":28,"damage_taken":0},{"event_name":"Winding Halls","player_choice":"Writhe","floor":38,"damage_taken":0},{"event_name":"Mysterious Sphere","player_choice":"Fight","floor":39,"damage_taken":0}],"boss_relics":[{"not_picked":["Black Star","Black Blood"],"picked":"Philosopher\u0027s Stone"},{"not_picked":["Snecko Eye","Mark of Pain"],"picked":"Sozu"}],"potions_floor_spawned":[5,14,16,21,22,24,25,29,40,42,45,46],"seed_played":"8716809714031627175","ascension_level":0,"is_trial":false}