{"gold_per_floor":[109,109,109,126,201,201,228,403,403,413,413,64,64,79,79,175,205,216,216],"floor_reached":19,"playtime":755,"items_purged":["Doubt"],"score":356,"play_id":"c4d2b808-fcb8-4c25-aa38-2d6ca032a6e1","local_time":"20181029224604","is_ascension_mode":true,"campfire_choices":[{"floor":6,"key":"REST"},{"floor":11,"key":"REST"},{"data":"Rupture","floor":13,"key":"SMITH"},{"data":"Demon Form","floor":15,"key":"SMITH"}],"neow_cost":"CURSE","seed_source_timestamp":1659711481664033,"circlet_count":0,"master_deck":["Strike_R","Strike_R","Strike_R","Strike_R","Strike_R","Defend_R","Defend_R","Defend_R","Defend_R","Bash","Purity","Good Instincts","Injury","Shrug It Off","Regret","Feed","Demon Form+1","Rupture+1","Shrug It Off","Whirlwind","Limit Break","Decay","Pain","Normality","Clothesline+1"],"relics":["Burning Blood","Bag of Marbles","Bottled Lightning","Kunai","Gremlin Horn","Calling Bell","Tiny Chest","Mummified Hand","WingedGreaves"],"potions_floor_usage":[7,10,16,16,19],"damage_taken":[{"damage":3,"enemies":"Jaw Worm","floor":1,"turns":5},{"damage":14,"enemies":"Cultist","floor":4,"turns":6},{"damage":51,"enemies":"Lagavulin","floor":7,"turns":7},{"damage":8,"enemies":"2 Louse","floor":10,"turns":4},{"damage":16,"enemies":"Exordium Wildlife","floor":14,"turns":6},{"damage":48,"enemies":"Slime Boss","floor":16,"turns":11},{"damage":41,"enemies":"3 Byrds","floor":18,"turns":5},{"damage":51,"enemies":"Spheric Guardian","floor":19,"turns":6}],"seed_played":"1889587663905813612","potions_obtained":[{"floor":2,"key":"PowerPotion"},{"floor":2,"key":"FearPotion"},{"floor":2,"key":"EssenceOfSteel"},{"floor":7,"key":"Explosive Potion"},{"floor":10,"key":"Weak Potion"},{"floor":18,"key":"BloodPotion"}],"is_trial":false,"path_per_floor":["M","?","?","M","?","R","E","?","T","M","R","$","R","M","R","B",null,"M"],"character_chosen":"IRONCLAD","items_purchased":["Shrug It Off","Gremlin Horn"],"campfire_rested":2,"item_purchase_floors":[12,12],"current_hp_per_floor":[75,75,75,67,56,80,38,38,38,39,64,64,64,57,57,18,74,42,0],"gold":216,"neow_bonus":"RANDOM_COLORLESS_2","is_prod":false,"is_daily":false,"chose_seed":false,"campfire_upgraded":2,"win_rate":0,"timestamp":1540874764,"path_taken":["M","?","?","?","?","R","E","?","T","?","R","$","R","M","R","BOSS","M","M"],"build_version":"2018-10-25v2","purchased_purges":1,"victory":false,"max_hp_per_floor":[80,80,80,80,80,80,83,83,83,86,86,86,86,89,89,92,92,95,95],"card_choices":[{"not_picked":["Thunderclap","Clash"],"picked":"Shrug It Off","floor":1},{"not_picked":["Body Slam","Warcry"],"picked":"Feed","floor":4},{"not_picked":["Armaments","Body Slam"],"picked":"Demon Form","floor":7},{"not_picked":["Sword Boomerang","Shrug It Off"],"picked":"Rupture","floor":10},{"not_picked":["Twin Strike","Body Slam"],"picked":"Whirlwind","floor":14},{"not_picked":["Barricade","Immolate"],"picked":"Limit Break","floor":16},{"not_picked":["Wild Strike","Evolve"],"picked":"Clothesline+1","floor":18}],"player_experience":966473,"relics_obtained":[{"floor":7,"key":"Bottled Lightning"},{"floor":9,"key":"Kunai"},{"floor":17,"key":"Tiny Chest"},{"floor":17,"key":"Mummified Hand"},{"floor":17,"key":"WingedGreaves"}],"event_choices":[{"damage_healed":0,"gold_gain":0,"player_choice":"Got Potions","damage_taken":0,"max_hp_gain":0,"max_hp_loss":0,"event_name":"The Lab","floor":2,"gold_loss":0},{"damage_healed":0,"gold_gain":0,"player_choice":"Box","damage_taken":0,"relics_obtained":["Bag of Marbles"],"max_hp_gain":0,"max_hp_loss":0,"event_name":"Big Fish","floor":3,"gold_loss":0,"cards_obtained":["Regret"]},{"damage_healed":0,"gold_gain":75,"player_choice":"Gather Gold","damage_taken":11,"max_hp_gain":0,"max_hp_loss":0,"event_name":"World of Goop","floor":5,"gold_loss":0},{"damage_healed":0,"gold_gain":175,"player_choice":"AGREE","damage_taken":0,"max_hp_gain":0,"max_hp_loss":0,"event_name":"Liars Game","floor":8,"gold_loss":0,"cards_obtained":["Doubt"]}],"is_beta":false,"boss_relics":[{"not_picked":["Runic Pyramid","Coffee Dripper"],"picked":"Calling Bell"}],"items_purged_floors":[12],"is_endless":false,"potions_floor_spawned":[7,10,18],"killed_by":"Spheric Guardian","ascension_level":8}