{"gold_per_floor":[368,379,329,346,14,14,14,14,14,52,52,75,96,109,109,228,228,241,261,2,2],"floor_reached":21,"playtime":1411,"items_purged":["Bash"],"score":253,"play_id":"025d1fa5-c52c-49b1-8515-352f7caf9c1f","local_time":"20190323221611","is_ascension_mode":true,"campfire_choices":[{"data":"Inflame","floor":6,"key":"SMITH"},{"floor":11,"key":"REST"},{"data":"Spot Weakness","floor":15,"key":"SMITH"}],"neow_cost":"TEN_PERCENT_HP_LOSS","seed_source_timestamp":686268543197428,"circlet_count":0,"master_deck":["Strike_R","Strike_R","Strike_R","Defend_R","Defend_R","Defend_R","Defend_R","Pommel Strike","Inflame+1","True Grit","Spot Weakness+1","Disarm","Juggernaut+1","Evolve+1","Warcry+1","Feel No Pain+1","Flame Barrier","Armaments"],"relics":["Burning Blood","Mummified Hand","Golden Idol","Frozen Egg 2","Potion Belt","Black Star"],"potions_floor_usage":[14,16],"damage_taken":[{"damage":1,"enemies":"2 Louse","floor":1,"turns":2},{"damage":5,"enemies":"Small Slimes","floor":2,"turns":4},{"damage":4,"enemies":"Jaw Worm","floor":4,"turns":4},{"damage":35,"enemies":"3 Sentries","floor":10,"turns":9},{"damage":2,"enemies":"Blue Slaver","floor":12,"turns":4},{"damage":7,"enemies":"3 Louse","floor":13,"turns":4},{"damage":24,"enemies":"Exordium Thugs","floor":14,"turns":6},{"damage":12,"enemies":"The Guardian","floor":16,"turns":11},{"damage":10,"enemies":"Chosen","floor":18,"turns":6},{"damage":29,"enemies":"Spheric Guardian","floor":19,"turns":5},{"damage":35,"enemies":"Colosseum Slavers","floor":21,"turns":6}],"seed_played":"2900735988974195008","potions_obtained":[{"floor":2,"key":"SkillPotion"},{"floor":4,"key":"Regen Potion"},{"floor":12,"key":"AttackPotion"},{"floor":16,"key":"Strength Potion"},{"floor":19,"key":"Fire Potion"}],"is_trial":false,"path_per_floor":["?","?","?","?"],"character_chosen":"IRONCLAD","items_purchased":["Mummified Hand","Inflame","Feel No Pain+1","Flame Barrier","Armaments"],"campfire_rested":1,"item_purchase_floors":[5,5,20,20,20],"current_hp_per_floor":[72,72,72,72,72,72,54,47,47,18,39,43,42,39,39,33,62,58,35,35,0],"gold":2,"neow_bonus":"TWO_FIFTY_GOLD","is_prod":false,"is_daily":false,"chose_seed":false,"campfire_upgraded":2,"win_rate":0,"timestamp":1553393771,"path_taken":["M","M","?","M","$","R","?","?","T","E","R","M","M","M","R","BOSS","M","M","$","?"],"build_version":"2019-01-23","purchased_purges":1,"victory":false,"max_hp_per_floor":[72,72,72,72,72,72,72,72,72,72,72,72,72,72,72,72,72,72,72,72,72],"card_choices":[{"not_picked":["Anger","Pummel","Wild Strike"],"picked":"SKIP","floor":1},{"not_picked":["Havoc","Perfected Strike","Dual Wield"],"picked":"SKIP","floor":2},{"not_picked":["Anger","Rampage"],"picked":"Pommel Strike","floor":4},{"not_picked":["Rage","Searing Blow"],"picked":"True Grit","floor":10},{"not_picked":["Body Slam","Armaments","Flex"],"picked":"SKIP","floor":12},{"not_picked":["Hemokinesis","Clothesline"],"picked":"Spot Weakness","floor":13},{"not_picked":["Flex","Clothesline"],"picked":"Disarm","floor":14},{"not_picked":["Reaper","Berserk+1"],"picked":"Juggernaut+1","floor":16},{"not_picked":["Rupture+1","Hemokinesis"],"picked":"Evolve+1","floor":18},{"not_picked":["Body Slam+1","Sword Boomerang"],"picked":"Warcry+1","floor":19}],"player_experience":958681,"relics_obtained":[{"floor":9,"key":"Frozen Egg 2"},{"floor":10,"key":"Potion Belt"}],"event_choices":[{"cards_removed":["Strike_R"],"damage_healed":0,"gold_gain":0,"player_choice":"Card Removal","damage_taken":0,"max_hp_gain":0,"max_hp_loss":0,"event_name":"The Cleric","floor":3,"gold_loss":50},{"damage_healed":0,"gold_gain":0,"player_choice":"Take Damage","damage_taken":18,"relics_obtained":["Golden Idol"],"max_hp_gain":0,"max_hp_loss":0,"event_name":"Golden Idol","floor":7,"gold_loss":0},{"cards_removed":["Strike_R"],"damage_healed":0,"gold_gain":0,"player_choice":"Card Removal","damage_taken":7,"max_hp_gain":0,"max_hp_loss":0,"event_name":"Golden Wing","floor":8,"gold_loss":0},{"damage_healed":0,"gold_gain":0,"player_choice":"Fight","damage_taken":0,"max_hp_gain":0,"max_hp_loss":0,"event_name":"Colosseum","floor":21,"gold_loss":0}],"is_beta":false,"boss_relics":[{"not_picked":["Fusion Hammer","Eternal Feather"],"picked":"Black Star"}],"items_purged_floors":[20],"is_endless":false,"potions_floor_spawned":[2,4,12,16,19],"killed_by":"Colosseum Slavers","ascension_level":8}