{"gold_per_floor":[116,116,132,207,63,63,63,17,17,17,17,31,41,58,58,58],"floor_reached":16,"playtime":1271,"items_purged":[],"score":92,"play_id":"62173718-37a1-4c0e-a0d0-6e92b72e1139","local_time":"20190330115536","is_ascension_mode":false,"campfire_choices":[{"floor":6,"key":"REST"},{"floor":15,"key":"REST"}],"neow_cost":"NONE","seed_source_timestamp":1658772028500,"circlet_count":0,"master_deck":["Defend_G","Defend_G","Defend_G","Defend_G","Defend_G","Strike_G","Strike_G","Strike_G","Strike_G","Survivor","Neutralize","Dagger Throw","Outmaneuver","Swift Strike","Prepared","Outmaneuver","Escape Plan"],"relics":["Ring of the Snake","NeowsBlessing","Oddly Smooth Stone","Pear"],"potions_floor_usage":[16,16],"damage_taken":[{"damage":0,"enemies":"2 Louse","floor":1,"turns":1},{"damage":0,"enemies":"Cultist","floor":3,"turns":1},{"damage":0,"enemies":"Small Slimes","floor":10,"turns":1},{"damage":1,"enemies":"Blue Slaver","floor":12,"turns":5},{"damage":2,"enemies":"2 Fungi Beasts","floor":13,"turns":5},{"damage":15,"enemies":"Red Slaver","floor":14,"turns":5},{"damage":81,"enemies":"Slime Boss","floor":16,"turns":13}],"seed_played":"780728126563462807","potions_obtained":[{"floor":1,"key":"Energy Potion"},{"floor":13,"key":"PowerPotion"},{"floor":14,"key":"Weak Potion"}],"is_trial":false,"path_per_floor":["M","?","M","?","$","R","?","$","T","M","?","M","M","M","R","B"],"character_chosen":"THE_SILENT","items_purchased":["Oddly Smooth Stone","Dagger Throw"],"campfire_rested":2,"item_purchase_floors":[5,8],"current_hp_per_floor":[70,70,70,59,59,70,70,70,80,80,80,79,77,62,80,0],"gold":58,"neow_bonus":"THREE_ENEMY_KILL","is_prod":false,"is_daily":false,"chose_seed":false,"campfire_upgraded":0,"win_rate":0.0,"timestamp":1553961336,"path_taken":["M","?","?","?","$","R","?","$","T","M","?","M","M","M","R","BOSS"],"build_version":"2019-01-23","purchased_purges":0,"victory":false,"max_hp_per_floor":[70,70,70,70,70,70,70,70,80,80,80,80,80,80,80,80],"card_choices":[{"not_picked":["Finisher","Accuracy","Deflect"],"picked":"SKIP","floor":1},{"not_picked":["Deadly Poison","Acrobatics","Underhanded Strike"],"picked":"SKIP","floor":3},{"not_picked":["Blade Dance","Underhanded Strike"],"picked":"Outmaneuver","floor":10},{"not_picked":["PiercingWail","Backflip"],"picked":"Prepared","floor":12},{"not_picked":["Underhanded Strike","Masterful Stab"],"picked":"Outmaneuver","floor":13},{"not_picked":["Phantasmal Killer","Dagger Spray"],"picked":"Escape Plan","floor":14}],"player_experience":29810,"relics_obtained":[{"floor":9,"key":"Pear"}],"event_choices":[{"cards_removed":["Strike_G"],"damage_healed":0,"gold_gain":0,"player_choice":"Purged","damage_taken":0,"max_hp_gain":0,"max_hp_loss":0,"event_name":"Purifier","floor":2,"gold_loss":0},{"damage_healed":0,"gold_gain":75,"player_choice":"Gather Gold","damage_taken":11,"max_hp_gain":0,"max_hp_loss":0,"event_name":"World of Goop","floor":4,"gold_loss":0},{"damage_healed":0,"gold_gain":0,"player_choice":"Ignored","damage_taken":0,"max_hp_gain":0,"max_hp_loss":0,"event_name":"Golden Wing","floor":7,"gold_loss":0},{"damage_healed":0,"gold_gain":0,"player_choice":"1 cards matched","damage_taken":0,"max_hp_gain":0,"max_hp_loss":0,"event_name":"Match and Keep!","floor":11,"gold_loss":0,"cards_obtained":["Swift Strike"]}],"is_beta":false,"boss_relics":[],"items_purged_floors":[],"is_endless":false,"potions_floor_spawned":[1,13,14],"killed_by":"Slime Boss","ascension_level":0}