{"gold_per_floor":[114,124,71,87,99,99,119,133,133,133,153,328,340,310,310,407,407,425,441,441,455,219,239,164,73,73,73,73,85,101,119,119,119],"floor_reached":33,"playtime":2591,"items_purged":[],"score":245,"play_id":"0ccb1da5-b1f0-4d82-ba7f-d45bca4cb186","local_time":"20190329221040","is_ascension_mode":false,"campfire_choices":[{"data":"Dodge and Roll","floor":6.0,"key":"SMITH"},{"data":"A Thousand Cuts","floor":10.0,"key":"SMITH"},{"data":"Infinite Blades","floor":15.0,"key":"SMITH"},{"floor":28.0,"key":"REST"},{"floor":32,"key":"REST"}],"neow_cost":"NONE","seed_source_timestamp":826169171086588,"circlet_count":0,"master_deck":["Defend_G","Defend_G","Defend_G","Defend_G","Defend_G","Strike_G","Strike_G","Strike_G","Strike_G","Strike_G","Survivor","Neutralize","Expertise","Dodge and Roll+1","Well Laid Plans","PiercingWail","Dodge and Roll","Acrobatics","Leg Sweep","A Thousand Cuts+1","Infinite Blades+1","Terror","Predator","After Image","Predator","Cloak And Dagger","Blur","Swift Strike","Accuracy","Footwork","Bandage Up","Deflect","Blade Dance","Tools of the Trade"],"special_seed":0,"relics":["Ring of the Snake"],"potions_floor_usage":[31],"damage_taken":[{"damage":0.0,"enemies":"Jaw Worm","floor":1.0,"turns":5.0},{"damage":0.0,"enemies":"Small Slimes","floor":2.0,"turns":5.0},{"damage":1.0,"enemies":"2 Louse","floor":4.0,"turns":4.0},{"damage":2.0,"enemies":"Gremlin Gang","floor":5.0,"turns":8.0},{"damage":2.0,"enemies":"Blue Slaver","floor":7.0,"turns":5.0},{"damage":2.0,"enemies":"Lots of Slimes","floor":8.0,"turns":13.0},{"damage":4.0,"enemies":"2 Fungi Beasts","floor":11.0,"turns":4.0},{"damage":14.0,"enemies":"Exordium Wildlife","floor":13.0,"turns":5.0},{"damage":0.0,"enemies":"Looter","floor":14.0,"turns":4.0},{"damage":7.0,"enemies":"Slime Boss","floor":16.0,"turns":11.0},{"damage":1.0,"enemies":"Chosen","floor":18.0,"turns":9.0},{"damage":24.0,"enemies":"3 Byrds","floor":19.0,"turns":6.0},{"damage":12.0,"enemies":"Cultist and Chosen","floor":21.0,"turns":12.0},{"damage":11.0,"enemies":"Centurion and Healer","floor":23.0,"turns":12.0},{"damage":2.0,"enemies":"Snake Plant","floor":29.0,"turns":9.0},{"damage":20.0,"enemies":"Snecko","floor":30.0,"turns":6.0},{"damage":0,"enemies":"Chosen and Byrds","floor":31,"turns":6},{"damage":53,"enemies":"Champ","floor":33,"turns":17}],"seed_played":"2493601213178138933","potions_obtained":[{"floor":2.0,"key":"SteroidPotion"},{"floor":4.0,"key":"LiquidBronze"},{"floor":5.0,"key":"Energy Potion"},{"floor":11.0,"key":"Energy Potion"},{"floor":13.0,"key":"Swift Potion"},{"floor":16.0,"key":"EssenceOfSteel"},{"floor":19.0,"key":"Poison Potion"},{"floor":21.0,"key":"Poison Potion"},{"floor":30.0,"key":"Explosive Potion"}],"is_trial":false,"path_per_floor":["M","M","$","M","M","R","M","M","T","R","M","?","M","M","R","B",null,"M","M","?","M","$","M","?","$","T","?","R","M","M","M","R","B"],"character_chosen":"THE_SILENT","items_purchased":["PiercingWail","Blur","Swift Strike","Accuracy","Bandage Up"],"campfire_rested":2,"item_purchase_floors":[3,22,22,22,25],"current_hp_per_floor":[70,70,70,69,67,67,65,63,63,63,59,59,45,45,45,38,70,69,45,32,20,20,9,9,9,9,9,31,33,13,17,39,0],"gold":119,"neow_bonus":"THREE_CARDS","is_prod":false,"is_daily":false,"chose_seed":false,"campfire_upgraded":3,"win_rate":0,"timestamp":1553919040,"path_taken":["M","M","$","M","M","R","M","M","T","R","M","?","M","M","R","BOSS","M","M","?","M","$","M","?","?","T","?","R","?","M","M","R","BOSS"],"build_version":"2019-01-23","purchased_purges":0,"victory":false,"max_hp_per_floor":[70,70,70,70,70,70,70,70,70,70,70,70,70,70,70,70,70,70,70,75,75,75,75,75,75,75,75,75,75,75,75,75,75],"card_choices":[{"not_picked":["Eviscerate","Distraction"],"picked":"Expertise","floor":0.0},{"not_picked":["Flying Knee","Quick Slash"],"picked":"Dodge and Roll","floor":1.0},{"not_picked":["Cloak And Dagger","Sucker Punch"],"picked":"Well Laid Plans","floor":2.0},{"not_picked":["Calculated Gamble","Prepared"],"picked":"Dodge and Roll","floor":4.0},{"not_picked":["Sucker Punch","Heel Hook"],"picked":"Acrobatics","floor":5.0},{"not_picked":["PiercingWail","Blade Dance"],"picked":"Leg Sweep","floor":7.0},{"not_picked":["Bane","Acrobatics"],"picked":"A Thousand Cuts","floor":8.0},{"not_picked":["Dagger Spray","Deflect"],"picked":"Infinite Blades","floor":11.0},{"not_picked":["Poisoned Stab","Bane"],"picked":"Terror","floor":13.0},{"not_picked":["Underhanded Strike","Dodge and Roll"],"picked":"Predator","floor":14.0},{"not_picked":["Adrenaline","Burst"],"picked":"After Image","floor":16.0},{"not_picked":["Flying Knee+1","Deflect"],"picked":"Predator","floor":18.0},{"not_picked":["Catalyst","Sucker Punch+1"],"picked":"Cloak And Dagger","floor":19.0},{"not_picked":["Bane","Sucker Punch","Heel Hook"],"picked":"SKIP","floor":21.0},{"not_picked":["Prepared","Well Laid Plans"],"picked":"Footwork","floor":23.0},{"not_picked":["Catalyst","Sucker Punch"],"picked":"Deflect","floor":29.0},{"not_picked":["Distraction","Acrobatics+1"],"picked":"Blade Dance","floor":30.0},{"not_picked":["Riddle With Holes","Skewer+1"],"picked":"Tools of the Trade","floor":31}],"player_experience":1720915,"relics_obtained":[],"event_choices":[{"damage_healed":0.0,"max_hp_gain":0.0,"max_hp_loss":0.0,"gold_gain":175.0,"event_name":"Liars Game","player_choice":"AGREE","floor":12.0,"gold_loss":0.0,"damage_taken":0.0,"cards_obtained":["Doubt"]},{"damage_healed":0.0,"max_hp_gain":5.0,"max_hp_loss":0.0,"gold_gain":0.0,"event_name":"Forgotten Altar","player_choice":"Shed Blood","floor":20.0,"gold_loss":0.0,"damage_taken":18.0},{"cards_removed":["Doubt"],"damage_healed":0.0,"max_hp_gain":0.0,"max_hp_loss":0.0,"gold_gain":0.0,"event_name":"Beggar","player_choice":"Gave Gold","floor":24.0,"gold_loss":75.0,"damage_taken":0.0},{"damage_healed":0.0,"max_hp_gain":0.0,"max_hp_loss":0.0,"gold_gain":0.0,"event_name":"Wheel of Change","player_choice":"Relic","floor":27.0,"gold_loss":0.0,"damage_taken":0.0}],"is_beta":false,"boss_relics":[{"not_picked":["Black Star","Runic Pyramid","Busted Crown"]}],"items_purged_floors":[],"is_endless":false,"potions_floor_spawned":[2,4,5,11,13,16,19,21,30],"killed_by":"Champ","ascension_level":0}