{"gold_per_floor":[118,130,10,20,20,54,54,69,69,102,113,113,131,131,131,206,206,224,224,241,241,44,44],"floor_reached":23,"playtime":1564,"items_purged":[],"score":332,"play_id":"b5e57d72-b7f0-4f63-8809-a63df116bc05","local_time":"20190323091255","is_ascension_mode":true,"campfire_choices":[{"data":"Shrug It Off","floor":7,"key":"SMITH"},{"data":"Limit Break","floor":15,"key":"SMITH"}],"neow_cost":"NONE","seed_source_timestamp":262289980879184,"circlet_count":0,"master_deck":["AscendersBane","Strike_R","Strike_R","Strike_R","Strike_R","Defend_R","Defend_R","Defend_R","Defend_R","Bash+1","Reckless Charge","Shrug It Off","Battle Trance","Inflame","Shrug It Off+1","Disarm","Body Slam","Limit Break+1","Ghostly Armor","Demon Form","Bash","Body Slam","Feed","RitualDagger","Secret Weapon"],"relics":["Burning Blood","Singing Bowl","Kunai","Bottled Flame","Busted Crown"],"potions_floor_usage":[6,10,18,23,23],"damage_taken":[{"damage":6,"enemies":"Cultist","floor":1,"turns":4},{"damage":3,"enemies":"2 Louse","floor":2,"turns":3},{"damage":12,"enemies":"Small Slimes","floor":4,"turns":3},{"damage":24,"enemies":"3 Sentries","floor":6,"turns":13},{"damage":1,"enemies":"3 Louse","floor":8,"turns":5},{"damage":12,"enemies":"Lagavulin","floor":10,"turns":7},{"damage":11,"enemies":"Exordium Wildlife","floor":11,"turns":7},{"damage":9,"enemies":"2 Fungi Beasts","floor":13,"turns":5},{"damage":31,"enemies":"Slime Boss","floor":16,"turns":8},{"damage":18,"enemies":"2 Thieves","floor":18,"turns":5},{"damage":10,"enemies":"Chosen","floor":20,"turns":7},{"damage":28,"enemies":"Colosseum Slavers","floor":21,"turns":5},{"damage":31,"enemies":"Gremlin Leader","floor":23,"turns":4}],"seed_played":"300010437151141831","potions_obtained":[{"floor":1,"key":"EssenceOfSteel"},{"floor":4,"key":"Weak Potion"},{"floor":10,"key":"Swift Potion"},{"floor":13,"key":"EssenceOfSteel"},{"floor":16,"key":"Strength Potion"},{"floor":18,"key":"Ancient Potion"}],"is_trial":false,"path_per_floor":["M","M","$","M","?","E","R","M","T","E","M","?","M","?","R","B",null,"M","?","M","?","$","E"],"character_chosen":"IRONCLAD","items_purchased":["Battle Trance","Inflame","Secret Weapon"],"campfire_rested":0,"item_purchase_floors":[3,3,22],"current_hp_per_floor":[72,75,75,69,62,44,44,49,49,43,38,38,35,61,61,36,69,59,53,51,29,29,0],"gold":44,"neow_bonus":"UPGRADE_CARD","is_prod":false,"is_daily":false,"chose_seed":false,"campfire_upgraded":2,"win_rate":0,"timestamp":1553353975,"path_taken":["M","M","?","M","?","E","R","M","T","E","M","?","?","?","R","BOSS","M","?","M","?","?","E"],"build_version":"2019-01-23","purchased_purges":0,"victory":false,"max_hp_per_floor":[80,80,80,80,80,80,80,80,80,80,80,80,80,80,80,80,80,82,82,84,84,84,84],"card_choices":[{"not_picked":["Cleave","Twin Strike"],"picked":"Reckless Charge","floor":1},{"not_picked":["Hemokinesis","Clothesline"],"picked":"Shrug It Off","floor":2},{"not_picked":["Pommel Strike","Entrench"],"picked":"Shrug It Off","floor":4},{"not_picked":["Sword Boomerang","Shrug It Off"],"picked":"Disarm","floor":6},{"not_picked":["Sentinel","Blood for Blood"],"picked":"Body Slam","floor":8},{"not_picked":["Bludgeon","Intimidate"],"picked":"Limit Break","floor":10},{"not_picked":["Armaments","Seeing Red"],"picked":"Ghostly Armor","floor":11},{"not_picked":["Flex","Iron Wave"],"picked":"Body Slam","floor":13},{"not_picked":["Immolate","Demon Form"],"picked":"Feed","floor":16},{"not_picked":["Pommel Strike"],"picked":"Singing Bowl","floor":18},{"not_picked":["Clothesline"],"picked":"Singing Bowl","floor":20}],"player_experience":1665540,"relics_obtained":[{"floor":6,"key":"Singing Bowl"},{"floor":9,"key":"Kunai"},{"floor":10,"key":"Bottled Flame"}],"event_choices":[{"cards_removed":["Strike_R"],"damage_healed":0,"gold_gain":0,"player_choice":"Card Removal","damage_taken":7,"max_hp_gain":0,"max_hp_loss":0,"event_name":"Golden Wing","floor":5,"gold_loss":0},{"damage_healed":0,"gold_gain":0,"player_choice":"2 cards matched","damage_taken":0,"max_hp_gain":0,"max_hp_loss":0,"event_name":"Match and Keep!","floor":12,"gold_loss":0,"cards_obtained":["Demon Form","Bash"]},{"damage_healed":26,"gold_gain":0,"player_choice":"Banana","damage_taken":0,"max_hp_gain":0,"max_hp_loss":0,"event_name":"Big Fish","floor":14,"gold_loss":0},{"damage_healed":0,"gold_gain":0,"player_choice":"Joined the Cult","damage_taken":6,"max_hp_gain":0,"max_hp_loss":0,"event_name":"Nest","floor":19,"gold_loss":0,"cards_obtained":["RitualDagger"]},{"damage_healed":0,"gold_gain":0,"player_choice":"Fight","damage_taken":0,"max_hp_gain":0,"max_hp_loss":0,"event_name":"Colosseum","floor":21,"gold_loss":0},{"damage_healed":0,"gold_gain":0,"player_choice":"Fled From Nobs","damage_taken":0,"max_hp_gain":0,"max_hp_loss":0,"event_name":"Colosseum","floor":21,"gold_loss":0}],"is_beta":false,"boss_relics":[{"not_picked":["Black Blood","Coffee Dripper"],"picked":"Busted Crown"}],"items_purged_floors":[],"is_endless":false,"potions_floor_spawned":[1,4,10,13,16,18,20],"killed_by":"Gremlin Leader","ascension_level":13}