{"gold_per_floor":[110,110,110,110,124,168,168,212,265,290,309,309,340,360,360,454,454,475,475,496,512,163,163,198,198,198,236,236,236,236,272,272,272],"floor_reached":33,"playtime":1325,"items_purged":["Strike_R"],"score":588,"play_id":"080aa958-5609-4d10-a9b7-1a25ece4575c","local_time":"20190403152050","is_ascension_mode":true,"campfire_choices":[{"data":"Inflame","floor":12,"key":"SMITH"},{"data":"Inflame","floor":15,"key":"SMITH"},{"data":"Whirlwind","floor":23,"key":"SMITH"},{"data":"Inflame","floor":25,"key":"SMITH"},{"data":"Feel No Pain","floor":28,"key":"SMITH"},{"data":"Combust","floor":32,"key":"SMITH"}],"neow_cost":"NONE","seed_source_timestamp":1611837027377703,"circlet_count":0,"master_deck":["AscendersBane","Strike_R","Strike_R","Defend_R+1","Defend_R+1","Defend_R","Defend_R","Bash","Reckless Charge","Clothesline+1","Combust+1","Inflame+1","Inflame+1","Feel No Pain+1","Iron Wave","Headbutt","Reaper","Cleave","Whirlwind+1","Blood for Blood","Inflame+1","Reaper","Anger","Impervious","Bloodletting","Sever Soul","Blood for Blood"],"relics":["Burning Blood","NeowsBlessing","Golden Idol","War Paint","Gremlin Horn","Du-Vu Doll","Torii","Velvet Choker","DollysMirror","Frozen Egg 2","Bottled Flame","Pen Nib","Happy Flower"],"potions_floor_usage":[13,13,24],"damage_taken":[{"damage":0,"enemies":"Small Slimes","floor":1,"turns":1},{"damage":0,"enemies":"2 Louse","floor":5,"turns":1},{"damage":0,"enemies":"Gremlin Nob","floor":6,"turns":1},{"damage":31,"enemies":"3 Sentries","floor":8,"turns":8},{"damage":1,"enemies":"Jaw Worm","floor":10,"turns":2},{"damage":2,"enemies":"3 Louse","floor":11,"turns":3},{"damage":22,"enemies":"Lagavulin","floor":13,"turns":6},{"damage":12,"enemies":"Large Slime","floor":14,"turns":5},{"damage":18,"enemies":"Hexaghost","floor":16,"turns":9},{"damage":12,"enemies":"Spheric Guardian","floor":18,"turns":3},{"damage":15,"enemies":"Shell Parasite","floor":20,"turns":6},{"damage":29,"enemies":"Centurion and Healer","floor":21,"turns":6},{"damage":40,"enemies":"Slavers","floor":24,"turns":4},{"damage":63,"enemies":"Gremlin Leader","floor":27,"turns":6},{"damage":33,"enemies":"Book of Stabbing","floor":31,"turns":6},{"damage":63,"enemies":"Champ","floor":33,"turns":6}],"seed_played":"4285984167246796118","potions_obtained":[{"floor":1,"key":"FearPotion"},{"floor":10,"key":"SteroidPotion"},{"floor":14,"key":"SpeedPotion"},{"floor":18,"key":"Explosive Potion"},{"floor":31,"key":"GamblersBrew"}],"is_trial":false,"path_per_floor":["?","?","?","?","?","?","?"],"character_chosen":"IRONCLAD","items_purchased":["Inflame","DollysMirror"],"campfire_rested":0,"item_purchase_floors":[22,22],"current_hp_per_floor":[74,56,49,54,60,66,66,41,41,46,50,50,34,28,28,16,64,58,80,71,68,68,68,58,58,58,45,45,45,45,32,32,0],"gold":272,"neow_bonus":"THREE_ENEMY_KILL","is_prod":false,"is_daily":false,"chose_seed":false,"campfire_upgraded":6,"win_rate":0,"timestamp":1554319250,"path_taken":["M","?","?","?","M","E","?","E","T","M","M","R","E","M","R","BOSS","M","?","M","M","$","R","E","R","T","E","R","?","?","E","R","BOSS"],"build_version":"2019-01-23","purchased_purges":1,"victory":false,"max_hp_per_floor":[75,75,75,80,80,80,80,80,80,80,80,80,80,80,80,80,80,80,80,80,80,80,80,80,80,80,80,80,80,80,80,80,80],"card_choices":[{"not_picked":["Rampage","Cleave"],"picked":"Reckless Charge","floor":1},{"not_picked":["Burning Pact","Heavy Blade"],"picked":"Clothesline","floor":5},{"not_picked":["Twin Strike","True Grit"],"picked":"Combust","floor":6},{"not_picked":["Headbutt","Pommel Strike"],"picked":"Inflame","floor":8},{"not_picked":["Wild Strike","Second Wind"],"picked":"Inflame","floor":10},{"not_picked":["Shrug It Off","Havoc"],"picked":"Feel No Pain","floor":11},{"not_picked":["Havoc","Wild Strike"],"picked":"Iron Wave","floor":13},{"not_picked":["Cleave","Combust"],"picked":"Headbutt","floor":14},{"not_picked":["Berserk","Bludgeon"],"picked":"Reaper","floor":16},{"not_picked":["Intimidate","Iron Wave"],"picked":"Cleave","floor":18},{"not_picked":["Pommel Strike+1","True Grit"],"picked":"Whirlwind","floor":20},{"not_picked":["Havoc","Fire Breathing"],"picked":"Blood for Blood","floor":21},{"not_picked":["Heavy Blade","Headbutt"],"picked":"Anger","floor":24},{"not_picked":["Burning Pact","Cleave"],"picked":"Impervious","floor":27},{"not_picked":["Armaments","Dual Wield"],"picked":"Blood for Blood","floor":31}],"player_experience":1427956,"relics_obtained":[{"floor":6,"key":"Gremlin Horn"},{"floor":8,"key":"Du-Vu Doll"},{"floor":13,"key":"Torii"},{"floor":24,"key":"Frozen Egg 2"},{"floor":26,"key":"Bottled Flame"},{"floor":27,"key":"Pen Nib"},{"floor":31,"key":"Happy Flower"}],"event_choices":[{"damage_healed":0,"gold_gain":0,"player_choice":"Take Damage","damage_taken":18,"relics_obtained":["Golden Idol"],"max_hp_gain":0,"max_hp_loss":0,"event_name":"Golden Idol","floor":2,"gold_loss":0},{"damage_healed":0,"gold_gain":0,"player_choice":"Success","damage_taken":7,"relics_obtained":["War Paint"],"max_hp_gain":0,"max_hp_loss":0,"event_name":"Scrap Ooze","floor":3,"gold_loss":0},{"damage_healed":0,"gold_gain":0,"player_choice":"Donut","damage_taken":0,"max_hp_gain":5,"max_hp_loss":0,"event_name":"Big Fish","floor":4,"gold_loss":0},{"damage_healed":0,"gold_gain":0,"player_choice":"Grow","damage_taken":0,"max_hp_gain":0,"max_hp_loss":0,"event_name":"Living Wall","floor":7,"gold_loss":0,"cards_upgraded":["Clothesline"]},{"damage_healed":26,"gold_gain":0,"player_choice":"Heal","damage_taken":0,"max_hp_gain":0,"max_hp_loss":0,"event_name":"The Library","floor":19,"gold_loss":0},{"damage_healed":0,"gold_gain":0,"player_choice":"Ignored","damage_taken":0,"max_hp_gain":0,"max_hp_loss":0,"event_name":"Ghosts","floor":29,"gold_loss":0},{"damage_healed":0,"gold_gain":0,"cards_transformed":["Strike_R","Strike_R"],"player_choice":"Became Test Subject","damage_taken":0,"max_hp_gain":0,"max_hp_loss":0,"event_name":"Drug Dealer","floor":30,"gold_loss":0,"cards_obtained":["Bloodletting","Sever Soul"]}],"is_beta":false,"boss_relics":[{"not_picked":["Calling Bell","Orrery"],"picked":"Velvet Choker"}],"items_purged_floors":[22],"is_endless":false,"potions_floor_spawned":[1,10,14,18,20,31],"killed_by":"Champ","ascension_level":14}