{"gold_per_floor":[115,115,115,134,152,152,187,187,187,206,240,260,283,302,302,430,430,455,470,470],"floor_reached":20,"playtime":2701,"items_purged":[],"score":188,"play_id":"ce85e187-2089-495c-92b2-8df22e27a3a5","local_time":"20190201001651","is_ascension_mode":false,"campfire_choices":[{"data":"Zap","floor":6,"key":"SMITH"},{"data":"Self Repair","floor":8,"key":"SMITH"},{"data":"Genetic Algorithm","floor":15,"key":"SMITH"}],"neow_cost":"CURSE","seed_source_timestamp":262611458036135,"circlet_count":0,"master_deck":["Strike_B","Strike_B","Strike_B","Strike_B","Defend_B","Defend_B","Defend_B","Defend_B","Zap+1","Dualcast","Parasite","Self Repair+1","Rebound","Genetic Algorithm","Buffer+1","Genetic Algorithm+1","Creative AI+1"],"relics":["Cracked Core","FossilizedHelix","Golden Idol","Frozen Egg 2","Anchor","Bottled Tornado","Inserter"],"potions_floor_usage":[7,20,20,20],"damage_taken":[{"damage":0,"enemies":"2 Louse","floor":1,"turns":4},{"damage":0,"enemies":"Small Slimes","floor":4,"turns":3},{"damage":0,"enemies":"Cultist","floor":5,"turns":4},{"damage":25,"enemies":"Gremlin Nob","floor":7,"turns":4},{"damage":0,"enemies":"Lots of Slimes","floor":10,"turns":4},{"damage":21,"enemies":"3 Sentries","floor":11,"turns":10},{"damage":0,"enemies":"Red Slaver","floor":12,"turns":4},{"damage":0,"enemies":"Exordium Wildlife","floor":13,"turns":5},{"damage":0,"enemies":"Blue Slaver","floor":14,"turns":3},{"damage":60,"enemies":"The Guardian","floor":16,"turns":14},{"damage":0,"enemies":"Chosen","floor":18,"turns":7},{"damage":32,"enemies":"Shell Parasite","floor":19,"turns":11},{"damage":83,"enemies":"Cultist and Chosen","floor":20,"turns":8}],"seed_played":"-8949042037904007715","potions_obtained":[{"floor":4,"key":"AttackPotion"},{"floor":12,"key":"GamblersBrew"},{"floor":14,"key":"FocusPotion"},{"floor":16,"key":"Strength Potion"}],"is_trial":false,"path_per_floor":["?","?"],"character_chosen":"DEFECT","items_purchased":[],"campfire_rested":0,"item_purchase_floors":[],"current_hp_per_floor":[75,75,57,64,71,71,53,53,53,63,52,62,72,75,75,25,75,75,53,0],"gold":470,"neow_bonus":"ONE_RARE_RELIC","is_prod":false,"is_daily":false,"chose_seed":false,"campfire_upgraded":3,"win_rate":0.0,"timestamp":1548998211,"path_taken":["M","?","?","M","M","R","E","R","T","M","E","M","M","M","R","BOSS","M","M","M"],"build_version":"2019-01-23","purchased_purges":0,"victory":false,"max_hp_per_floor":[75,75,75,75,75,75,75,75,75,75,75,75,75,75,75,75,75,75,75,75],"card_choices":[{"not_picked":["Chill","Go for the Eyes"],"picked":"Self Repair","floor":1},{"not_picked":["Blizzard","Coolheaded","Auto Shields"],"picked":"SKIP","floor":4},{"not_picked":["Compile Driver","Go for the Eyes","Turbo"],"picked":"SKIP","floor":5},{"not_picked":["Double Energy","Turbo"],"picked":"Rebound","floor":7},{"not_picked":["Thunder Strike","Barrage","Streamline"],"picked":"SKIP","floor":10},{"not_picked":["Barrage","Go for the Eyes"],"picked":"Genetic Algorithm","floor":11},{"not_picked":["Leap","Fusion"],"picked":"Buffer+1","floor":12},{"not_picked":["Leap","Go for the Eyes","Melter"],"picked":"SKIP","floor":13},{"not_picked":["Steam","Rip and Tear"],"picked":"Genetic Algorithm","floor":14},{"not_picked":["Buffer+1","Core Surge"],"picked":"Creative AI+1","floor":16},{"not_picked":["Lockon","Cold Snap+1","Stack"],"picked":"SKIP","floor":18},{"not_picked":["Coolheaded","Chaos","Sunder"],"picked":"SKIP","floor":19}],"player_experience":110652,"relics_obtained":[{"floor":7,"key":"Frozen Egg 2"},{"floor":9,"key":"Anchor"},{"floor":11,"key":"Bottled Tornado"}],"event_choices":[{"damage_healed":0,"gold_gain":0,"player_choice":"Ignored","damage_taken":0,"max_hp_gain":0,"max_hp_loss":0,"event_name":"Liars Game","floor":2,"gold_loss":0},{"damage_healed":0,"gold_gain":0,"player_choice":"Take Damage","damage_taken":18,"relics_obtained":["Golden Idol"],"max_hp_gain":0,"max_hp_loss":0,"event_name":"Golden Idol","floor":3,"gold_loss":0}],"is_beta":false,"boss_relics":[{"not_picked":["Orrery","Velvet Choker"],"picked":"Inserter"}],"items_purged_floors":[],"is_endless":false,"potions_floor_spawned":[4,12,14,16],"killed_by":"Cultist and Chosen","ascension_level":0}