{"gold_per_floor":[16,16,41,64,139,139,168,168,168,188,202,241,262,276,276,395,395,413,328,359,36,51,51,67,92,92,92,107,140,140,163,163,282,282,303,132,132,145,165,196,219,219,219,219,344,369,369,382,382,382],"floor_reached":50,"playtime":3087,"items_purged":["Strike_B","Strike_B"],"score":548,"play_id":"b7154971-479a-4070-90d0-86c81b402141","local_time":"20190214020756","is_ascension_mode":false,"campfire_choices":[{"floor":6,"key":"RECALL"},{"floor":15,"key":"REST"},{"data":"Zap","floor":23,"key":"SMITH"},{"floor":27,"key":"REST"},{"floor":30,"key":"REST"},{"floor":32,"key":"REST"},{"floor":42,"key":"REST"},{"floor":44,"key":"REST"},{"floor":49,"key":"REST"}],"neow_cost":"NO_GOLD","seed_source_timestamp":4174779760229,"circlet_count":0,"master_deck":["Strike_B","Defend_B","Defend_B","Defend_B","Defend_B","Zap+1","Dualcast","Dark Shackles","Panacea","Ball Lightning","Melter","Ball Lightning","Lockon","FTL","Storm","Biased Cognition","Defragment+1","Static Discharge+1","Storm+1","Machine Learning+1","Static Discharge+1","Static Discharge+1","Ball Lightning","Ball Lightning+1","Capacitor+1"],"relics":["Cracked Core","Golden Idol","Odd Mushroom","Cables","Blood Vial","Runic Pyramid","Frozen Egg 2","Red Mask","Gremlin Horn","Blue Candle","Nuclear Battery","Anchor","The Courier","Du-Vu Doll","Bronze Scales"],"potions_floor_usage":[7,12,16,20,28,29,33,35,39,46,50],"damage_taken":[{"damage":0,"enemies":"Small Slimes","floor":1,"turns":4},{"damage":0,"enemies":"2 Louse","floor":3,"turns":2},{"damage":2,"enemies":"Jaw Worm","floor":4,"turns":3},{"damage":8,"enemies":"The Mushroom Lair","floor":7,"turns":5},{"damage":5,"enemies":"Looter","floor":10,"turns":3},{"damage":10,"enemies":"Exordium Wildlife","floor":11,"turns":3},{"damage":12,"enemies":"3 Sentries","floor":12,"turns":6},{"damage":3,"enemies":"Lots of Slimes","floor":13,"turns":3},{"damage":5,"enemies":"Looter","floor":14,"turns":2},{"damage":33,"enemies":"Hexaghost","floor":16,"turns":8},{"damage":0,"enemies":"Spheric Guardian","floor":18,"turns":2},{"damage":19,"enemies":"Masked Bandits","floor":20,"turns":3},{"damage":7,"enemies":"Shell Parasite","floor":22,"turns":3},{"damage":1,"enemies":"Chosen and Byrds","floor":24,"turns":3},{"damage":22,"enemies":"Centurion and Healer","floor":25,"turns":3},{"damage":18,"enemies":"3 Cultists","floor":28,"turns":4},{"damage":5,"enemies":"Gremlin Leader","floor":29,"turns":4},{"damage":6,"enemies":"Cultist and Chosen","floor":31,"turns":3},{"damage":42,"enemies":"Automaton","floor":33,"turns":5},{"damage":7,"enemies":"Orb Walker","floor":35,"turns":2},{"damage":0,"enemies":"3 Shapes","floor":38,"turns":3},{"damage":18,"enemies":"3 Darklings","floor":39,"turns":3},{"damage":29,"enemies":"Giant Head","floor":40,"turns":6},{"damage":17,"enemies":"Maw","floor":41,"turns":3},{"damage":1,"enemies":"Mind Bloom Boss Battle","floor":45,"turns":4},{"damage":0,"enemies":"4 Shapes","floor":46,"turns":2},{"damage":18,"enemies":"Spire Growth","floor":48,"turns":3},{"damage":83,"enemies":"Awakened One","floor":50,"turns":5}],"seed_played":"-5329789078065933835","potions_obtained":[{"floor":1,"key":"Weak Potion"},{"floor":7,"key":"EssenceOfSteel"},{"floor":10,"key":"SpeedPotion"},{"floor":12,"key":"Poison Potion"},{"floor":14,"key":"Regen Potion"},{"floor":16,"key":"Strength Potion"},{"floor":24,"key":"Energy Potion"},{"floor":28,"key":"FearPotion"},{"floor":29,"key":"Fire Potion"},{"floor":33,"key":"SneckoOil"},{"floor":35,"key":"LiquidBronze"},{"floor":46,"key":"Poison Potion"},{"floor":48,"key":"Explosive Potion"}],"is_trial":false,"path_per_floor":["?","?","?","?","?","?","$","M","?","M","?","T"],"character_chosen":"DEFECT","items_purchased":["Gremlin Horn","Static Discharge+1"],"campfire_rested":7,"item_purchase_floors":[21,36],"current_hp_per_floor":[75,57,57,55,44,44,36,61,61,56,46,34,33,30,52,36,75,75,75,56,56,51,51,52,32,32,54,38,35,57,53,75,33,75,68,68,68,70,54,27,12,34,34,56,57,59,59,43,65,0],"gold":382,"neow_bonus":"RANDOM_COLORLESS_2","is_prod":false,"is_daily":false,"chose_seed":false,"campfire_upgraded":1,"win_rate":0,"timestamp":1550128076,"path_taken":["M","?","M","M","?","R","?","?","T","M","M","E","M","M","R","BOSS","M","?","?","?","?","R","M","M","T","R","M","E","R","M","R","BOSS","M","$","?","M","?","E","M","R","T","R","?","M","?","M","R","BOSS"],"build_version":"2019-01-23","purchased_purges":2,"victory":false,"max_hp_per_floor":[75,75,75,75,75,75,75,75,75,75,75,75,75,75,75,75,75,75,75,75,75,75,75,75,75,75,75,75,75,75,75,75,75,75,75,75,75,75,75,75,75,75,75,75,75,75,75,75,75,75],"card_choices":[{"not_picked":["Cold Snap","Beam Cell"],"picked":"Ball Lightning","floor":1},{"not_picked":["Compile Driver","Redo"],"picked":"Melter","floor":3},{"not_picked":["Redo","Coolheaded","Turbo"],"picked":"SKIP","floor":4},{"not_picked":["Sweeping Beam","Rip and Tear"],"picked":"Ball Lightning","floor":7},{"not_picked":["Skim","Barrage"],"picked":"Lockon","floor":10},{"not_picked":["Conserve Battery","Blizzard"],"picked":"FTL","floor":11},{"not_picked":["Steam Power","Amplify","Stack"],"picked":"SKIP","floor":12},{"not_picked":["Rebound","Aggregate","Steam"],"picked":"SKIP","floor":13},{"not_picked":["Leap","Go for the Eyes"],"picked":"Storm","floor":14},{"not_picked":["All For One","Core Surge"],"picked":"Biased Cognition","floor":16},{"not_picked":["Leap+1","Beam Cell","Darkness"],"picked":"SKIP","floor":18},{"not_picked":["Steam","Leap"],"picked":"Defragment+1","floor":20},{"not_picked":["Go for the Eyes","Self Repair+1"],"picked":"Static Discharge+1","floor":22},{"not_picked":["Fusion+1","Steam","Hologram"],"picked":"SKIP","floor":24},{"not_picked":["Streamline+1","White Noise","Barrage"],"picked":"SKIP","floor":25},{"not_picked":["Coolheaded","Hologram+1","Reboot"],"picked":"SKIP","floor":28},{"not_picked":["Streamline","Force Field"],"picked":"Storm+1","floor":29},{"not_picked":["Recycle+1","Blizzard","Redo"],"picked":"SKIP","floor":31},{"not_picked":["Echo Form+1","Hyperbeam"],"picked":"Machine Learning+1","floor":33},{"not_picked":["Barrage+1","Heatsinks+1"],"picked":"Static Discharge+1","floor":35},{"not_picked":["Rebound+1","Tempest+1","Go for the Eyes"],"picked":"SKIP","floor":38},{"not_picked":["Auto Shields+1","Redo+1","Barrage+1"],"picked":"SKIP","floor":39},{"not_picked":["Redo+1","Hologram+1"],"picked":"Ball Lightning+1","floor":40},{"not_picked":["Blizzard","Steam Power","Scrape+1"],"picked":"SKIP","floor":41},{"not_picked":["Rebound+1","Lockon"],"picked":"Capacitor+1","floor":46},{"not_picked":["Streamline+1","Cold Snap+1","Go for the Eyes+1"],"picked":"SKIP","floor":48}],"player_experience":461637,"relics_obtained":[{"floor":7,"key":"Odd Mushroom"},{"floor":9,"key":"Cables"},{"floor":12,"key":"Blood Vial"},{"floor":20,"key":"Red Mask"},{"floor":29,"key":"Blue Candle"},{"floor":40,"key":"Anchor"},{"floor":43,"key":"The Courier"},{"floor":45,"key":"Du-Vu Doll"},{"floor":47,"key":"Bronze Scales"}],"event_choices":[{"damage_healed":0,"gold_gain":0,"player_choice":"Take Damage","damage_taken":18,"relics_obtained":["Golden Idol"],"max_hp_gain":0,"max_hp_loss":0,"event_name":"Golden Idol","floor":2,"gold_loss":0},{"damage_healed":0,"gold_gain":75,"player_choice":"Gather Gold","damage_taken":11,"max_hp_gain":0,"max_hp_loss":0,"event_name":"World of Goop","floor":5,"gold_loss":0},{"damage_healed":0,"gold_gain":0,"player_choice":"Fought Mushrooms","damage_taken":0,"max_hp_gain":0,"max_hp_loss":0,"event_name":"Mushrooms","floor":7,"gold_loss":0},{"damage_healed":25,"gold_gain":0,"player_choice":"Banana","damage_taken":0,"max_hp_gain":0,"max_hp_loss":0,"event_name":"Big Fish","floor":8,"gold_loss":0},{"damage_healed":0,"gold_gain":0,"player_choice":"Obtained Relic","damage_taken":0,"relics_obtained":["Frozen Egg 2"],"max_hp_gain":0,"max_hp_loss":0,"event_name":"Addict","floor":19,"gold_loss":85},{"damage_healed":0,"gold_gain":0,"player_choice":"Fought Bandits","damage_taken":0,"max_hp_gain":0,"max_hp_loss":0,"event_name":"Masked Bandits","floor":20,"gold_loss":0},{"cards_removed":["Strike_B"],"damage_healed":0,"gold_gain":0,"player_choice":"Took Card","damage_taken":0,"max_hp_gain":0,"max_hp_loss":0,"event_name":"NoteForYourself","floor":37,"gold_loss":0,"cards_obtained":["Ball Lightning"]},{"damage_healed":0,"gold_gain":0,"player_choice":"Fight","damage_taken":0,"max_hp_gain":0,"max_hp_loss":0,"event_name":"MindBloom","floor":45,"gold_loss":0}],"is_beta":false,"boss_relics":[{"not_picked":["Calling Bell","Empty Cage"],"picked":"Runic Pyramid"},{"not_picked":["Tiny House","Inserter"],"picked":"Nuclear Battery"}],"items_purged_floors":[21,36],"is_endless":false,"potions_floor_spawned":[1,7,10,12,14,16,24,28,29,33,35,38,46,48],"killed_by":"Awakened One","ascension_level":0}