{"path_per_floor":["M","M","?","?","?","R","M","M","T","R","M","$","E","M","R","B",null,"M","M","M","M","M","E","R"],"character_chosen":"IRONCLAD","items_purchased":["Shrug It Off"],"gold_per_floor":[111,121,121,101,101,101,113,127,152,152,168,42,74,87,87,191,191,206,220,233,252,263,296,296],"floor_reached":25,"campfire_rested":0,"playtime":1277,"current_hp_per_floor":[71,77,77,77,77,77,80,80,80,80,80,80,80,80,80,30,80,73,65,61,58,60,54,54],"items_purged":["Defend_R"],"gold":296,"score":252,"play_id":"47a49482-f42d-477f-8213-2550c365e65b","local_time":"20180301205537","is_prod":false,"is_daily":false,"is_ascension_mode":false,"campfire_upgraded":4,"timestamp":1519955737,"path_taken":["M","M","?","?","?","R","M","M","T","R","?","?","E","M","R","BOSS","M","M","M","M","M","E","R","E"],"build_version":"2018-03-01-BETA1","purchased_purges":1,"victory":false,"master_deck":["Strike_R","Strike_R","Strike_R","Strike_R","Defend_R","Defend_R","Defend_R","Bash","Impervious","Carnage+1","Whirlwind+1","Burning Pact","Armaments","Flex","Shrug It Off+1","Offering","Pummel","Limit Break+1","Spot Weakness","Sword Boomerang+1","Flame Barrier+1","Spot Weakness","Evolve","Shrug It Off"],"max_hp_per_floor":[80,80,80,80,80,80,80,80,80,80,80,80,80,80,80,80,80,80,80,80,80,80,80,80],"relics":["Burning Blood","Ornamental Fan","Bag of Preparation","Happy Flower","Question Card","Darkstone Periapt"],"card_choices":[{"not_picked":["Evolve","Clothesline"],"picked":"Carnage"},{"not_picked":["Pummel","Dropkick"],"picked":"Whirlwind"},{"not_picked":["Thunderclap","Evolve"],"picked":"Burning Pact"},{"not_picked":["Headbutt","Twin Strike"],"picked":"Armaments"},{"not_picked":["Cleave","Sever Soul"],"picked":"Flex"},{"not_picked":["Pommel Strike","Heavy Blade"],"picked":"Offering"},{"not_picked":["Anger","Uppercut"],"picked":"Pummel"},{"not_picked":["Offering","Double Tap"],"picked":"Limit Break"},{"not_picked":["Body Slam","Uppercut","Heavy Blade"],"picked":"Spot Weakness"},{"not_picked":["Fire Breathing","Sentinel","Sever Soul"],"picked":"Sword Boomerang"},{"not_picked":["Uppercut","Headbutt","Intimidate"],"picked":"Flame Barrier"},{"not_picked":["Sword Boomerang","Armaments","Infernal Blade"],"picked":"Spot Weakness"},{"not_picked":["Sentinel","Thunderclap","Sword Boomerang"],"picked":"Evolve"},{"not_picked":["Anger","Warcry","Metallicize"],"picked":"Shrug It Off"}],"player_experience":38893,"potions_floor_usage":[11,13,19,20,23,23,25],"damage_taken":[{"damage":15,"enemies":"Jaw Worm","floor":1,"turns":4},{"damage":0,"enemies":"2 Louse","floor":2,"turns":3},{"damage":1,"enemies":"Cultist","floor":7,"turns":3},{"damage":0,"enemies":"Lots of Slimes","floor":8,"turns":2},{"damage":0,"enemies":"2 Fungi Beasts","floor":11,"turns":1},{"damage":0,"enemies":"3 Sentries","floor":13,"turns":4},{"damage":0,"enemies":"Gremlin Gang","floor":14,"turns":1},{"damage":56,"enemies":"The Guardian","floor":16,"turns":9},{"damage":13,"enemies":"2 Thieves","floor":18,"turns":2},{"damage":14,"enemies":"Chosen","floor":19,"turns":3},{"damage":10,"enemies":"Snecko","floor":20,"turns":4},{"damage":9,"enemies":"Snake Plant","floor":21,"turns":3},{"damage":4,"enemies":"3 Cultists","floor":22,"turns":2},{"damage":27,"enemies":"Slavers","floor":23,"turns":6},{"damage":22,"enemies":"Gremlin Leader","floor":25,"turns":8}],"event_choices":[{"event_name":"Living Wall","player_choice":"Forget","floor":3,"damage_taken":0},{"event_name":"The Woman in Blue","player_choice":"Bought 1 Potion","floor":4,"damage_taken":0},{"event_name":"Wheel of Change","player_choice":"Relic","floor":5,"damage_taken":0}],"boss_relics":[{"not_picked":["Runic Dome","Eternal Feather"],"picked":"Question Card"}],"potions_floor_spawned":[1,2,13,14,19,20,22],"seed_played":"-1666234342031587208","killed_by":"Gremlin Leader","ascension_level":0,"is_trial":false}