{"gold_per_floor":[112,125,144,161,45,45,76,76,76,95,105,105,105],"floor_reached":13,"playtime":891,"items_purged":[],"score":135,"play_id":"8c9a0e18-ddfe-4ad0-be9f-2ebdbb404c54","local_time":"20190331162618","is_ascension_mode":true,"campfire_choices":[{"data":"Loop","floor":6,"key":"SMITH"},{"floor":8,"key":"REST"}],"neow_cost":"TEN_PERCENT_HP_LOSS","seed_source_timestamp":1357000105781586,"circlet_count":0,"master_deck":["AscendersBane","Strike_B","Strike_B","Strike_B","Strike_B","Defend_B","Defend_B","Defend_B","Defend_B","Zap","Dualcast","Glacier","Genetic Algorithm","Genetic Algorithm","Cold Snap","Self Repair","Melter","White Noise","Loop+1","Go for the Eyes","Leap","BootSequence","Go for the Eyes","Skim","Zap","Discovery"],"relics":["Cracked Core","Prayer Wheel","Orichalcum","Singing Bowl"],"potions_floor_usage":[],"damage_taken":[{"damage":0,"enemies":"Small Slimes","floor":1,"turns":3},{"damage":0,"enemies":"Cultist","floor":2,"turns":3},{"damage":7,"enemies":"Jaw Worm","floor":3,"turns":4},{"damage":3,"enemies":"2 Fungi Beasts","floor":4,"turns":6},{"damage":53,"enemies":"Gremlin Nob","floor":7,"turns":5},{"damage":6,"enemies":"3 Louse","floor":10,"turns":3},{"damage":14,"enemies":"Gremlin Gang","floor":11,"turns":7},{"damage":17,"enemies":"3 Sentries","floor":13,"turns":8}],"seed_played":"-156486985894381703","potions_obtained":[{"floor":1,"key":"Strength Potion"},{"floor":3,"key":"SpeedPotion"},{"floor":11,"key":"LiquidBronze"}],"is_trial":false,"path_per_floor":["?"],"character_chosen":"DEFECT","items_purchased":["White Noise","Loop"],"campfire_rested":1,"item_purchase_floors":[5,5],"current_hp_per_floor":[68,68,61,58,58,58,12,32,32,28,14,14,0],"gold":105,"neow_bonus":"ONE_RARE_RELIC","is_prod":false,"is_daily":false,"chose_seed":false,"campfire_upgraded":1,"win_rate":0,"timestamp":1554063978,"path_taken":["M","M","M","M","$","R","E","R","T","M","M","?","E"],"build_version":"2019-01-23","purchased_purges":0,"victory":false,"max_hp_per_floor":[68,68,68,68,68,68,68,68,68,70,70,70,70],"card_choices":[{"not_picked":["Force Field","Reinforced Body","Stack"],"picked":"SKIP","floor":1},{"not_picked":["Chaos","Turbo","Barrage"],"picked":"SKIP","floor":1},{"not_picked":["Auto Shields","BootSequence"],"picked":"Glacier","floor":2},{"not_picked":["Consume","Ball Lightning"],"picked":"Genetic Algorithm","floor":2},{"not_picked":["Cold Snap","Conserve Battery"],"picked":"Genetic Algorithm","floor":3},{"not_picked":["Barrage","Sweeping Beam"],"picked":"Cold Snap","floor":3},{"not_picked":["Static Discharge","Melter"],"picked":"Self Repair","floor":4},{"not_picked":["Hologram","Hello World"],"picked":"Melter","floor":4},{"not_picked":["Compile Driver","Leap"],"picked":"Go for the Eyes","floor":7},{"not_picked":["Steam Power","Sweeping Beam","Rebound"],"picked":"Singing Bowl","floor":10},{"not_picked":["Scrape","Heatsinks"],"picked":"Leap","floor":10},{"not_picked":["Streamline","Hyperbeam"],"picked":"BootSequence","floor":11},{"not_picked":["BootSequence","Leap"],"picked":"Go for the Eyes","floor":11}],"player_experience":1337275,"relics_obtained":[{"floor":7,"key":"Orichalcum"},{"floor":9,"key":"Singing Bowl"}],"event_choices":[{"damage_healed":0,"gold_gain":0,"player_choice":"3 cards matched","damage_taken":0,"max_hp_gain":0,"max_hp_loss":0,"event_name":"Match and Keep!","floor":12,"gold_loss":0,"cards_obtained":["Skim","Zap","Discovery"]}],"is_beta":false,"boss_relics":[],"items_purged_floors":[],"is_endless":false,"potions_floor_spawned":[1,3,10,11],"killed_by":"3 Sentries","ascension_level":11}