{"gold_per_floor":[118,68,143,143,160,192,192,225,249,263,263,161,161,188],"floor_reached":14,"playtime":862,"items_purged":["Strike_B"],"score":127,"play_id":"1ddeeec6-7e5f-4215-871c-359b4de8a2d4","local_time":"20190408011225","is_ascension_mode":true,"campfire_choices":[{"data":"Redo","floor":7,"key":"SMITH"},{"floor":11,"key":"REST"},{"floor":13,"key":"REST"}],"neow_cost":"NONE","seed_source_timestamp":247597255941783,"circlet_count":0,"master_deck":["Strike_B","Strike_B","Defend_B","Defend_B","Defend_B","Defend_B","Zap","Dualcast","Barrage","Blizzard","Redo+1","Turbo"],"relics":["Cracked Core","NeowsBlessing","Art of War","Torii","Bag of Preparation","Odd Mushroom"],"potions_floor_usage":[8,8],"damage_taken":[{"damage":0,"enemies":"Small Slimes","floor":1,"turns":1},{"damage":0,"enemies":"Jaw Worm","floor":5,"turns":1},{"damage":0,"enemies":"Lagavulin","floor":6,"turns":1},{"damage":41,"enemies":"3 Sentries","floor":8,"turns":10},{"damage":0,"enemies":"2 Louse","floor":10,"turns":3},{"damage":16,"enemies":"The Mushroom Lair","floor":14,"turns":4}],"seed_played":"2101596880682026155","potions_obtained":[{"floor":1,"key":"AttackPotion"},{"floor":5,"key":"SpeedPotion"},{"floor":8,"key":"AttackPotion"}],"is_trial":false,"path_per_floor":["M","?","?","?","M","E","R","E","T","M","R","$","R","?"],"character_chosen":"DEFECT","items_purchased":["Turbo"],"campfire_rested":2,"item_purchase_floors":[12],"current_hp_per_floor":[75,75,64,64,64,64,64,23,23,23,45,45,67,51],"gold":188,"neow_bonus":"THREE_ENEMY_KILL","is_prod":false,"is_daily":false,"chose_seed":false,"campfire_upgraded":1,"win_rate":0,"timestamp":1554703945,"path_taken":["M","?","?","?","M","E","R","E","T","M","R","$","R","?"],"build_version":"2019-01-23","purchased_purges":1,"victory":false,"max_hp_per_floor":[75,75,75,75,75,75,75,75,75,75,75,75,75,75],"card_choices":[{"not_picked":["Consume","Sweeping Beam"],"picked":"Barrage","floor":1},{"not_picked":["BootSequence","Leap"],"picked":"Blizzard","floor":5},{"not_picked":["Consume","Reinforced Body"],"picked":"Redo","floor":6},{"not_picked":["Heatsinks","Compile Driver","Blizzard"],"picked":"SKIP","floor":8},{"not_picked":["Gash","Aggregate","Rebound"],"picked":"SKIP","floor":10}],"player_experience":177207,"relics_obtained":[{"floor":6,"key":"Art of War"},{"floor":8,"key":"Torii"},{"floor":9,"key":"Bag of Preparation"},{"floor":14,"key":"Odd Mushroom"}],"event_choices":[{"cards_removed":["Strike_B"],"damage_healed":0,"gold_gain":0,"player_choice":"Card Removal","damage_taken":0,"max_hp_gain":0,"max_hp_loss":0,"event_name":"The Cleric","floor":2,"gold_loss":50},{"damage_healed":0,"gold_gain":75,"player_choice":"Gather Gold","damage_taken":11,"max_hp_gain":0,"max_hp_loss":0,"event_name":"World of Goop","floor":3,"gold_loss":0},{"damage_healed":0,"gold_gain":0,"player_choice":"Ignored","damage_taken":0,"max_hp_gain":0,"max_hp_loss":0,"event_name":"Liars Game","floor":4,"gold_loss":0},{"damage_healed":0,"gold_gain":0,"player_choice":"Fought Mushrooms","damage_taken":0,"max_hp_gain":0,"max_hp_loss":0,"event_name":"Mushrooms","floor":14,"gold_loss":0}],"is_beta":false,"boss_relics":[],"items_purged_floors":[12],"is_endless":false,"potions_floor_spawned":[1,5,8],"killed_by":"The Mushroom Lair","ascension_level":1}