{"gold_per_floor":[117,41,54,54,54,82,102,132,132,132,46,46,64,78,78,151,151,163,173,183,33,47,47,76,76,76,89,106,106,106,8,8,80,80,90,110,0,0,100,100,111,111,111,111,121,154,165,177,177,177,177,177,15,48,48],"floor_reached":56,"playtime":3608,"items_purged":["Strike_B"],"score":2487,"play_id":"e4d577a3-2129-463b-8f76-bd8b15c88a17","local_time":"20190409114818","is_ascension_mode":true,"campfire_choices":[{"data":"Recycle","floor":10.0,"key":"SMITH"},{"data":"Chill","floor":12.0,"key":"SMITH"},{"data":"Coolheaded","floor":15.0,"key":"SMITH"},{"floor":23.0,"key":"REST"},{"data":"White Noise","floor":25.0,"key":"SMITH"},{"floor":29.0,"key":"REST"},{"data":"Buffer","floor":32.0,"key":"SMITH"},{"data":"Capacitor","floor":40,"key":"SMITH"},{"data":"Defragment","floor":42,"key":"SMITH"},{"floor":49,"key":"RECALL"},{"data":"Loop","floor":52,"key":"SMITH"}],"neow_cost":"NONE","seed_source_timestamp":68188142072500,"circlet_count":0,"master_deck":["AscendersBane","Zap","Dualcast","Compile Driver","Defragment+1","Machine Learning","Cold Snap","Recycle+1","Chill+1","Coolheaded+1","Ball Lightning","Buffer+1","White Noise+1","Defragment+1","Capacitor+1","Defragment+1","Auto Shields+1","Force Field+1","Discovery+1","Electrodynamics","Machine Learning","Loop+1","Doom and Gloom","Recycle+1","Storm","Fission+1","Ball Lightning","Steam Power+1","Glacier+1","Steam Power+1","Darkness+1","Heatsinks+1"],"special_seed":0,"relics":["Cracked Core","NeowsBlessing","Sundial","Incense Burner","Dead Branch","Calipers","Black Star","Ornamental Fan","Toxic Egg 2","Ice Cream","Pandora\u0027s Box","Red Mask","Pocketwatch","Letter Opener","Pen Nib","Dodecahedron","Art of War","Blood Vial","Oddly Smooth Stone"],"potions_floor_usage":[36,47,55],"damage_taken":[{"damage":0.0,"enemies":"Cultist","floor":1.0,"turns":1.0},{"damage":0.0,"enemies":"2 Louse","floor":3.0,"turns":1.0},{"damage":0.0,"enemies":"3 Sentries","floor":6.0,"turns":1.0},{"damage":7.0,"enemies":"Jaw Worm","floor":7.0,"turns":4.0},{"damage":17.0,"enemies":"Lagavulin","floor":8.0,"turns":7.0},{"damage":0.0,"enemies":"Gremlin Gang","floor":13.0,"turns":6.0},{"damage":0.0,"enemies":"Red Slaver","floor":14.0,"turns":4.0},{"damage":0.0,"enemies":"Slime Boss","floor":16.0,"turns":7.0},{"damage":7.0,"enemies":"Spheric Guardian","floor":18.0,"turns":5.0},{"damage":5.0,"enemies":"2 Thieves","floor":19.0,"turns":4.0},{"damage":19.0,"enemies":"Centurion and Healer","floor":20.0,"turns":10.0},{"damage":18.0,"enemies":"Chosen and Byrds","floor":22.0,"turns":8.0},{"damage":17.0,"enemies":"Slavers","floor":24.0,"turns":6.0},{"damage":0.0,"enemies":"Cultist and Chosen","floor":27.0,"turns":7.0},{"damage":4.0,"enemies":"Shelled Parasite and Fungi","floor":28.0,"turns":7.0},{"damage":0.0,"enemies":"Champ","floor":33.0,"turns":12.0},{"damage":8.0,"enemies":"3 Shapes","floor":35.0,"turns":4.0},{"damage":12,"enemies":"3 Darklings","floor":36,"turns":3},{"damage":0,"enemies":"Mind Bloom Boss Battle","floor":39,"turns":5},{"damage":0,"enemies":"Writhing Mass","floor":41,"turns":5},{"damage":0,"enemies":"Spire Growth","floor":45,"turns":7},{"damage":0,"enemies":"Giant Head","floor":46,"turns":6},{"damage":0,"enemies":"Transient","floor":47,"turns":6},{"damage":0,"enemies":"Sphere and 2 Shapes","floor":48,"turns":4},{"damage":0,"enemies":"Awakened One","floor":50,"turns":15},{"damage":0,"enemies":"Shield and Spear","floor":54,"turns":5},{"damage":4,"enemies":"The Heart","floor":55,"turns":7}],"seed_played":"-6062602969233948359","potions_obtained":[{"floor":3.0,"key":"SteroidPotion"},{"floor":8.0,"key":"SneckoOil"},{"floor":20.0,"key":"GamblersBrew"},{"floor":22.0,"key":"Poison Potion"},{"floor":28.0,"key":"GamblersBrew"},{"floor":33.0,"key":"Fire Potion"},{"floor":36,"key":"SteroidPotion"},{"floor":45,"key":"Strength Potion"}],"is_trial":false,"path_per_floor":["M","$","M","?","?","E","M","E","T","R","$","R","M","M","R","B",null,"M","M","M","$","M","R","E","R","T","M","M","R","T","$","R","B",null,"M","M","?","$","?","R","M","R","T","?","M","E","M","M","R","B",null,"R","$","E","B",null],"character_chosen":"DEFECT","items_purchased":["Defragment","Chill","Capacitor","Discovery+1","Art of War"],"campfire_rested":2,"item_purchase_floors":[2,11,21,31,53],"current_hp_per_floor":[64,64,64,64,59,59,52,35,35,35,35,35,35,35,35,35,62,55,50,31,31,13,34,17,17,17,17,13,34,34,34,34,34,62,54,42,42,42,42,42,42,42,42,42,42,42,42,42,42,42,64,64,64,64,62],"gold":48,"neow_bonus":"THREE_ENEMY_KILL","is_prod":false,"is_daily":false,"chose_seed":false,"campfire_upgraded":8,"win_rate":0,"timestamp":1554835698,"path_taken":["M","$","M","?","?","E","M","E","T","R","?","R","M","M","R","BOSS","M","?","M","$","M","R","E","R","T","M","M","R","?","$","R","BOSS","M","M","?","$","?","R","M","R","T","?","M","E","?","M","R","BOSS","R","$","E","BOSS"],"build_version":"2019-01-23","purchased_purges":1,"victory":true,"max_hp_per_floor":[71,71,71,71,71,71,71,71,71,71,71,71,71,71,71,71,71,71,71,71,71,71,71,71,71,71,71,71,71,71,71,71,71,71,71,71,71,71,71,71,71,71,71,71,71,71,71,71,71,71,71,71,71,71,71],"card_choices":[{"not_picked":["Stack","Conserve Battery"],"picked":"Compile Driver","floor":1.0},{"not_picked":["Ball Lightning","Hologram"],"picked":"Machine Learning","floor":3.0},{"not_picked":["Redo","Steam"],"picked":"Cold Snap","floor":6.0},{"not_picked":["Barrage","Go for the Eyes","Beam Cell"],"picked":"SKIP","floor":7.0},{"not_picked":["Gash","FTL"],"picked":"Recycle","floor":8.0},{"not_picked":["Conserve Battery","Gash"],"picked":"Coolheaded","floor":13.0},{"not_picked":["Conserve Battery","Sweeping Beam"],"picked":"Ball Lightning","floor":14.0},{"not_picked":["Machine Learning","Amplify"],"picked":"Buffer","floor":16.0},{"not_picked":["Reinforced Body","Fusion"],"picked":"White Noise","floor":18.0},{"not_picked":["Sunder","Ball Lightning","Rebound"],"picked":"SKIP","floor":19.0},{"not_picked":["Gash+1","Chill"],"picked":"Defragment","floor":20.0},{"not_picked":["Conserve Battery","Steam Power"],"picked":"Defragment+1","floor":22.0},{"not_picked":["Ball Lightning","FTL"],"picked":"Auto Shields","floor":24.0},{"not_picked":["Doom and Gloom","Hyperbeam","Lockon+1"],"picked":"SKIP","floor":27.0},{"not_picked":["Streamline","Static Discharge+1"],"picked":"Force Field+1","floor":28.0},{"not_picked":["Amplify+1","Machine Learning"],"picked":"Electrodynamics","floor":33.0},{"not_picked":["Compile Driver","Barrage","Gash+1"],"picked":"SKIP","floor":35.0},{"not_picked":["Conserve Battery+1","Sweeping Beam"],"picked":"Steam Power+1","floor":36},{"not_picked":["Barrage","Machine Learning"],"picked":"Glacier+1","floor":39},{"not_picked":["Blizzard","Sunder"],"picked":"Steam Power+1","floor":41},{"not_picked":["Fusion+1","Go for the Eyes","Barrage"],"picked":"SKIP","floor":45},{"not_picked":["Fusion+1","Go for the Eyes","Barrage"],"picked":"SKIP","floor":45},{"not_picked":["Fusion+1","Go for the Eyes","Barrage"],"picked":"SKIP","floor":45},{"not_picked":["Static Discharge","Cold Snap+1","Coolheaded+1"],"picked":"SKIP","floor":46},{"not_picked":["Coolheaded+1","Leap+1","Barrage+1"],"picked":"SKIP","floor":47},{"not_picked":["Storm+1","All For One","Beam Cell"],"picked":"SKIP","floor":48},{"not_picked":["Compile Driver+1","Consume+1"],"picked":"Heatsinks+1","floor":54}],"player_experience":498244,"relics_obtained":[{"floor":6.0,"key":"Incense Burner"},{"floor":8.0,"key":"Dead Branch"},{"floor":9.0,"key":"Calipers"},{"floor":24.0,"key":"Ornamental Fan"},{"floor":24.0,"key":"Toxic Egg 2"},{"floor":26.0,"key":"Ice Cream"},{"floor":39,"key":"Pocketwatch"},{"floor":43,"key":"Letter Opener"},{"floor":46,"key":"Pen Nib"},{"floor":46,"key":"Dodecahedron"},{"floor":54,"key":"Blood Vial"},{"floor":54,"key":"Oddly Smooth Stone"}],"event_choices":[{"damage_healed":0.0,"max_hp_gain":0.0,"max_hp_loss":0.0,"gold_gain":0.0,"event_name":"Living Wall","player_choice":"Grow","floor":4.0,"gold_loss":0.0,"damage_taken":0.0,"cards_upgraded":["Defragment"]},{"damage_healed":0.0,"max_hp_gain":0.0,"max_hp_loss":0.0,"gold_gain":0.0,"event_name":"Scrap Ooze","player_choice":"Success","floor":5.0,"gold_loss":0.0,"damage_taken":5.0,"relics_obtained":["Sundial"]},{"damage_healed":0,"gold_gain":0,"player_choice":"Paid","damage_taken":0,"relics_obtained":["Red Mask"],"max_hp_gain":0,"max_hp_loss":0,"event_name":"Tomb of Lord Red Mask","floor":37,"gold_loss":110},{"damage_healed":0,"gold_gain":0,"player_choice":"Fight","damage_taken":0,"max_hp_gain":0,"max_hp_loss":0,"event_name":"MindBloom","floor":39,"gold_loss":0},{"damage_healed":0,"gold_gain":0,"player_choice":"1 cards matched","damage_taken":0,"max_hp_gain":0,"max_hp_loss":0,"event_name":"Match and Keep!","floor":44,"gold_loss":0,"cards_obtained":["Darkness"]}],"is_beta":false,"boss_relics":[{"not_picked":["Fusion Hammer","Velvet Choker"],"picked":"Black Star"},{"not_picked":["Astrolabe","Snecko Eye"],"picked":"Pandora\u0027s Box"}],"items_purged_floors":[21],"is_endless":false,"potions_floor_spawned":[3,8,20,22,28,33,36,41,45,46],"ascension_level":17}