{"gold_per_floor":[114,62,77,92,107,137,152,167,167,132,52,52,30,60,60,160,210,225,225,4,19,19,49,49,79,154,154,204,219,34,49,49,149,149,164,14,29,44,59,59,74,74,104,119,119,119,3,18,18,18],"floor_reached":50,"playtime":2837,"items_purged":[],"score":619,"play_id":"f858992e-2fec-4b8a-a3b7-da4f6ea4bb8d","local_time":"20180802191737","daily_mods":["Heirloom","Time Dilation","Night Terrors"],"is_ascension_mode":false,"campfire_choices":[{"data":"Cloak And Dagger","floor":15,"key":"SMITH"},{"floor":32,"key":"REST"},{"floor":40,"key":"REST"},{"data":"Adrenaline","floor":42,"key":"SMITH"},{"data":"Bite","floor":45,"key":"SMITH"},{"floor":49,"key":"REST"}],"neow_cost":"","seed_source_timestamp":0,"circlet_count":0,"master_deck":["Survivor","Neutralize","Cloak And Dagger+1","Dagger Throw","Blade Dance","Backstab","Quick Slash","Blade Dance+1","Underhanded Strike","Flying Knee","Well Laid Plans","Outmaneuver","Die Die Die","Prepared","Distraction+1","RitualDagger","Footwork","Poisoned Stab","A Thousand Cuts","Blade Dance","Bite+1","Bite","Bite","Bite","Bite","Poisoned Stab","Madness","Deflect","Outmaneuver","Adrenaline+1","After Image","Crippling Poison","Slice","Quick Slash","Cloak And Dagger","Cloak And Dagger","Outmaneuver+1","Blade Dance+1","Venomology","All Out Attack+1","Cloak And Dagger+1","Cloak And Dagger","Noxious Fumes","Deflect","Cloak And Dagger+1"],"special_seed":17746,"relics":["Ring of the Snake","Peace Pipe","Orichalcum","Ornamental Fan","Snake Skull","Tiny House","Boot","Gremlin Horn","Shuriken","StoneCalendar","Darkstone Periapt","Pen Nib","Pandora\u0027s Box","Vajra","Tiny Chest","The Courier"],"potions_floor_usage":[6,14,16,16,23,31,31,33,39,39,41,50,50],"damage_taken":[{"damage":0,"enemies":"2 Louse","floor":1,"turns":3},{"damage":0,"enemies":"Small Slimes","floor":3,"turns":2},{"damage":3,"enemies":"Jaw Worm","floor":4,"turns":3},{"damage":0,"enemies":"2 Fungi Beasts","floor":5,"turns":2},{"damage":12,"enemies":"Gremlin Nob","floor":6,"turns":3},{"damage":0,"enemies":"Large Slime","floor":7,"turns":4},{"damage":8,"enemies":"3 Louse","floor":8,"turns":3},{"damage":5,"enemies":"Lagavulin","floor":14,"turns":3},{"damage":53,"enemies":"The Guardian","floor":16,"turns":19},{"damage":7,"enemies":"Shell Parasite","floor":18,"turns":4},{"damage":7,"enemies":"2 Thieves","floor":21,"turns":4},{"damage":0,"enemies":"Gremlin Leader","floor":23,"turns":4},{"damage":35,"enemies":"Book of Stabbing","floor":25,"turns":5},{"damage":0,"enemies":"Centurion and Healer","floor":29,"turns":4},{"damage":4,"enemies":"Snecko","floor":31,"turns":3},{"damage":26,"enemies":"Collector","floor":33,"turns":6},{"damage":5,"enemies":"Flame Bruiser 1 Orb","floor":35,"turns":2},{"damage":12,"enemies":"3 Darklings","floor":37,"turns":3},{"damage":20,"enemies":"Sphere and 2 Shapes","floor":38,"turns":4},{"damage":22,"enemies":"Maw","floor":39,"turns":6},{"damage":3,"enemies":"Transient","floor":41,"turns":5},{"damage":23,"enemies":"3 Darklings","floor":44,"turns":3},{"damage":11,"enemies":"4 Shapes","floor":48,"turns":2},{"damage":45,"enemies":"Donu and Deca","floor":50,"turns":4}],"seed_played":"1315967547394537302","potions_obtained":[{"floor":5,"key":"SkillPotion"},{"floor":6,"key":"Strength Potion"},{"floor":7,"key":"Block Potion"},{"floor":8,"key":"Energy Potion"},{"floor":17,"key":"Fire Potion"},{"floor":18,"key":"AttackPotion"},{"floor":23,"key":"FearPotion"},{"floor":29,"key":"Swift Potion"},{"floor":31,"key":"AttackPotion"},{"floor":37,"key":"EssenceOfSteel"},{"floor":39,"key":"Block Potion"}],"is_trial":false,"path_per_floor":["M","$","M","M","M","E","M","M","T","?","$","?","?","E","R","B",null,"M","?","$","M","?","E","?","E","T","?","T","M","$","M","R","B",null,"M","$","M","M","M","R","M","R","T","M","R","?","$","M","R"],"character_chosen":"THE_SILENT","items_purchased":["Dagger Throw","Well Laid Plans","Boot","Footwork","Madness","Deflect","Outmaneuver","Vajra","Cloak And Dagger","Noxious Fumes","Deflect"],"campfire_rested":3,"item_purchase_floors":[2,11,20,20,30,30,30,36,47,47,47],"current_hp_per_floor":[70,70,70,67,67,55,55,47,47,64,64,64,64,59,59,6,75,68,62,62,55,55,55,55,20,20,20,20,30,30,30,47,25,47,44,44,34,18,6,42,39,39,39,20,20,20,20,11,37,0],"gold":18,"neow_bonus":"","is_prod":false,"is_daily":true,"chose_seed":false,"campfire_upgraded":3,"win_rate":0,"timestamp":1533259057,"path_taken":["M","$","M","M","M","E","M","M","T","?","$","?","?","E","R","BOSS","M","?","$","M","?","E","?","E","T","?","?","?","?","M","R","BOSS","M","$","?","?","M","R","M","R","T","M","R","?","$","M","R","BOSS"],"build_version":"2018-08-02","purchased_purges":0,"victory":false,"max_hp_per_floor":[70,70,70,70,70,70,70,70,70,70,70,70,70,70,70,70,75,75,75,75,75,75,75,75,75,75,52,52,52,52,52,47,47,47,47,47,47,47,47,42,42,42,42,42,42,42,42,42,37,37],"card_choices":[{"not_picked":["PiercingWail","Backflip"],"picked":"Cloak And Dagger","floor":1},{"not_picked":["Poisoned Stab","Underhanded Strike"],"picked":"Blade Dance","floor":3},{"not_picked":["Acrobatics","Blade Dance"],"picked":"Backstab","floor":4},{"not_picked":["Heel Hook","Poisoned Stab"],"picked":"Quick Slash","floor":5},{"not_picked":["A Thousand Cuts","Acrobatics"],"picked":"Blade Dance","floor":6},{"not_picked":["Acrobatics","Setup"],"picked":"Underhanded Strike","floor":7},{"not_picked":["Sucker Punch","Outmaneuver"],"picked":"Flying Knee","floor":8},{"not_picked":["Catalyst","Calculated Gamble"],"picked":"Outmaneuver","floor":14},{"not_picked":["Corpse Explosion","Phantasmal Killer"],"picked":"Die Die Die","floor":16},{"not_picked":["Deadly Poison","Deflect"],"picked":"Prepared","floor":17},{"not_picked":["Crippling Poison","Sucker Punch"],"picked":"Distraction+1","floor":18},{"not_picked":["Dagger Throw","Heel Hook"],"picked":"Poisoned Stab","floor":21},{"not_picked":["Flying Knee","Poisoned Stab"],"picked":"A Thousand Cuts","floor":23},{"not_picked":["Slice+1","Dodge and Roll"],"picked":"Blade Dance","floor":25},{"not_picked":["Expertise","Catalyst"],"picked":"Poisoned Stab","floor":29},{"not_picked":["Acrobatics","Cloak And Dagger+1"],"picked":"Adrenaline","floor":31},{"not_picked":["Storm of Steel","Die Die Die"],"picked":"After Image","floor":33},{"not_picked":["Reflex+1","Slice"],"picked":"Outmaneuver+1","floor":35},{"not_picked":["Bouncing Flask+1","PiercingWail+1","Bane"],"picked":"SKIP","floor":37},{"not_picked":["Quick Slash","Outmaneuver+1"],"picked":"Blade Dance+1","floor":38},{"not_picked":["Bouncing Flask+1","Slice"],"picked":"Venomology","floor":39},{"not_picked":["Outmaneuver+1","Prepared+1"],"picked":"All Out Attack+1","floor":41},{"not_picked":["Blade Dance+1","Deadly Poison+1"],"picked":"Cloak And Dagger+1","floor":44},{"not_picked":["Sucker Punch+1","Dash+1"],"picked":"Cloak And Dagger+1","floor":48}],"player_experience":162717,"relics_obtained":[{"floor":6,"key":"Orichalcum"},{"floor":9,"key":"Ornamental Fan"},{"floor":14,"key":"Snake Skull"},{"floor":23,"key":"Gremlin Horn"},{"floor":25,"key":"StoneCalendar"},{"floor":26,"key":"Darkstone Periapt"},{"floor":28,"key":"Pen Nib"},{"floor":43,"key":"Tiny Chest"}],"event_choices":[{"event_name":"The Cleric","player_choice":"Healed","floor":10,"damage_taken":0},{"event_name":"Living Wall","player_choice":"Grow","floor":12,"damage_taken":0},{"event_name":"World of Goop","player_choice":"Left","floor":13,"damage_taken":0},{"event_name":"Nest","player_choice":"Joined the Cult","floor":19,"damage_taken":0},{"event_name":"Back to Basics","player_choice":"Simplicity","floor":22,"damage_taken":0},{"event_name":"The Mausoleum","player_choice":"Yes","floor":24,"damage_taken":0},{"event_name":"Vampires","player_choice":"Became a vampire","floor":27,"damage_taken":0},{"event_name":"Wheel of Change","player_choice":"Relic","floor":46,"damage_taken":0}],"is_beta":false,"boss_relics":[{"not_picked":["Lizard Tail","Ectoplasm"],"picked":"Tiny House"},{"not_picked":["Philosopher\u0027s Stone","Runic Pyramid"],"picked":"Pandora\u0027s Box"}],"items_purged_floors":[],"is_endless":false,"potions_floor_spawned":[5,6,7,8,18,23,29,31,37,39],"killed_by":"Donu and Deca","ascension_level":0}