{"gold_per_floor":[116,133,133,147,166,59,59,73,73,103,103,103,103,129,129,225,225,245,257,257,25,37,37,37,37],"floor_reached":25,"playtime":1332,"items_purged":["Strike_B"],"score":264,"play_id":"3a01dddc-719a-4c8e-9ce4-17a026f5ffa2","local_time":"20190318232212","is_ascension_mode":true,"campfire_choices":[{"data":"White Noise","floor":7,"key":"SMITH"},{"floor":11,"key":"REST"},{"data":"Zap","floor":13,"key":"SMITH"},{"floor":15,"key":"REST"},{"floor":23,"key":"REST"}],"neow_cost":"NONE","seed_source_timestamp":258314900238014,"circlet_count":0,"master_deck":["Strike_B","Defend_B","Defend_B","Defend_B","Defend_B","Zap+1","Dualcast","Blind","Genetic Algorithm","Cold Snap","FTL","Storm","Loop","White Noise+1","Ball Lightning","Genetic Algorithm","All For One","Beam Cell+1","Go for the Eyes+1","FTL","Static Discharge","Melter+1"],"relics":["Cracked Core","Boot","Potion Belt","Pantograph","Bag of Preparation","Inserter"],"potions_floor_usage":[10,22,25,25,25],"damage_taken":[{"damage":9,"enemies":"2 Louse","floor":1,"turns":2},{"damage":0,"enemies":"Jaw Worm","floor":2,"turns":4},{"damage":0,"enemies":"Cultist","floor":4,"turns":3},{"damage":13,"enemies":"Gremlin Gang","floor":5,"turns":6},{"damage":14,"enemies":"Lots of Slimes","floor":8,"turns":5},{"damage":25,"enemies":"3 Sentries","floor":10,"turns":6},{"damage":18,"enemies":"Gremlin Nob","floor":14,"turns":4},{"damage":28,"enemies":"Hexaghost","floor":16,"turns":9},{"damage":17,"enemies":"Spheric Guardian","floor":18,"turns":4},{"damage":19,"enemies":"Shell Parasite","floor":19,"turns":4},{"damage":22,"enemies":"Shelled Parasite and Fungi","floor":22,"turns":3},{"damage":50,"enemies":"Gremlin Leader","floor":25,"turns":5}],"seed_played":"6041366028016205474","potions_obtained":[{"floor":1,"key":"Regen Potion"},{"floor":4,"key":"SkillPotion"},{"floor":8,"key":"Regen Potion"},{"floor":16,"key":"Fire Potion"},{"floor":18,"key":"GamblersBrew"}],"is_trial":false,"path_per_floor":["?","?","?","$"],"character_chosen":"DEFECT","items_purchased":["Loop","White Noise","FTL","Static Discharge"],"campfire_rested":3,"item_purchase_floors":[6,6,21,21],"current_hp_per_floor":[66,66,63,63,50,50,50,36,36,26,48,41,41,23,45,42,67,50,31,31,31,21,43,43,0],"gold":37,"neow_bonus":"RANDOM_COLORLESS","is_prod":false,"is_daily":false,"chose_seed":false,"campfire_upgraded":2,"win_rate":0,"timestamp":1552965732,"path_taken":["M","M","?","M","M","$","R","M","T","E","R","?","R","E","R","BOSS","M","M","?","?","M","R","$","E"],"build_version":"2019-01-23","purchased_purges":1,"victory":false,"max_hp_per_floor":[75,75,75,75,75,75,75,75,75,75,75,75,75,75,75,75,75,75,75,75,75,75,75,75,75],"card_choices":[{"not_picked":["Cold Snap","Ball Lightning"],"picked":"Genetic Algorithm","floor":1},{"not_picked":["Blizzard","Reprogram"],"picked":"Cold Snap","floor":2},{"not_picked":["Blizzard","Scrape"],"picked":"FTL","floor":4},{"not_picked":["Streamline","Self Repair"],"picked":"Storm","floor":5},{"not_picked":["Sweeping Beam","Rebound","Beam Cell"],"picked":"SKIP","floor":8},{"not_picked":["Tempest","Steam"],"picked":"Ball Lightning","floor":10},{"not_picked":["Capacitor","Beam Cell"],"picked":"Genetic Algorithm","floor":14},{"not_picked":["Amplify","Meteor Strike"],"picked":"All For One","floor":16},{"not_picked":["Conserve Battery","Auto Shields+1"],"picked":"Beam Cell+1","floor":18},{"not_picked":["Sweeping Beam","Conserve Battery+1"],"picked":"Go for the Eyes+1","floor":19},{"not_picked":["Turbo","Lockon"],"picked":"Melter+1","floor":22}],"player_experience":779799,"relics_obtained":[{"floor":9,"key":"Potion Belt"},{"floor":10,"key":"Pantograph"},{"floor":14,"key":"Bag of Preparation"}],"event_choices":[{"damage_healed":0,"gold_gain":0,"player_choice":"Success","damage_taken":3,"relics_obtained":["Boot"],"max_hp_gain":0,"max_hp_loss":0,"event_name":"Scrap Ooze","floor":3,"gold_loss":0},{"cards_removed":["Strike_B"],"damage_healed":0,"gold_gain":0,"player_choice":"Card Removal","damage_taken":7,"max_hp_gain":0,"max_hp_loss":0,"event_name":"Golden Wing","floor":12,"gold_loss":0},{"cards_removed":["Strike_B"],"damage_healed":0,"gold_gain":0,"player_choice":"Offered Basic","damage_taken":0,"max_hp_gain":0,"max_hp_loss":0,"event_name":"Bonfire Elementals","floor":20,"gold_loss":0}],"is_beta":false,"boss_relics":[{"not_picked":["Coffee Dripper","Fusion Hammer"],"picked":"Inserter"}],"items_purged_floors":[21],"is_endless":false,"potions_floor_spawned":[1,4,8,16,18],"killed_by":"Gremlin Leader","ascension_level":5}