{"gold_per_floor":[169,169,184,184,359,359,33,33,108,108,8,25,25,42,42,145,145,145],"floor_reached":18,"playtime":1612,"items_purged":["Regret","Doubt"],"score":155,"play_id":"afc51c5d-892a-4d7c-a578-a2aa1237d980","local_time":"20190101121703","is_ascension_mode":true,"campfire_choices":[{"data":"Neutralize","floor":6,"key":"SMITH"},{"data":"Backflip","floor":8,"key":"SMITH"},{"data":"Trip","floor":10,"key":"SMITH"},{"data":"Dagger Throw","floor":15,"key":"SMITH"}],"neow_cost":"NONE","seed_source_timestamp":164140133904190,"circlet_count":0,"master_deck":["Defend_G","Defend_G+1","Defend_G+1","Defend_G","Defend_G","Strike_G","Strike_G","Strike_G","Strike_G","Strike_G","Survivor+1","Neutralize+1","Backflip+1","PiercingWail","Dagger Spray","Trip+1","PiercingWail+1","Leg Sweep+1","Dagger Throw+1","Envenom"],"relics":["Tiny House","War Paint","Bag of Marbles","Membership Card","Toxic Egg 2","WristBlade"],"potions_floor_usage":[16],"damage_taken":[{"damage":0,"enemies":"2 Louse","floor":1,"turns":4},{"damage":0,"enemies":"Small Slimes","floor":3,"turns":4},{"damage":2,"enemies":"Cultist","floor":12,"turns":4},{"damage":8,"enemies":"Exordium Wildlife","floor":14,"turns":10},{"damage":20,"enemies":"The Guardian","floor":16,"turns":16},{"damage":20,"enemies":"3 Byrds","floor":18,"turns":9}],"seed_played":"-7418566415042657063","potions_obtained":[{"floor":0,"key":"FairyPotion"},{"floor":3,"key":"SneckoOil"},{"floor":14,"key":"Strength Potion"},{"floor":16,"key":"Strength Potion"}],"is_trial":false,"path_per_floor":["M","?","M","?","?","R","$","R","T","R","$","M","$","M","R","B",null,"M"],"character_chosen":"THE_SILENT","items_purchased":["Membership Card","Trip","PiercingWail+1","Leg Sweep+1"],"campfire_rested":0,"item_purchase_floors":[7,7,11,11],"current_hp_per_floor":[75,50,50,50,50,50,50,50,50,50,50,48,48,40,40,20,75,55],"gold":145,"neow_bonus":"BOSS_RELIC","is_prod":false,"is_daily":false,"chose_seed":false,"campfire_upgraded":4,"win_rate":0,"timestamp":1546373823,"path_taken":["M","?","M","?","?","R","$","R","T","R","?","M","?","?","R","BOSS","M"],"build_version":"2018-12-20","purchased_purges":2,"victory":false,"max_hp_per_floor":[75,75,75,75,75,75,75,75,75,75,75,75,75,75,75,75,75,75],"card_choices":[{"not_picked":["Dagger Throw","Poisoned Stab"],"picked":"Backflip","floor":0},{"not_picked":["Dagger Throw","Acrobatics"],"picked":"PiercingWail","floor":1},{"not_picked":["Flying Knee","Masterful Stab"],"picked":"Dagger Spray","floor":3},{"not_picked":["Quick Slash","Blade Dance+1"],"picked":"Dagger Throw","floor":12},{"not_picked":["Night Terror+1","Flying Knee","Bane"],"picked":"SKIP","floor":14},{"not_picked":["Doppelganger+1","Die Die Die"],"picked":"Envenom","floor":16}],"player_experience":30149,"relics_obtained":[{"floor":9,"key":"Toxic Egg 2"}],"event_choices":[{"damage_healed":0,"gold_gain":0,"player_choice":"Success","damage_taken":25,"relics_obtained":["War Paint"],"max_hp_gain":0,"max_hp_loss":0,"event_name":"Scrap Ooze","floor":2,"gold_loss":0},{"damage_healed":0,"gold_gain":0,"player_choice":"Box","damage_taken":0,"relics_obtained":["Bag of Marbles"],"max_hp_gain":0,"max_hp_loss":0,"event_name":"Big Fish","floor":4,"gold_loss":0,"cards_obtained":["Regret"]},{"damage_healed":0,"gold_gain":175,"player_choice":"AGREE","damage_taken":0,"max_hp_gain":0,"max_hp_loss":0,"event_name":"Liars Game","floor":5,"gold_loss":0,"cards_obtained":["Doubt"]}],"is_beta":false,"boss_relics":[{"not_picked":["White Beast Statue","Black Star"],"picked":"WristBlade"}],"items_purged_floors":[7,11],"is_endless":false,"potions_floor_spawned":[3,14,16],"killed_by":"3 Byrds","ascension_level":1}