{"gold_per_floor":[110,110,11,30,30,66,66,100,100,100,136,154,154,193,193,288,288,311,157,171,184,184],"floor_reached":22,"playtime":1119,"items_purged":["Strike_R"],"score":427,"play_id":"1adf0652-a96c-445f-8626-354da75495bf","local_time":"20190410110016","is_ascension_mode":true,"campfire_choices":[{"data":"Bash","floor":7,"key":"SMITH"},{"floor":13,"key":"REST"},{"data":"Inflame","floor":15,"key":"SMITH"}],"neow_cost":"NONE","seed_source_timestamp":2201209044662253,"circlet_count":0,"master_deck":["AscendersBane","Strike_R","Strike_R","Strike_R+1","Strike_R","Defend_R","Defend_R","Defend_R","Defend_R+1","Bash+1","Flame Barrier","Inflame+1","Headbutt","Inflame","Twin Strike","Offering","Metallicize","Evolve","Juggernaut","Iron Wave","Combust","Headbutt","Reckless Charge"],"relics":["Burning Blood","NeowsBlessing","Golden Idol","Ornamental Fan","Pen Nib","Orichalcum","Mummified Hand","Blue Candle","Runic Pyramid"],"potions_floor_usage":[8,11],"damage_taken":[{"damage":0,"enemies":"2 Louse","floor":1,"turns":1},{"damage":0,"enemies":"Jaw Worm","floor":4,"turns":1},{"damage":0,"enemies":"Gremlin Nob","floor":6,"turns":1},{"damage":15,"enemies":"Lagavulin","floor":8,"turns":7},{"damage":5,"enemies":"Gremlin Nob","floor":11,"turns":4},{"damage":6,"enemies":"Cultist","floor":12,"turns":2},{"damage":15,"enemies":"Lagavulin","floor":14,"turns":4},{"damage":29,"enemies":"Hexaghost","floor":16,"turns":6},{"damage":13,"enemies":"2 Thieves","floor":18,"turns":3},{"damage":9,"enemies":"Chosen","floor":20,"turns":4},{"damage":33,"enemies":"Snake Plant","floor":21,"turns":3},{"damage":27,"enemies":"Shelled Parasite and Fungi","floor":22,"turns":2}],"seed_played":"4283147942264646255","potions_obtained":[{"floor":1,"key":"Block Potion"},{"floor":4,"key":"Poison Potion"},{"floor":8,"key":"Weak Potion"},{"floor":14,"key":"Poison Potion"}],"is_trial":false,"path_per_floor":["?","$","?","?","M"],"character_chosen":"IRONCLAD","items_purchased":["Inflame","Headbutt","Combust"],"campfire_rested":1,"item_purchase_floors":[3,3,19],"current_hp_per_floor":[74,51,51,57,31,37,37,28,28,28,29,29,51,42,42,19,61,54,54,51,24,0],"gold":184,"neow_bonus":"THREE_ENEMY_KILL","is_prod":false,"is_daily":false,"chose_seed":false,"campfire_upgraded":2,"win_rate":0,"timestamp":1554908416,"path_taken":["M","?","?","M","?","E","R","E","T","?","E","M","R","E","R","BOSS","M","$","M","M","?"],"build_version":"2019-01-23","purchased_purges":1,"victory":false,"max_hp_per_floor":[75,75,75,75,75,75,75,75,75,75,75,75,75,75,75,75,75,75,75,75,75,75],"card_choices":[{"not_picked":["Perfected Strike","Flex"],"picked":"Flame Barrier","floor":1},{"not_picked":["Body Slam","Power Through","Ghostly Armor"],"picked":"SKIP","floor":4},{"not_picked":["Armaments","Sentinel"],"picked":"Inflame","floor":6},{"not_picked":["Pommel Strike","Pummel"],"picked":"Twin Strike","floor":8},{"not_picked":["Twin Strike","Sword Boomerang"],"picked":"Offering","floor":11},{"not_picked":["Spot Weakness","Perfected Strike"],"picked":"Metallicize","floor":12},{"not_picked":["Anger","Wild Strike"],"picked":"Evolve","floor":14},{"not_picked":["Offering","Immolate"],"picked":"Juggernaut","floor":16},{"not_picked":["Second Wind","Sword Boomerang"],"picked":"Iron Wave","floor":18},{"not_picked":["Thunderclap","Second Wind"],"picked":"Headbutt","floor":20},{"not_picked":["Ghostly Armor","Flex"],"picked":"Reckless Charge","floor":21}],"player_experience":1720160,"relics_obtained":[{"floor":6,"key":"Ornamental Fan"},{"floor":8,"key":"Pen Nib"},{"floor":9,"key":"Orichalcum"},{"floor":11,"key":"Mummified Hand"},{"floor":14,"key":"Blue Candle"}],"event_choices":[{"damage_healed":0,"gold_gain":0,"player_choice":"Entered Light","damage_taken":23,"max_hp_gain":0,"max_hp_loss":0,"event_name":"Shining Light","floor":2,"gold_loss":0,"cards_upgraded":["Defend_R","Strike_R"]},{"damage_healed":0,"gold_gain":0,"player_choice":"Take Damage","damage_taken":26,"relics_obtained":["Golden Idol"],"max_hp_gain":0,"max_hp_loss":0,"event_name":"Golden Idol","floor":5,"gold_loss":0},{"damage_healed":0,"gold_gain":0,"player_choice":"Got Potions","damage_taken":0,"max_hp_gain":0,"max_hp_loss":0,"event_name":"Lab","floor":10,"gold_loss":0}],"is_beta":false,"boss_relics":[{"not_picked":["Lizard Tail","Philosopher\u0027s Stone"],"picked":"Runic Pyramid"}],"items_purged_floors":[19],"is_endless":false,"potions_floor_spawned":[1,4,8,14,18,20],"killed_by":"Shelled Parasite and Fungi","ascension_level":16}