{"gold_per_floor":[111,111,111,111,87,127,141,164,164,164,164,189,207,245,245,375,375,366,390,411,430,430],"floor_reached":22,"playtime":963,"items_purged":[],"score":248,"play_id":"e634bd8a-ba65-4471-91b9-ee5ccfc830c9","local_time":"20180926150409","is_ascension_mode":true,"campfire_choices":[{"floor":11,"key":"REST"},{"floor":15,"key":"REST"}],"neow_cost":"NONE","seed_source_timestamp":1113376728988729,"circlet_count":0,"master_deck":["Survivor","Neutralize","Burst","Deadly Poison","Backflip","Deflect","Dodge and Roll","Caltrops","Bane","Noxious Fumes","Bouncing Flask","Venomology","Acrobatics","Sucker Punch","Bouncing Flask","Accuracy","Deflect","Crippling Poison","Expertise","Acrobatics","Deadly Poison","Quick Slash","Flechettes","Backstab","Backstab+1"],"relics":["Ring of the Snake","Sundial","Golden Idol","Blood Vial","Boot","Art of War","Pandora\u0027s Box"],"potions_floor_usage":[14,18,19,20,20,22],"damage_taken":[{"damage":1,"enemies":"2 Louse","floor":1,"turns":3},{"damage":34,"enemies":"Lagavulin","floor":6,"turns":9},{"damage":0,"enemies":"Jaw Worm","floor":7,"turns":4},{"damage":0,"enemies":"Cultist","floor":8,"turns":6},{"damage":0,"enemies":"Blue Slaver","floor":12,"turns":5},{"damage":2,"enemies":"Looter","floor":13,"turns":3},{"damage":33,"enemies":"Gremlin Nob","floor":14,"turns":5},{"damage":20,"enemies":"The Guardian","floor":16,"turns":11},{"damage":27,"enemies":"2 Thieves","floor":18,"turns":4},{"damage":5,"enemies":"Spheric Guardian","floor":19,"turns":5},{"damage":10,"enemies":"Snecko","floor":20,"turns":4},{"damage":21,"enemies":"Shelled Parasite and Fungi","floor":21,"turns":5},{"damage":13,"enemies":"Sentry and Sphere","floor":22,"turns":3}],"seed_played":"-3827148279135891125","potions_obtained":[{"floor":6,"key":"Ancient Potion"},{"floor":7,"key":"Energy Potion"},{"floor":16,"key":"AttackPotion"},{"floor":21,"key":"Fire Potion"}],"is_trial":false,"path_per_floor":["M","?","?","?","$","E","M","M","T","?","R","M","M","E","R","B",null,"M","M","M","M"],"character_chosen":"THE_SILENT","items_purchased":["Backflip"],"campfire_rested":2,"item_purchase_floors":[5],"current_hp_per_floor":[69,69,69,69,69,35,37,39,39,39,60,62,62,31,52,34,61,36,33,25,6,0],"gold":430,"neow_bonus":"ONE_RANDOM_RARE_CARD","is_prod":false,"is_daily":false,"chose_seed":false,"campfire_upgraded":0,"win_rate":0,"timestamp":1537995849,"path_taken":["M","?","?","?","$","E","M","?","T","?","R","M","M","E","R","BOSS","M","?","M","M","?"],"build_version":"2018-09-20","purchased_purges":0,"victory":false,"max_hp_per_floor":[70,70,70,70,70,70,70,70,70,70,70,70,70,70,70,70,70,70,70,70,70,70],"card_choices":[{"not_picked":["Quick Slash","Slice"],"picked":"Deadly Poison","floor":1},{"not_picked":["Masterful Stab","Backflip"],"picked":"Deflect","floor":6},{"not_picked":["Prepared","Heel Hook"],"picked":"Dodge and Roll","floor":7},{"not_picked":["Sucker Punch","Quick Slash"],"picked":"Caltrops","floor":8},{"not_picked":["Terror","Quick Slash"],"picked":"Bane","floor":12},{"not_picked":["Cloak And Dagger","Reflex"],"picked":"Noxious Fumes","floor":13},{"not_picked":["Slice","Flying Knee"],"picked":"Bouncing Flask","floor":14},{"not_picked":["Wraith Form v2","Phantasmal Killer"],"picked":"Venomology","floor":16},{"not_picked":["Prepared","Cloak And Dagger","Underhanded Strike+1"],"picked":"SKIP","floor":18},{"not_picked":["Quick Slash","Cloak And Dagger+1"],"picked":"Flechettes","floor":19},{"not_picked":["Blade Dance","Dagger Throw"],"picked":"Backstab","floor":20},{"not_picked":["Quick Slash","Slice"],"picked":"Backstab+1","floor":21}],"player_experience":635782,"relics_obtained":[{"floor":6,"key":"Blood Vial"},{"floor":9,"key":"Boot"},{"floor":14,"key":"Art of War"}],"event_choices":[{"event_name":"Big Fish","player_choice":"Box","floor":2,"damage_taken":0},{"event_name":"Golden Idol","player_choice":"Take Wound","floor":3,"damage_taken":0},{"event_name":"Living Wall","player_choice":"Forget","floor":4,"damage_taken":0},{"event_name":"Purifier","player_choice":"One Purge","floor":10,"damage_taken":0}],"is_beta":false,"boss_relics":[{"not_picked":["Eternal Feather","WristBlade"],"picked":"Pandora\u0027s Box"}],"items_purged_floors":[],"is_endless":false,"potions_floor_spawned":[6,7,16,21],"killed_by":"Sentry and Sphere","ascension_level":5}