{"gold_per_floor":[117,131,131,144,169,198,198,209,256,226,304,314,329,8,8,8],"floor_reached":16,"playtime":689,"items_purged":[],"score":107,"play_id":"f13e4445-bbe2-40d9-b4a9-f0ae75a09890","local_time":"20180928205758","is_ascension_mode":true,"campfire_choices":[{"data":"Calculated Gamble","floor":7,"key":"SMITH"},{"data":"Reflex","floor":15,"key":"SMITH"}],"neow_cost":"NONE","seed_source_timestamp":24510396824231,"circlet_count":0,"master_deck":["Defend_G","Defend_G","Defend_G","Defend_G","Defend_G","Strike_G","Strike_G","Strike_G","Strike_G","Survivor","Neutralize","Calculated Gamble+1","Quick Slash","Underhanded Strike","Footwork","Acrobatics","Glass Knife","Blade Dance","Reflex+1","Acrobatics","Underhanded Strike","Panache"],"relics":["Ring of the Snake","Juzu Bracelet","Blood Vial","Strawberry"],"potions_floor_usage":[1,6,6,16,16,16],"damage_taken":[{"damage":0,"enemies":"Small Slimes","floor":1,"turns":6},{"damage":0,"enemies":"Cultist","floor":2,"turns":3},{"damage":4,"enemies":"Jaw Worm","floor":4,"turns":4},{"damage":4,"enemies":"Gremlin Nob","floor":6,"turns":4},{"damage":2,"enemies":"Exordium Wildlife","floor":8,"turns":4},{"damage":2,"enemies":"Looter","floor":10,"turns":4},{"damage":1,"enemies":"Blue Slaver","floor":12,"turns":4},{"damage":12,"enemies":"Large Slime","floor":13,"turns":5},{"damage":69,"enemies":"Hexaghost","floor":16,"turns":14}],"seed_played":"-1137691712507160260","potions_obtained":[{"floor":0,"key":"Dexterity Potion"},{"floor":0,"key":"SpeedPotion"},{"floor":0,"key":"Fruit Juice"},{"floor":1,"key":"Strength Potion"},{"floor":2,"key":"GhostInAJar"},{"floor":13,"key":"SpeedPotion"}],"is_trial":false,"path_per_floor":["M","M","?","M","T","E","R","M","T","M","?","M","M","$","R"],"character_chosen":"THE_SILENT","items_purchased":["Acrobatics","Underhanded Strike","Panache","Swift Potion"],"campfire_rested":0,"item_purchase_floors":[14,14,14,14],"current_hp_per_floor":[75,75,75,71,71,67,67,67,74,74,74,75,65,65,65,0],"gold":8,"neow_bonus":"THREE_SMALL_POTIONS","is_prod":false,"is_daily":false,"chose_seed":false,"campfire_upgraded":2,"win_rate":0,"timestamp":1538182678,"path_taken":["M","M","?","M","?","E","R","M","T","M","?","M","M","$","R","BOSS"],"build_version":"2018-09-27","purchased_purges":0,"victory":false,"max_hp_per_floor":[75,75,75,75,75,75,75,75,82,82,82,82,82,82,82,82],"card_choices":[{"not_picked":["Flying Knee","Footwork"],"picked":"Calculated Gamble","floor":1},{"not_picked":["Bane","Backflip"],"picked":"Quick Slash","floor":2},{"not_picked":["Caltrops","Setup"],"picked":"Underhanded Strike","floor":4},{"not_picked":["Blade Dance","Bane"],"picked":"Footwork","floor":6},{"not_picked":["PiercingWail","Well Laid Plans"],"picked":"Acrobatics","floor":8},{"not_picked":["PiercingWail","Predator"],"picked":"Glass Knife","floor":10},{"not_picked":["Flechettes","Poisoned Stab"],"picked":"Blade Dance","floor":12},{"not_picked":["Dodge and Roll","Bane"],"picked":"Reflex","floor":13}],"player_experience":291628,"relics_obtained":[{"floor":5,"key":"Juzu Bracelet"},{"floor":6,"key":"Blood Vial"},{"floor":9,"key":"Strawberry"}],"event_choices":[{"event_name":"Bonfire Elementals","player_choice":"BASIC","floor":3,"damage_taken":0},{"event_name":"Golden Wing","player_choice":"Gained Gold","floor":11,"damage_taken":0}],"is_beta":true,"boss_relics":[],"items_purged_floors":[],"is_endless":false,"potions_floor_spawned":[1,2,13],"killed_by":"Hexaghost","ascension_level":1}