{"gold_per_floor":[359,16,34,209,209,219,64,64,88,88,98,164,14,33,33,137,137,150,218,14,97,147,212,275,275],"floor_reached":25,"playtime":1172,"items_purged":["Regret","Doubt"],"score":249,"play_id":"e5c4e419-989d-4a84-ad9f-cff2dbc6e625","local_time":"20180925013915","is_ascension_mode":true,"campfire_choices":[{"data":"Distraction","floor":8.0,"key":"SMITH"},{"data":"Discovery","floor":15.0,"key":"SMITH"}],"neow_cost":"TEN_PERCENT_HP_LOSS","seed_source_timestamp":45980482289925,"circlet_count":0,"master_deck":["Defend_G","Defend_G","Defend_G","Defend_G","Defend_G","Strike_G","Strike_G","Strike_G","Strike_G","Strike_G","Survivor","Neutralize","Backstab","Outmaneuver","PiercingWail","Distraction+1","Choke","Dodge and Roll","Discovery+1","Footwork","Burst+1","Flying Knee","Dagger Throw","Slice","Blade Dance","Slice"],"special_seed":0,"relics":["Ring of the Snake","Strange Spoon","Oddly Smooth Stone","Unceasing Top","Smiling Mask","SsserpentHead","Runic Dome","Vajra","Red Mask","Tiny Chest"],"potions_floor_usage":[24,25,25,25],"damage_taken":[{"damage":5.0,"enemies":"Jaw Worm","floor":1.0,"turns":6.0},{"damage":6.0,"enemies":"Cultist","floor":3.0,"turns":4.0},{"damage":0.0,"enemies":"2 Louse","floor":6.0,"turns":2.0},{"damage":12.0,"enemies":"Exordium Thugs","floor":11.0,"turns":6.0},{"damage":3.0,"enemies":"Blue Slaver","floor":12.0,"turns":3.0},{"damage":0.0,"enemies":"Lots of Slimes","floor":14.0,"turns":3.0},{"damage":23.0,"enemies":"The Guardian","floor":16.0,"turns":11.0},{"damage":9.0,"enemies":"Spheric Guardian","floor":18.0,"turns":9.0},{"damage":4.0,"enemies":"2 Thieves","floor":19.0,"turns":4.0},{"damage":33.0,"enemies":"Masked Bandits","floor":21.0,"turns":7.0},{"damage":11.0,"enemies":"Book of Stabbing","floor":23.0,"turns":6.0},{"damage":12,"enemies":"Cultist and Chosen","floor":24,"turns":7},{"damage":1,"enemies":"Gremlin Leader","floor":25,"turns":8}],"seed_played":"-950835616906931114","potions_obtained":[{"floor":6.0,"key":"Weak Potion"},{"floor":12.0,"key":"Poison Potion"},{"floor":16.0,"key":"Regen Potion"},{"floor":18.0,"key":"SteroidPotion"},{"floor":23.0,"key":"Block Potion"},{"floor":24,"key":"Strength Potion"}],"is_trial":false,"path_per_floor":["M","$","M","?","?","M","$","R","T","?","M","M","$","M","R","B",null,"M","M","$","?","?","E","M"],"character_chosen":"THE_SILENT","items_purchased":["Strange Spoon","Oddly Smooth Stone","Distraction","Discovery","Vajra","Slice"],"campfire_rested":0,"item_purchase_floors":[2,2,7,13,20,20],"current_hp_per_floor":[58,58,52,52,52,52,52,52,52,52,40,37,37,37,37,14,63,54,50,50,32,32,21,9,8],"gold":275,"neow_bonus":"TWO_FIFTY_GOLD","is_prod":false,"is_daily":false,"chose_seed":false,"campfire_upgraded":2,"win_rate":0,"timestamp":1537853955,"path_taken":["M","$","M","?","?","M","$","R","T","?","M","?","$","M","R","BOSS","M","?","$","?","?","E","?","E"],"build_version":"2018-09-20","purchased_purges":2,"victory":false,"max_hp_per_floor":[63,63,63,63,63,63,63,63,63,63,63,63,63,63,63,63,63,63,63,63,63,63,63,63,63],"card_choices":[{"not_picked":["Backflip","Catalyst"],"picked":"Backstab","floor":1.0},{"not_picked":["Flechettes","Sucker Punch"],"picked":"Outmaneuver","floor":3.0},{"not_picked":["Deflect","Quick Slash"],"picked":"PiercingWail","floor":6.0},{"not_picked":["Bane","Calculated Gamble"],"picked":"Choke","floor":11.0},{"not_picked":["Deadly Poison","Bane"],"picked":"Dodge and Roll","floor":12.0},{"not_picked":["Blade Dance","Slice"],"picked":"Footwork","floor":14.0},{"not_picked":["Corpse Explosion","Glass Knife"],"picked":"Burst","floor":16.0},{"not_picked":["Bane","Underhanded Strike"],"picked":"Flying Knee","floor":18.0},{"not_picked":["Choke","Underhanded Strike"],"picked":"Dagger Throw","floor":19.0},{"not_picked":["Wraith Form v2","Blur"],"picked":"Blade Dance","floor":21.0},{"not_picked":["All Out Attack","Flechettes","Caltrops"],"picked":"SKIP","floor":23.0},{"not_picked":["Dagger Throw","Prepared"],"picked":"Slice","floor":24}],"player_experience":284192,"relics_obtained":[{"floor":9.0,"key":"Smiling Mask"},{"floor":21.0,"key":"Red Mask"},{"floor":23.0,"key":"Tiny Chest"}],"event_choices":[{"event_name":"Liars Game","player_choice":"agreed","floor":4.0,"damage_taken":0.0},{"event_name":"Big Fish","player_choice":"Box","floor":5.0,"damage_taken":0.0},{"event_name":"FaceTrader","player_choice":"Trade","floor":10.0,"damage_taken":0.0},{"event_name":"Masked Bandits","player_choice":"Fought Bandits","floor":21.0,"damage_taken":0.0},{"event_name":"Accursed Blacksmith","player_choice":"Forge","floor":22.0,"damage_taken":0.0}],"is_beta":true,"boss_relics":[{"not_picked":["Ectoplasm","Fusion Hammer"],"picked":"Runic Dome"}],"items_purged_floors":[7,13],"is_endless":false,"potions_floor_spawned":[6,12,16,18,19,23,24],"killed_by":"Gremlin Leader","ascension_level":1}