{"gold_per_floor":[126,138,150,176,203,228,265,289,301,313,325,351,214,253,253,376,376,392,307,322,75,100,100,114,133,133,168,168,168,204,218,218,218],"floor_reached":33,"playtime":1546,"items_purged":["Defend_R","Bash"],"score":299,"play_id":"85ba35ac-a1ef-4873-8c92-c043950833e9","local_time":"20190316134901","is_ascension_mode":false,"campfire_choices":[{"data":"Perfected Strike","floor":10,"key":"SMITH"},{"data":"Perfected Strike","floor":15,"key":"SMITH"},{"data":"Cleave","floor":23,"key":"SMITH"},{"data":"Brutality","floor":29,"key":"SMITH"},{"floor":32,"key":"REST"}],"neow_cost":"NONE","seed_source_timestamp":50912933681805,"circlet_count":0,"master_deck":["Strike_R","Strike_R","Strike_R","Strike_R","Strike_R","Defend_R","Defend_R","Defend_R","Iron Wave","Perfected Strike+1","Perfected Strike+1","Cleave+1","Twin Strike","Battle Trance","Twin Strike","Juggernaut","Wild Strike","Wild Strike","Cleave+1","Brutality+1","Twin Strike","Evolve","Shrug It Off","Warcry+1"],"relics":["Black Blood","MawBank","Gambling Chip","Darkstone Periapt","StoneCalendar","Mummified Hand","Golden Idol","Boot","Bronze Scales","Membership Card","Shuriken","Happy Flower","NlothsMask","Girya"],"potions_floor_usage":[14,27,27,30,33],"damage_taken":[{"damage":6,"enemies":"Cultist","floor":1,"turns":3},{"damage":4,"enemies":"Jaw Worm","floor":4,"turns":4},{"damage":0,"enemies":"Small Slimes","floor":5,"turns":3},{"damage":6,"enemies":"Blue Slaver","floor":6,"turns":5},{"damage":45,"enemies":"Lagavulin","floor":7,"turns":6},{"damage":7,"enemies":"3 Louse","floor":8,"turns":3},{"damage":0,"enemies":"Large Slime","floor":12,"turns":4},{"damage":17,"enemies":"3 Sentries","floor":14,"turns":5},{"damage":16,"enemies":"Slime Boss","floor":16,"turns":5},{"damage":5,"enemies":"3 Byrds","floor":18,"turns":4},{"damage":5,"enemies":"Spheric Guardian","floor":20,"turns":3},{"damage":16,"enemies":"Cultist and Chosen","floor":22,"turns":5},{"damage":27,"enemies":"Sentry and Sphere","floor":24,"turns":4},{"damage":31,"enemies":"Shelled Parasite and Fungi","floor":25,"turns":4},{"damage":28,"enemies":"Gremlin Leader","floor":27,"turns":5},{"damage":22,"enemies":"Book of Stabbing","floor":30,"turns":3},{"damage":9,"enemies":"Snake Plant","floor":31,"turns":2},{"damage":70,"enemies":"Automaton","floor":33,"turns":6}],"seed_played":"-7199798584283613345","potions_obtained":[{"floor":1,"key":"BloodPotion"},{"floor":4,"key":"Dexterity Potion"},{"floor":7,"key":"Weak Potion"},{"floor":16,"key":"SpeedPotion"},{"floor":20,"key":"Regen Potion"},{"floor":25,"key":"Fruit Juice"},{"floor":27,"key":"Regen Potion"},{"floor":30,"key":"AttackPotion"}],"is_trial":false,"path_per_floor":["T","T","?","$","?","?"],"character_chosen":"IRONCLAD","items_purchased":["Battle Trance","Membership Card"],"campfire_rested":1,"item_purchase_floors":[13,21],"current_hp_per_floor":[80,80,80,80,80,80,41,40,40,40,40,46,46,42,42,32,74,74,74,74,74,68,68,51,30,30,31,31,31,28,29,52,0],"gold":218,"neow_bonus":"RANDOM_COMMON_RELIC","is_prod":false,"is_daily":false,"chose_seed":false,"campfire_upgraded":4,"win_rate":0,"timestamp":1552758541,"path_taken":["M","?","?","M","M","M","E","M","T","R","?","M","?","E","R","BOSS","M","?","M","$","M","R","M","M","T","E","?","R","E","M","R","BOSS"],"build_version":"2019-01-23","purchased_purges":2,"victory":false,"max_hp_per_floor":[80,80,80,80,80,80,80,80,80,80,74,74,74,74,74,74,74,74,74,74,74,74,74,74,74,74,79,79,79,79,79,79,79],"card_choices":[{"not_picked":["Sentinel","Wild Strike"],"picked":"Iron Wave","floor":1},{"not_picked":["Thunderclap","Sword Boomerang"],"picked":"Perfected Strike","floor":4},{"not_picked":["Flex","Sword Boomerang","Dual Wield"],"picked":"SKIP","floor":5},{"not_picked":["Searing Blow","Anger"],"picked":"Perfected Strike","floor":6},{"not_picked":["Carnage","Offering","Power Through"],"picked":"SKIP","floor":7},{"not_picked":["Body Slam","Rupture"],"picked":"Cleave","floor":8},{"not_picked":["Warcry","Heavy Blade"],"picked":"Twin Strike","floor":12},{"not_picked":["Anger","Immolate"],"picked":"Twin Strike","floor":14},{"not_picked":["Berserk","Limit Break"],"picked":"Juggernaut","floor":16},{"not_picked":["Infernal Blade","Heavy Blade"],"picked":"Wild Strike","floor":18},{"not_picked":["Battle Trance+1","Clash"],"picked":"Wild Strike","floor":20},{"not_picked":["Clothesline","Burning Pact"],"picked":"Cleave+1","floor":22},{"not_picked":["Wild Strike+1","Sever Soul"],"picked":"Brutality","floor":24},{"not_picked":["Headbutt","Thunderclap+1"],"picked":"Twin Strike","floor":25},{"not_picked":["Thunderclap","Burning Pact"],"picked":"Evolve","floor":27},{"not_picked":["Flame Barrier","Carnage+1"],"picked":"Shrug It Off","floor":30},{"not_picked":["Anger","Power Through"],"picked":"Warcry+1","floor":31}],"player_experience":681198,"relics_obtained":[{"floor":2,"key":"Gambling Chip"},{"floor":3,"key":"Darkstone Periapt"},{"floor":7,"key":"StoneCalendar"},{"floor":9,"key":"Mummified Hand"},{"floor":14,"key":"Boot"},{"floor":26,"key":"Shuriken"},{"floor":27,"key":"Happy Flower"},{"floor":30,"key":"Girya"}],"event_choices":[{"damage_healed":0,"gold_gain":0,"player_choice":"Lose Max HP","damage_taken":0,"relics_obtained":["Golden Idol"],"max_hp_gain":0,"max_hp_loss":6,"event_name":"Golden Idol","floor":11,"gold_loss":0},{"damage_healed":0,"gold_gain":0,"player_choice":"Obtained Relic","damage_taken":0,"relics_obtained":["Bronze Scales"],"max_hp_gain":0,"max_hp_loss":0,"event_name":"Addict","floor":19,"gold_loss":85},{"damage_healed":0,"gold_gain":0,"player_choice":"Trade","damage_taken":0,"relics_obtained":["NlothsMask"],"max_hp_gain":0,"max_hp_loss":0,"event_name":"FaceTrader","floor":28,"gold_loss":0}],"is_beta":false,"boss_relics":[{"not_picked":["Coffee Dripper","Empty Cage"],"picked":"Black Blood"}],"items_purged_floors":[13,21],"is_endless":false,"potions_floor_spawned":[1,4,7,16,20,25,27,30],"killed_by":"Automaton","ascension_level":0}