{"gold_per_floor":[114,114,17,17,37,67,78,78,103,103,278,293,34,51,51,147,147,164,164,181,192,192,192,192,210,237,247,247,247,247,266,266,266],"floor_reached":33,"playtime":907,"items_purged":["Doubt"],"score":296,"play_id":"6c1c4f79-af1a-495a-8438-59516ce87630","local_time":"20181018154919","is_ascension_mode":true,"campfire_choices":[{"floor":8,"key":"REST"},{"data":"Armaments","floor":15,"key":"SMITH"},{"floor":23,"key":"REST"},{"floor":28,"key":"REST"},{"floor":30,"key":"REST"},{"floor":32,"key":"REST"}],"neow_cost":"","seed_source_timestamp":684132044059410,"circlet_count":0,"master_deck":["Strike_R","Strike_R","Strike_R","Strike_R","Strike_R","Defend_R","Defend_R","Defend_R+1","Bash","Perfected Strike","Wild Strike","Perfected Strike","Metallicize","Seeing Red+1","Headbutt","Good Instincts","Inflame","Armaments+1","Barricade","Body Slam+1","Wild Strike","Ghostly Armor+1","Writhe","Finesse","Second Wind+1","Iron Wave","RitualDagger","Perfected Strike"],"relics":["Burning Blood","GremlinMask","Boot","Red Skull","Fusion Hammer","The Courier","War Paint"],"potions_floor_usage":[16,21,33],"damage_taken":[{"damage":18,"enemies":"Jaw Worm","floor":1,"turns":4},{"damage":4,"enemies":"Small Slimes","floor":5,"turns":4},{"damage":25,"enemies":"3 Sentries","floor":6,"turns":6},{"damage":7,"enemies":"2 Louse","floor":7,"turns":2},{"damage":17,"enemies":"Lots of Slimes","floor":12,"turns":5},{"damage":11,"enemies":"Blue Slaver","floor":14,"turns":4},{"damage":36,"enemies":"The Guardian","floor":16,"turns":12},{"damage":7,"enemies":"Chosen","floor":18,"turns":3},{"damage":25,"enemies":"2 Thieves","floor":20,"turns":4},{"damage":45,"enemies":"Snake Plant","floor":21,"turns":4},{"damage":19,"enemies":"Sentry and Sphere","floor":25,"turns":4},{"damage":37,"enemies":"Shelled Parasite and Fungi","floor":27,"turns":6},{"damage":35,"enemies":"Snake Plant","floor":31,"turns":4},{"damage":53,"enemies":"Collector","floor":33,"turns":3}],"seed_played":"-8766754910579636324","potions_obtained":[{"floor":7,"key":"FairyPotion"},{"floor":14,"key":"SkillPotion"},{"floor":16,"key":"Regen Potion"},{"floor":18,"key":"Energy Potion"}],"is_trial":false,"path_per_floor":["M","?","$","?","M","E","M","R","T","?","?","M","$","M","R","B",null,"M","?","M","M","?","R","?","M","T","M","R","?","R","M","R"],"character_chosen":"IRONCLAD","items_purchased":["Wild Strike","Perfected Strike","Good Instincts","Inflame"],"campfire_rested":5,"item_purchase_floors":[3,3,13,13],"current_hp_per_floor":[68,61,61,61,63,44,43,67,67,72,72,61,61,56,56,26,80,79,79,60,33,33,57,41,28,28,7,31,25,49,20,44,0],"gold":266,"neow_bonus":"","is_prod":false,"is_daily":false,"chose_seed":false,"campfire_upgraded":1,"win_rate":0,"timestamp":1539899359,"path_taken":["M","?","$","?","M","E","M","R","T","?","?","M","$","M","R","BOSS","M","?","?","M","?","R","?","M","T","?","R","?","R","M","R","BOSS"],"build_version":"2018-10-11","purchased_purges":1,"victory":false,"max_hp_per_floor":[80,80,80,80,80,80,80,80,80,80,80,80,80,80,80,80,80,80,80,80,80,80,80,80,80,80,80,80,80,80,80,80,80],"card_choices":[{"not_picked":["Heavy Blade","Corruption"],"picked":"Perfected Strike","floor":1},{"not_picked":["Heavy Blade","Sword Boomerang"],"picked":"Pommel Strike","floor":5},{"not_picked":["Brutality","Cleave"],"picked":"Metallicize","floor":6},{"not_picked":["Hemokinesis","Anger"],"picked":"Seeing Red","floor":7},{"not_picked":["Body Slam","Fire Breathing"],"picked":"Headbutt","floor":12},{"not_picked":["Shockwave","Whirlwind"],"picked":"Armaments","floor":14},{"not_picked":["Juggernaut","Immolate"],"picked":"Barricade","floor":16},{"not_picked":["Twin Strike","Carnage"],"picked":"Body Slam+1","floor":18},{"not_picked":["Anger","Cleave"],"picked":"Wild Strike","floor":20},{"not_picked":["Intimidate","Pummel"],"picked":"Ghostly Armor+1","floor":21},{"not_picked":["Heavy Blade","Clothesline"],"picked":"Second Wind+1","floor":25},{"not_picked":["Cleave","Searing Blow"],"picked":"Iron Wave","floor":27},{"not_picked":["Feel No Pain","Headbutt"],"picked":"Perfected Strike","floor":31}],"player_experience":699665,"relics_obtained":[{"floor":6,"key":"Boot"},{"floor":9,"key":"Red Skull"},{"floor":26,"key":"War Paint"}],"event_choices":[{"event_name":"Golden Wing","player_choice":"Card Removal","floor":2,"damage_taken":0},{"event_name":"FaceTrader","player_choice":"Trade","floor":4,"damage_taken":0},{"event_name":"Bonfire Elementals","player_choice":"COMMON","floor":10,"damage_taken":0},{"event_name":"Liars Game","player_choice":"agreed","floor":11,"damage_taken":0},{"event_name":"Beggar","player_choice":"Ignored","floor":19,"damage_taken":0},{"event_name":"The Mausoleum","player_choice":"Yes","floor":22,"damage_taken":0},{"event_name":"Knowing Skull","player_choice":"CARD ","floor":24,"damage_taken":0},{"event_name":"Nest","player_choice":"Joined the Cult","floor":29,"damage_taken":0}],"is_beta":false,"boss_relics":[{"not_picked":["Runic Dome","Runic Pyramid"],"picked":"Fusion Hammer"}],"items_purged_floors":[13],"is_endless":false,"potions_floor_spawned":[7,14,16,18,20],"killed_by":"Collector","ascension_level":4}