{"gold_per_floor":[111,111,122,132,146,146,179,189,237,38,48,48,59,70,70,169,169,186,186,186,204,222,222,222,222,269,23,41,41,41,60,60,165,165,185,185,185,92,115,115,61,61,129,147,177,20,20,38,38,38],"floor_reached":51,"playtime":1539,"items_purged":[],"score":1020,"play_id":"1450f14a-b005-4c25-9d3f-ff35677e5351","local_time":"20181107114437","is_ascension_mode":true,"campfire_choices":[{"data":"Uppercut","floor":6,"key":"SMITH"},{"floor":12,"key":"REST"},{"data":"Armaments","floor":15,"key":"SMITH"},{"floor":23,"key":"REST"},{"data":"Demon Form","floor":25,"key":"SMITH"},{"floor":32,"key":"REST"},{"data":"Apotheosis","floor":40,"key":"SMITH"},{"floor":49,"key":"REST"}],"neow_cost":"NONE","seed_source_timestamp":2400449940418328,"circlet_count":0,"master_deck":["Strike_R+1","Strike_R+1","Defend_R+1","Defend_R+1","Defend_R+1","Defend_R+1","Bash","Warcry","Shrug It Off","Shrug It Off","Uppercut+1","Bludgeon","Flex","Headbutt","Armaments+1","Pommel Strike","Demon Form+1","Dropkick+1","Pummel","Apotheosis+1","Battle Trance","Pummel","Iron Wave","Heavy Blade","Reaper","Sword Boomerang"],"relics":["Black Blood","NeowsBlessing","Self Forming Clay","Bag of Marbles","Strawberry","Busted Crown","Paper Frog","Dream Catcher","Mercury Hourglass","Boot","Bottled Tornado","Omamori","CultistMask"],"potions_floor_usage":[13,16,18,33,45,45,48,50],"damage_taken":[{"damage":0,"enemies":"Small Slimes","floor":1,"turns":1},{"damage":0,"enemies":"Cultist","floor":3,"turns":1},{"damage":0,"enemies":"2 Louse","floor":4,"turns":1},{"damage":6,"enemies":"Large Slime","floor":5,"turns":10},{"damage":52,"enemies":"Lagavulin","floor":7,"turns":10},{"damage":2,"enemies":"Red Slaver","floor":8,"turns":2},{"damage":0,"enemies":"Exordium Wildlife","floor":11,"turns":2},{"damage":2,"enemies":"Exordium Thugs","floor":13,"turns":4},{"damage":6,"enemies":"Looter","floor":14,"turns":3},{"damage":48,"enemies":"The Guardian","floor":16,"turns":11},{"damage":3,"enemies":"Spheric Guardian","floor":18,"turns":3},{"damage":8,"enemies":"Chosen","floor":21,"turns":3},{"damage":38,"enemies":"Sentry and Sphere","floor":22,"turns":6},{"damage":23,"enemies":"Shelled Parasite and Fungi","floor":28,"turns":5},{"damage":2,"enemies":"Cultist and Chosen","floor":31,"turns":6},{"damage":97,"enemies":"Collector","floor":33,"turns":8},{"damage":8,"enemies":"Orb Walker","floor":35,"turns":3},{"damage":16,"enemies":"3 Shapes","floor":44,"turns":4},{"damage":46,"enemies":"Reptomancer","floor":45,"turns":5},{"damage":27,"enemies":"Jaw Worm Horde","floor":48,"turns":4},{"damage":51,"enemies":"Time Eater","floor":50,"turns":5}],"seed_played":"-8672835021518572319","potions_obtained":[{"floor":4,"key":"FairyPotion"},{"floor":8,"key":"Fire Potion"},{"floor":11,"key":"AttackPotion"},{"floor":13,"key":"Regen Potion"},{"floor":18,"key":"Strength Potion"},{"floor":33,"key":"PowerPotion"},{"floor":35,"key":"SkillPotion"},{"floor":44,"key":"Explosive Potion"},{"floor":45,"key":"Strength Potion"}],"is_trial":false,"path_per_floor":["M","?","M","M","M","R","E","M","T","$","M","R","M","M","R","B",null,"M","?","?","M","M","R","?","R","T","$","M","$","T","M","R","B",null,"M","?","?","$","T","R","$","?","T","M","E","$","?","M","R","B",null],"character_chosen":"IRONCLAD","items_purchased":["Flex","Strawberry","Pummel","Apotheosis","Pummel","Iron Wave","Heavy Blade","Reaper"],"campfire_rested":4,"item_purchase_floors":[10,10,27,27,38,38,41,46],"current_hp_per_floor":[78,78,80,80,80,80,34,38,38,45,51,77,81,81,81,54,79,82,65,65,63,31,58,58,58,58,58,41,41,41,45,72,15,73,75,75,75,75,75,75,75,75,75,69,33,33,33,52,79,38],"gold":38,"neow_bonus":"THREE_ENEMY_KILL","is_prod":false,"is_daily":false,"chose_seed":false,"campfire_upgraded":4,"win_rate":0,"timestamp":1541616277,"path_taken":["M","?","M","?","M","R","E","?","T","$","M","R","M","M","R","BOSS","M","?","?","M","?","R","?","R","T","$","M","?","?","?","R","BOSS","M","?","?","$","?","R","?","?","T","?","E","$","?","?","R","BOSS"],"build_version":"2018-11-01","purchased_purges":0,"victory":true,"max_hp_per_floor":[80,80,80,80,80,80,80,80,80,87,87,87,87,87,87,87,87,87,92,92,92,92,92,92,92,92,92,92,92,92,92,92,92,92,92,92,92,92,92,92,92,92,92,92,92,92,92,92,92,92],"card_choices":[{"not_picked":["Evolve","True Grit"],"picked":"Warcry","floor":1},{"not_picked":["Burning Pact","Feel No Pain"],"picked":"Shrug It Off","floor":3},{"not_picked":["Clash","Thunderclap"],"picked":"Shrug It Off","floor":4},{"not_picked":["Sever Soul","True Grit"],"picked":"Uppercut","floor":5},{"not_picked":["Warcry","Havoc"],"picked":"Bludgeon","floor":7},{"not_picked":["Evolve","Hemokinesis"],"picked":"Twin Strike","floor":8},{"not_picked":["Sever Soul","Evolve"],"picked":"Headbutt","floor":11},{"not_picked":["Headbutt","Sword Boomerang"],"picked":"Armaments","floor":13},{"not_picked":["True Grit","Infernal Blade"],"picked":"Pommel Strike","floor":14},{"not_picked":["Barricade","Bludgeon"],"picked":"Demon Form","floor":16},{"not_picked":["Wild Strike"],"picked":"SKIP","floor":18},{"not_picked":[],"picked":"Dropkick+1","floor":21},{"not_picked":["Perfected Strike"],"picked":"SKIP","floor":22},{"not_picked":[],"picked":"Battle Trance","floor":28},{"not_picked":["Clothesline"],"picked":"SKIP","floor":31},{"not_picked":["Havoc"],"picked":"SKIP","floor":35},{"not_picked":["Twin Strike"],"picked":"SKIP","floor":44},{"not_picked":["Clothesline"],"picked":"SKIP","floor":45},{"not_picked":[],"picked":"Sword Boomerang","floor":48}],"player_experience":1021891,"relics_obtained":[{"floor":7,"key":"Self Forming Clay"},{"floor":9,"key":"Bag of Marbles"},{"floor":26,"key":"Dream Catcher"},{"floor":30,"key":"Mercury Hourglass"},{"floor":39,"key":"Boot"},{"floor":43,"key":"Bottled Tornado"},{"floor":45,"key":"Omamori"}],"event_choices":[{"cards_removed":["Strike_R"],"damage_healed":0,"gold_gain":0,"player_choice":"Purged","damage_taken":0,"max_hp_gain":0,"max_hp_loss":0,"event_name":"Purifier","floor":2,"gold_loss":0},{"damage_healed":0,"gold_gain":0,"player_choice":"Shed Blood","damage_taken":22,"max_hp_gain":5,"max_hp_loss":0,"event_name":"Forgotten Altar","floor":19,"gold_loss":0},{"cards_removed":["Twin Strike"],"damage_healed":0,"gold_gain":0,"player_choice":"Gave Card","damage_taken":0,"relics_obtained":["Paper Frog"],"max_hp_gain":0,"max_hp_loss":0,"event_name":"WeMeetAgain","floor":20,"gold_loss":0},{"damage_healed":0,"gold_gain":0,"player_choice":"Simplicity","damage_taken":0,"max_hp_gain":0,"max_hp_loss":0,"event_name":"Back to Basics","floor":24,"gold_loss":0,"cards_upgraded":["Strike_R","Strike_R","Strike_R","Strike_R","Defend_R","Defend_R","Defend_R","Defend_R"]},{"damage_healed":0,"gold_gain":0,"player_choice":"Ignored","damage_taken":0,"max_hp_gain":0,"max_hp_loss":0,"event_name":"Mysterious Sphere","floor":36,"gold_loss":0},{"cards_removed":["Strike_R"],"damage_healed":0,"gold_gain":0,"player_choice":"Removed Attack","damage_taken":0,"max_hp_gain":0,"max_hp_loss":0,"event_name":"Falling","floor":37,"gold_loss":0},{"cards_removed":["Strike_R"],"damage_healed":0,"gold_gain":0,"player_choice":"Purged","damage_taken":0,"max_hp_gain":0,"max_hp_loss":0,"event_name":"Purifier","floor":42,"gold_loss":0},{"damage_healed":0,"gold_gain":0,"player_choice":"Trade","damage_taken":0,"relics_obtained":["CultistMask"],"max_hp_gain":0,"max_hp_loss":0,"event_name":"FaceTrader","floor":47,"gold_loss":0}],"is_beta":false,"boss_relics":[{"not_picked":["Ectoplasm","Calling Bell"],"picked":"Busted Crown"},{"not_picked":["Tiny House","Mark of Pain"],"picked":"Black Blood"}],"items_purged_floors":[],"is_endless":false,"potions_floor_spawned":[4,8,11,13,14,18,33,35,44,45],"ascension_level":9}