{"gold_per_floor":[118,118,148,148,163,163,163,191,191,208,225,225,15,26,26,26],"floor_reached":16,"playtime":408,"items_purged":["Defend_B"],"score":145,"play_id":"d04db67e-c0d4-4dc3-946c-8dcedc28b2b9","local_time":"20190112164554","is_ascension_mode":true,"campfire_choices":[{"floor":6,"key":"REST"},{"data":"Sweeping Beam","floor":12,"key":"SMITH"},{"data":"Loop","floor":15,"key":"SMITH"}],"neow_cost":"PERCENT_DAMAGE","seed_source_timestamp":208122780520578,"circlet_count":0,"master_deck":["Strike_B","Strike_B","Defend_B+1","Defend_B","Defend_B","Zap","Dualcast+1","Biased Cognition","Loop+1","Glacier","Coolheaded","Sweeping Beam+1","Fission","Redo"],"relics":["Cracked Core","Tiny Chest","War Paint","FossilizedHelix","Shuriken"],"potions_floor_usage":[],"damage_taken":[{"damage":11,"enemies":"Small Slimes","floor":1,"turns":3},{"damage":0,"enemies":"2 Louse","floor":5,"turns":2},{"damage":10,"enemies":"Gremlin Nob","floor":8,"turns":5},{"damage":0,"enemies":"Cultist","floor":10,"turns":3},{"damage":0,"enemies":"Looter","floor":11,"turns":3},{"damage":16,"enemies":"Lots of Slimes","floor":14,"turns":2},{"damage":10,"enemies":"Hexaghost","floor":16,"turns":10}],"seed_played":"4674531291770877068","potions_obtained":[{"floor":1,"key":"Block Potion"},{"floor":5,"key":"Ancient Potion"},{"floor":8,"key":"Regen Potion"}],"is_trial":false,"path_per_floor":["M","?","?","?","M","R","?","E","T","M","M","R","$","M","R","B"],"character_chosen":"DEFECT","items_purchased":["Fission"],"campfire_rested":1,"item_purchase_floors":[13],"current_hp_per_floor":[39,32,25,25,25,47,47,37,37,37,37,37,37,21,21,11],"gold":26,"neow_bonus":"THREE_RARE_CARDS","is_prod":false,"is_daily":false,"chose_seed":false,"campfire_upgraded":2,"win_rate":0,"timestamp":1547329554,"path_taken":["M","?","?","?","?","R","?","E","T","?","M","R","$","M","R","BOSS"],"build_version":"2019-01-10","purchased_purges":1,"victory":false,"max_hp_per_floor":[75,75,75,75,75,75,75,75,75,75,75,75,75,75,75,75],"card_choices":[{"not_picked":["Meteor Strike","Core Surge"],"picked":"Biased Cognition","floor":0},{"not_picked":["Conserve Battery","Go for the Eyes"],"picked":"Loop","floor":1},{"not_picked":["Ball Lightning","Chill"],"picked":"Glacier","floor":5},{"not_picked":["Redo","BootSequence"],"picked":"Coolheaded","floor":8},{"not_picked":["Compile Driver","FTL"],"picked":"Sweeping Beam","floor":10},{"not_picked":["Hologram","Stack","Beam Cell"],"picked":"SKIP","floor":11},{"not_picked":["Compile Driver","Gash"],"picked":"Redo","floor":14}],"player_experience":501888,"relics_obtained":[{"floor":8,"key":"FossilizedHelix"},{"floor":9,"key":"Shuriken"}],"event_choices":[{"cards_removed":["Strike_B"],"damage_healed":0,"gold_gain":0,"player_choice":"Card Removal","damage_taken":7,"max_hp_gain":0,"max_hp_loss":0,"event_name":"Golden Wing","floor":2,"gold_loss":0},{"damage_healed":0,"gold_gain":0,"player_choice":"Success","damage_taken":7,"relics_obtained":["Tiny Chest"],"max_hp_gain":0,"max_hp_loss":0,"event_name":"Scrap Ooze","floor":3,"gold_loss":0},{"damage_healed":0,"gold_gain":0,"player_choice":"Gave Potion","damage_taken":0,"relics_obtained":["War Paint"],"max_hp_gain":0,"max_hp_loss":0,"event_name":"WeMeetAgain","floor":4,"gold_loss":0},{"cards_removed":["Strike_B"],"damage_healed":0,"gold_gain":0,"player_choice":"Offered Basic","damage_taken":0,"max_hp_gain":0,"max_hp_loss":0,"event_name":"Bonfire Elementals","floor":7,"gold_loss":0}],"is_beta":true,"boss_relics":[],"items_purged_floors":[13],"is_endless":false,"potions_floor_spawned":[1,5,8],"killed_by":"Hexaghost","ascension_level":9}