{"gold_per_floor":[210,210,222,235,235,235,235,246,272,284,329,354,368,382,382,481,481,498,498,498,513,528,528,560,510,510,510],"floor_reached":27,"playtime":1544,"items_purged":[],"score":235,"play_id":"1dac0322-a3cf-4b04-811f-5f2f6f6cf9e1","local_time":"20190218125622","is_ascension_mode":false,"campfire_choices":[{"data":"Zap","floor":6,"key":"SMITH"},{"floor":15,"key":"RECALL"},{"data":"Storm","floor":23,"key":"SMITH"}],"neow_cost":"NONE","seed_source_timestamp":390220026481286,"circlet_count":0,"master_deck":["Strike_B","Strike_B","Strike_B+1","Defend_B","Defend_B","Defend_B","Defend_B","Zap+1","Dualcast+1","Doom and Gloom","Steam","Genetic Algorithm","Steam","Core Surge","Redo","Loop","Conserve Battery","Conserve Battery","Genetic Algorithm","Steam+1","Conserve Battery","Loop","Storm+1","White Noise"],"relics":["Cracked Core","Blood Vial","DataDisk","Orrery","Turnip","Vajra"],"potions_floor_usage":[12,18,21,24,24],"damage_taken":[{"damage":0,"enemies":"2 Louse","floor":1,"turns":3},{"damage":0,"enemies":"Cultist","floor":3,"turns":3},{"damage":0,"enemies":"Jaw Worm","floor":4,"turns":2},{"damage":2,"enemies":"Blue Slaver","floor":8,"turns":3},{"damage":0,"enemies":"Exordium Wildlife","floor":10,"turns":4},{"damage":29,"enemies":"Gremlin Nob","floor":12,"turns":4},{"damage":0,"enemies":"Looter","floor":13,"turns":3},{"damage":0,"enemies":"Blue Slaver","floor":14,"turns":3},{"damage":23,"enemies":"Hexaghost","floor":16,"turns":9},{"damage":0,"enemies":"Chosen","floor":18,"turns":4},{"damage":0,"enemies":"Spheric Guardian","floor":21,"turns":6},{"damage":18,"enemies":"Centurion and Healer","floor":22,"turns":8},{"damage":51,"enemies":"Slavers","floor":24,"turns":6},{"damage":12,"enemies":"Shelled Parasite and Fungi","floor":27,"turns":4}],"seed_played":"-4183383083054934420","potions_obtained":[{"floor":1,"key":"Regen Potion"},{"floor":3,"key":"Strength Potion"},{"floor":10,"key":"AttackPotion"},{"floor":13,"key":"Fire Potion"},{"floor":14,"key":"Weak Potion"},{"floor":18,"key":"SkillPotion"}],"is_trial":false,"path_per_floor":["?","M","?","?","T","M","?","?","?","M"],"character_chosen":"DEFECT","items_purchased":[],"campfire_rested":0,"item_purchase_floors":[],"current_hp_per_floor":[75,75,75,75,60,60,60,58,58,58,58,40,42,44,44,23,75,75,75,75,75,57,57,8,8,8,0],"gold":510,"neow_bonus":"HUNDRED_GOLD","is_prod":false,"is_daily":false,"chose_seed":false,"campfire_upgraded":2,"win_rate":0,"timestamp":1550512582,"path_taken":["M","?","M","?","?","R","?","M","T","M","?","E","M","?","R","BOSS","M","?","?","M","M","R","E","?","T","?"],"build_version":"2019-01-23","purchased_purges":0,"victory":false,"max_hp_per_floor":[75,75,75,75,75,75,75,75,75,75,75,75,75,75,75,75,75,75,75,75,75,75,75,75,75,75,75],"card_choices":[{"not_picked":["Reinforced Body","Turbo","Auto Shields"],"picked":"SKIP","floor":1},{"not_picked":["Double Energy","Compile Driver"],"picked":"Steam","floor":3},{"not_picked":["Reinforced Body","Hologram","Blizzard"],"picked":"SKIP","floor":4},{"not_picked":["Cold Snap","Compile Driver","Turbo"],"picked":"SKIP","floor":8},{"not_picked":["Beam Cell","Lockon","Compile Driver"],"picked":"SKIP","floor":10},{"not_picked":["Beam Cell","Compile Driver"],"picked":"Genetic Algorithm","floor":12},{"not_picked":["Reprogram","Hello World"],"picked":"Steam","floor":13},{"not_picked":["Chill","Doom and Gloom","Coolheaded"],"picked":"SKIP","floor":14},{"not_picked":["Fission","Thunder Strike"],"picked":"Core Surge","floor":16},{"not_picked":["Go for the Eyes","Doom and Gloom"],"picked":"Redo","floor":17},{"not_picked":["Auto Shields","Stack"],"picked":"Loop","floor":17},{"not_picked":["Hologram","Compile Driver"],"picked":"Conserve Battery","floor":17},{"not_picked":["Genetic Algorithm","Stack"],"picked":"Conserve Battery","floor":17},{"not_picked":["Consume","Hologram"],"picked":"Genetic Algorithm","floor":17},{"not_picked":["Hologram","Glacier"],"picked":"Steam+1","floor":18},{"not_picked":["Tempest+1","Rainbow"],"picked":"Loop","floor":21},{"not_picked":["Steam","Ball Lightning"],"picked":"Storm","floor":22},{"not_picked":["Heatsinks","Steam Power"],"picked":"White Noise","floor":24}],"player_experience":502503,"relics_obtained":[{"floor":11,"key":"Blood Vial"},{"floor":12,"key":"DataDisk"},{"floor":24,"key":"Turnip"},{"floor":26,"key":"Vajra"}],"event_choices":[{"damage_healed":0,"gold_gain":0,"cards_transformed":["Strike_B"],"player_choice":"Transformed","damage_taken":0,"max_hp_gain":0,"max_hp_loss":0,"event_name":"Transmorgrifier","floor":2,"gold_loss":0,"cards_obtained":["Doom and Gloom"]},{"damage_healed":0,"gold_gain":0,"player_choice":"Entered Light","damage_taken":15,"max_hp_gain":0,"max_hp_loss":0,"event_name":"Shining Light","floor":5,"gold_loss":0,"cards_upgraded":["Dualcast","Strike_B"]},{"damage_healed":0,"gold_gain":0,"player_choice":"Ignored","damage_taken":0,"max_hp_gain":0,"max_hp_loss":0,"event_name":"Liars Game","floor":7,"gold_loss":0},{"damage_healed":0,"gold_gain":0,"player_choice":"Ignored","damage_taken":0,"max_hp_gain":0,"max_hp_loss":0,"event_name":"Ghosts","floor":19,"gold_loss":0},{"damage_healed":0,"gold_gain":0,"player_choice":"Read","damage_taken":0,"max_hp_gain":0,"max_hp_loss":0,"event_name":"The Library","floor":20,"gold_loss":0,"cards_obtained":["Conserve Battery"]},{"damage_healed":0,"gold_gain":0,"player_choice":"Bet on Murderer","damage_taken":0,"max_hp_gain":0,"max_hp_loss":0,"event_name":"The Joust","floor":25,"gold_loss":50}],"is_beta":false,"boss_relics":[{"not_picked":["Coffee Dripper","Eternal Feather"],"picked":"Orrery"}],"items_purged_floors":[],"is_endless":false,"potions_floor_spawned":[1,3,10,13,14,18],"killed_by":"Shelled Parasite and Fungi","ascension_level":0}