{"gold_per_floor":[114,129,129,33,48,78,93,123,123,123,138,138,44,74,74,174,174,189,189,204,219,19,19],"floor_reached":23,"playtime":1087,"items_purged":[],"score":236,"play_id":"ce434280-df79-4c55-b47e-0da806c3e6a4","local_time":"20180921185123","daily_mods":["Brewmaster","Elite Swarm","Uncertain Future"],"is_ascension_mode":false,"campfire_choices":[{"floor":10,"key":"REST"},{"data":"Inflame","floor":12,"key":"SMITH"},{"data":"Perfected Strike","floor":15,"key":"SMITH"}],"neow_cost":"","seed_source_timestamp":681325700146088,"circlet_count":0,"master_deck":["Strike_R","Strike_R","Strike_R+1","Strike_R+1","Strike_R","Defend_R","Defend_R","Defend_R","Defend_R","Bash","Venomology","Venomology","Venomology","Venomology","Venomology","Heavy Blade","Seeing Red","Inflame+1","Clothesline","Pummel","Reaper","Perfected Strike+1","Bludgeon","Body Slam","Good Instincts","Bludgeon","Bludgeon","Infernal Blade","RitualDagger","True Grit+1","Inflame+1"],"special_seed":17796,"relics":["Burning Blood","White Beast Statue","Happy Flower","FossilizedHelix","Ginger","Ornamental Fan","Black Star","HandDrill"],"potions_floor_usage":[1,1,1,2,5,5,5,6,7,7,8,8,8,14,14,16,16,16,16,16,18,18,20,20,21,21,23,23,23,23,23],"damage_taken":[{"damage":0,"enemies":"Small Slimes","floor":1,"turns":5},{"damage":12,"enemies":"2 Louse","floor":2,"turns":2},{"damage":0,"enemies":"Cultist","floor":5,"turns":3},{"damage":21,"enemies":"Gremlin Nob","floor":6,"turns":5},{"damage":1,"enemies":"Red Slaver","floor":7,"turns":3},{"damage":26,"enemies":"3 Sentries","floor":8,"turns":5},{"damage":7,"enemies":"Looter","floor":11,"turns":3},{"damage":8,"enemies":"Lagavulin","floor":14,"turns":4},{"damage":35,"enemies":"The Guardian","floor":16,"turns":10},{"damage":10,"enemies":"2 Thieves","floor":18,"turns":3},{"damage":28,"enemies":"Spheric Guardian","floor":20,"turns":5},{"damage":25,"enemies":"3 Cultists","floor":21,"turns":5},{"damage":58,"enemies":"Gremlin Leader","floor":23,"turns":7}],"seed_played":"3287130768063123955","potions_obtained":[{"floor":1,"key":"AttackPotion"},{"floor":2,"key":"GamblersBrew"},{"floor":5,"key":"Explosive Potion"},{"floor":6,"key":"GamblersBrew"},{"floor":7,"key":"PowerPotion"},{"floor":8,"key":"Strength Potion"},{"floor":11,"key":"AttackPotion"},{"floor":14,"key":"Energy Potion"},{"floor":16,"key":"Poison Potion"},{"floor":18,"key":"LiquidBronze"},{"floor":20,"key":"BloodPotion"},{"floor":21,"key":"Weak Potion"}],"is_trial":false,"path_per_floor":["M","M","?","$","M","E","M","E","T","R","M","R","$","E","R","B",null,"M","?","M","M","$"],"character_chosen":"IRONCLAD","items_purchased":["Inflame","Clothesline","Good Instincts","HandDrill"],"campfire_rested":1,"item_purchase_floors":[4,4,13,22],"current_hp_per_floor":[80,74,58,58,64,49,58,56,56,80,80,80,80,78,78,56,80,76,70,48,44,44,0],"gold":19,"neow_bonus":"","is_prod":false,"is_daily":true,"chose_seed":false,"campfire_upgraded":2,"win_rate":0,"timestamp":1537577483,"path_taken":["M","M","?","$","M","E","?","E","T","R","M","R","?","E","R","BOSS","M","?","M","M","?","E"],"build_version":"2018-09-20","purchased_purges":0,"victory":false,"max_hp_per_floor":[80,80,80,80,80,80,80,80,80,80,80,80,80,80,80,80,80,80,80,80,80,80,80],"card_choices":[{"not_picked":["Armaments","Carnage"],"picked":"Heavy Blade","floor":1},{"not_picked":["Blood for Blood","Dropkick"],"picked":"Seeing Red","floor":2},{"not_picked":["Hemokinesis","Clash"],"picked":"Pummel","floor":5},{"not_picked":["Dark Embrace","Double Tap"],"picked":"Reaper","floor":6},{"not_picked":["Battle Trance","Dual Wield"],"picked":"Perfected Strike","floor":7},{"not_picked":["Dark Embrace","Limit Break"],"picked":"Bludgeon","floor":8},{"not_picked":["Anger","Pommel Strike"],"picked":"Body Slam","floor":11},{"not_picked":["Brutality","Juggernaut"],"picked":"Bludgeon","floor":14},{"not_picked":["Immolate","Double Tap"],"picked":"Bludgeon","floor":16},{"not_picked":["Entrench","Corruption"],"picked":"Infernal Blade","floor":18},{"not_picked":["Burning Pact","Clothesline"],"picked":"True Grit+1","floor":20},{"not_picked":["Dropkick+1","Wild Strike+1"],"picked":"Inflame+1","floor":21}],"player_experience":556263,"relics_obtained":[{"floor":6,"key":"Happy Flower"},{"floor":8,"key":"FossilizedHelix"},{"floor":9,"key":"Ginger"},{"floor":14,"key":"Ornamental Fan"}],"event_choices":[{"event_name":"Shining Light","player_choice":"Entered Light","floor":3,"damage_taken":0},{"event_name":"Nest","player_choice":"Joined the Cult","floor":19,"damage_taken":0}],"is_beta":false,"boss_relics":[{"not_picked":["Runic Dome","Eternal Feather"],"picked":"Black Star"}],"items_purged_floors":[],"is_endless":false,"potions_floor_spawned":[1,2,5,6,7,8,11,14,16,18,20,21],"killed_by":"Gremlin Leader","ascension_level":0}