{"gold_per_floor":[115,115,129,140,157,157,174,13,13,25,200,200,227,227,227,326,326,343,360,375,105,105,105,116,46,92,92,118,218,218,133,133,236,236,254,85,185,203,221,221,253,271,319,319,319,319,100,118,118,118],"floor_reached":51,"playtime":5822,"items_purged":["Strike_G","Strike_G","Strike_G"],"score":794,"play_id":"ae559ac8-8427-400a-b9d6-1db98682e21f","local_time":"20181028115620","is_ascension_mode":true,"campfire_choices":[{"data":"Blur","floor":6,"key":"SMITH"},{"floor":12,"key":"REST"},{"floor":15,"key":"REST"},{"data":"Leg Sweep","floor":23,"key":"SMITH"},{"floor":27,"key":"REST"},{"floor":30,"key":"REST"},{"data":"Footwork","floor":32,"key":"SMITH"},{"data":"Blade Dance","floor":40,"key":"SMITH"},{"floor":46,"key":"REST"},{"floor":49,"key":"REST"}],"neow_cost":"NONE","seed_source_timestamp":1529215980432829,"circlet_count":0,"master_deck":["Defend_G","Defend_G","Defend_G","Defend_G","Defend_G","Strike_G","Survivor","Neutralize+1","Blade Dance+1","Blur+1","Accuracy","Prepared","Dodge and Roll","Cloak And Dagger","Leg Sweep+1","Infinite Blades","PiercingWail","Doubt","Venomology","Infinite Blades","Dodge and Roll+1","Master of Strategy","RitualDagger","Footwork+1","Accuracy+1","Adrenaline","Footwork","Dramatic Entrance","Terror+1"],"relics":["Ring of the Serpent","Mercury Hourglass","Singing Bowl","Centennial Puzzle","Pear","Anchor","Unceasing Top","Thread and Needle","Bronze Scales"],"potions_floor_usage":[10,10,13,13,19,20,20,20,33,33,33,33,35,38,39,39,41,42,45,45,50],"damage_taken":[{"damage":8,"enemies":"Jaw Worm","floor":1,"turns":7},{"damage":3,"enemies":"Small Slimes","floor":3,"turns":3},{"damage":0,"enemies":"Cultist","floor":4,"turns":4},{"damage":1,"enemies":"Blue Slaver","floor":5,"turns":6},{"damage":11,"enemies":"3 Louse","floor":7,"turns":5},{"damage":13,"enemies":"Exordium Thugs","floor":10,"turns":5},{"damage":47,"enemies":"Gremlin Nob","floor":13,"turns":6},{"damage":17,"enemies":"Slime Boss","floor":16,"turns":13},{"damage":0,"enemies":"Chosen","floor":18,"turns":8},{"damage":9,"enemies":"3 Byrds","floor":19,"turns":6},{"damage":9,"enemies":"Snake Plant","floor":20,"turns":7},{"damage":14,"enemies":"Cultist and Chosen","floor":24,"turns":7},{"damage":50,"enemies":"Slavers","floor":28,"turns":7},{"damage":9,"enemies":"Automaton","floor":33,"turns":14},{"damage":10,"enemies":"3 Darklings","floor":35,"turns":6},{"damage":1,"enemies":"Mind Bloom Boss Battle","floor":37,"turns":9},{"damage":0,"enemies":"3 Shapes","floor":38,"turns":4},{"damage":9,"enemies":"Jaw Worm Horde","floor":39,"turns":6},{"damage":65,"enemies":"Reptomancer","floor":41,"turns":11},{"damage":5,"enemies":"Sphere and 2 Shapes","floor":42,"turns":14},{"damage":0,"enemies":"Transient","floor":45,"turns":3},{"damage":0,"enemies":"Jaw Worm Horde","floor":48,"turns":6},{"damage":58,"enemies":"Donu and Deca","floor":50,"turns":16}],"seed_played":"-9111366746706773541","potions_obtained":[{"floor":3,"key":"SpeedPotion"},{"floor":7,"key":"EntropicBrew"},{"floor":16,"key":"PowerPotion"},{"floor":18,"key":"Energy Potion"},{"floor":28,"key":"EssenceOfSteel"},{"floor":33,"key":"LiquidBronze"},{"floor":37,"key":"SmokeBomb"},{"floor":38,"key":"Fire Potion"},{"floor":41,"key":"SpeedPotion"}],"is_trial":false,"path_per_floor":["M","?","M","M","M","R","M","$","T","M","?","R","E","?","R","B",null,"M","M","M","$","?","R","M","$","T","R","E","?","R","?","R","B",null,"M","$","?","M","M","R","E","M","T","?","M","R","$","M","R","B"],"character_chosen":"THE_SILENT","items_purchased":["Cloak And Dagger","Leg Sweep","Infinite Blades","Master of Strategy","Footwork","Footwork","Dramatic Entrance"],"campfire_rested":6,"item_purchase_floors":[8,8,8,21,25,36,47],"current_hp_per_floor":[69,69,66,66,65,65,54,54,54,41,41,64,19,12,35,18,79,79,70,63,63,57,57,45,45,45,69,29,29,56,56,56,47,93,85,85,86,86,79,79,16,13,13,13,13,43,43,43,73,15],"gold":118,"neow_bonus":"TEN_PERCENT_HP_BONUS","is_prod":false,"is_daily":false,"chose_seed":false,"campfire_upgraded":4,"win_rate":0,"timestamp":1540749380,"path_taken":["M","?","M","M","?","R","M","$","T","M","?","R","E","?","R","BOSS","M","M","M","$","?","R","M","$","T","R","E","?","R","?","R","BOSS","M","$","?","M","M","R","E","?","T","?","M","R","$","M","R","BOSS"],"build_version":"2018-10-25v2","purchased_purges":3,"victory":true,"max_hp_per_floor":[77,77,77,77,77,77,77,77,77,77,77,77,79,79,79,79,79,79,79,81,81,81,81,83,83,83,83,93,93,93,93,93,93,93,95,95,97,97,99,99,101,103,103,103,103,103,103,103,103,103],"card_choices":[{"not_picked":["Slice","Dagger Spray"],"picked":"Blade Dance","floor":1},{"not_picked":["Deflect","Bane"],"picked":"Blur","floor":3},{"not_picked":["Unload","Choke"],"picked":"Accuracy","floor":4},{"not_picked":["Bane","Well Laid Plans"],"picked":"Prepared","floor":5},{"not_picked":["Deflect","Choke"],"picked":"Dodge and Roll","floor":7},{"not_picked":["Eviscerate","Prepared"],"picked":"PiercingWail","floor":10},{"not_picked":["Glass Knife","Well Laid Plans","Finisher"],"picked":"Singing Bowl","floor":13},{"not_picked":["Unload","Die Die Die"],"picked":"Venomology","floor":16},{"not_picked":["Catalyst","Quick Slash+1"],"picked":"Infinite Blades","floor":18},{"not_picked":["Dagger Throw","Cloak And Dagger"],"picked":"Dodge and Roll+1","floor":19},{"not_picked":["Catalyst","PiercingWail","Dagger Throw"],"picked":"Singing Bowl","floor":20},{"not_picked":["Finisher","Cloak And Dagger","Backflip"],"picked":"Singing Bowl","floor":24},{"not_picked":["Dagger Throw","PiercingWail"],"picked":"Accuracy+1","floor":28},{"not_picked":["Venomology","Unload"],"picked":"Adrenaline","floor":33},{"not_picked":["All Out Attack+1","Endless Agony","Acrobatics"],"picked":"Singing Bowl","floor":35},{"not_picked":["Quick Slash","Finisher","Noxious Fumes+1"],"picked":"Singing Bowl","floor":37},{"not_picked":["Deflect","Predator+1"],"picked":"Terror+1","floor":38},{"not_picked":["Skewer+1","Dodge and Roll","Deadly Poison"],"picked":"Singing Bowl","floor":39},{"not_picked":["Choke","Heel Hook","Flying Knee"],"picked":"Singing Bowl","floor":41},{"not_picked":["Outmaneuver+1","Choke","Bullet Time"],"picked":"Singing Bowl","floor":42},{"not_picked":["Concentrate","PiercingWail+1"],"picked":"Terror+1","floor":48}],"player_experience":923006,"relics_obtained":[{"floor":9,"key":"Mercury Hourglass"},{"floor":13,"key":"Singing Bowl"},{"floor":26,"key":"Centennial Puzzle"},{"floor":28,"key":"Pear"},{"floor":37,"key":"Unceasing Top"},{"floor":41,"key":"Thread and Needle"},{"floor":43,"key":"Bronze Scales"}],"event_choices":[{"damage_healed":0,"gold_gain":0,"player_choice":"Grow","damage_taken":0,"max_hp_gain":0,"max_hp_loss":0,"event_name":"Living Wall","floor":2,"gold_loss":0,"cards_upgraded":["Neutralize"]},{"damage_healed":0,"gold_gain":175,"player_choice":"AGREE","damage_taken":0,"max_hp_gain":0,"max_hp_loss":0,"event_name":"Liars Game","floor":11,"gold_loss":0,"cards_obtained":["Doubt"]},{"cards_removed":["Strike_G"],"damage_healed":0,"gold_gain":0,"player_choice":"Card Removal","damage_taken":7,"max_hp_gain":0,"max_hp_loss":0,"event_name":"Golden Wing","floor":14,"gold_loss":0},{"damage_healed":0,"gold_gain":0,"player_choice":"Joined the Cult","damage_taken":6,"max_hp_gain":0,"max_hp_loss":0,"event_name":"Nest","floor":22,"gold_loss":0,"cards_obtained":["RitualDagger"]},{"damage_healed":0,"gold_gain":100,"player_choice":"Pray","damage_taken":0,"max_hp_gain":0,"max_hp_loss":0,"event_name":"Golden Shrine","floor":29,"gold_loss":0},{"damage_healed":0,"gold_gain":0,"player_choice":"Obtained Relic","damage_taken":0,"relics_obtained":["Anchor"],"max_hp_gain":0,"max_hp_loss":0,"event_name":"Addict","floor":31,"gold_loss":85},{"damage_healed":0,"gold_gain":0,"player_choice":"Fight","damage_taken":0,"max_hp_gain":0,"max_hp_loss":0,"event_name":"MindBloom","floor":37,"gold_loss":0},{"cards_removed":["Terror"],"damage_healed":0,"gold_gain":0,"player_choice":"Removed Skill","damage_taken":0,"max_hp_gain":0,"max_hp_loss":0,"event_name":"Falling","floor":44,"gold_loss":0}],"is_beta":false,"boss_relics":[{"not_picked":["Sozu","Runic Dome"],"picked":"Ring of the Serpent"},{"not_picked":["Philosopher\u0027s Stone","Snecko Eye","Runic Pyramid"]}],"items_purged_floors":[21,36,47],"is_endless":false,"potions_floor_spawned":[3,7,16,18,28,33,37,38,41,45],"ascension_level":3}