{"gold_per_floor":[110,110,110,121,77,104,116,149,175,175,190,222,239,249,249,352,352,371,384,44,74,97,97],"floor_reached":23,"playtime":849,"items_purged":[],"score":232,"play_id":"7fba7f20-6034-450e-8d13-7cc748ce0b24","local_time":"20180824093141","is_ascension_mode":true,"campfire_choices":[{"floor":10,"key":"REST"},{"data":"Inflame","floor":15,"key":"SMITH"}],"neow_cost":"PERCENT_DAMAGE","seed_source_timestamp":634045261188315,"circlet_count":0,"master_deck":["Strike_R","Defend_R","Defend_R","Defend_R","Defend_R","Bash","Inflame+1","Rampage","Carnage","Heavy Blade","Rage","Seeing Red","Pummel","Impervious","Heavy Blade","Reaper","True Grit+1","Immolate+1","Rupture+1","Pummel","Uppercut","Apotheosis","Sword Boomerang","Trip","Pummel"],"relics":["Burning Blood","Sundial","Oddly Smooth Stone","Blood Vial","Meat on the Bone","Vajra","Pear","Astrolabe","Red Mask","Anchor"],"potions_floor_usage":[6,8,16,18,18,21],"damage_taken":[{"damage":1,"enemies":"Cultist","floor":1,"turns":3},{"damage":6,"enemies":"Small Slimes","floor":4,"turns":4},{"damage":9,"enemies":"Lagavulin","floor":6,"turns":6},{"damage":0,"enemies":"Jaw Worm","floor":7,"turns":3},{"damage":25,"enemies":"Gremlin Nob","floor":8,"turns":5},{"damage":6,"enemies":"3 Louse","floor":11,"turns":3},{"damage":29,"enemies":"Lagavulin","floor":12,"turns":6},{"damage":7,"enemies":"Looter","floor":13,"turns":3},{"damage":4,"enemies":"Blue Slaver","floor":14,"turns":2},{"damage":8,"enemies":"Slime Boss","floor":16,"turns":9},{"damage":11,"enemies":"2 Thieves","floor":18,"turns":4},{"damage":23,"enemies":"Shell Parasite","floor":19,"turns":4},{"damage":12,"enemies":"Masked Bandits","floor":21,"turns":3},{"damage":90,"enemies":"Gremlin Leader","floor":23,"turns":4}],"seed_played":"-1392445139179733820","potions_obtained":[{"floor":4,"key":"PowerPotion"},{"floor":7,"key":"SpeedPotion"},{"floor":11,"key":"Poison Potion"},{"floor":13,"key":"SpeedPotion"},{"floor":14,"key":"LiquidBronze"},{"floor":16,"key":"SneckoOil"},{"floor":18,"key":"Swift Potion"}],"is_trial":false,"path_per_floor":["M","?","?","M","?","E","M","E","T","R","M","E","M","M","R","B",null,"M","M","$","?","T"],"character_chosen":"IRONCLAD","items_purchased":["Apotheosis","Sword Boomerang","Trip"],"campfire_rested":1,"item_purchase_floors":[20,20,20],"current_hp_per_floor":[61,61,49,49,49,46,54,37,37,61,63,64,65,69,69,69,90,85,74,74,70,70,0],"gold":97,"neow_bonus":"ONE_RARE_RELIC","is_prod":false,"is_daily":false,"chose_seed":false,"campfire_upgraded":1,"win_rate":0,"timestamp":1535124701,"path_taken":["M","?","?","M","?","E","?","E","T","R","M","E","M","M","R","BOSS","M","?","$","?","?","E"],"build_version":"2018-08-23v2","purchased_purges":0,"victory":false,"max_hp_per_floor":[80,80,80,80,80,80,80,80,80,80,80,90,90,90,90,90,90,90,90,90,90,90,90],"card_choices":[{"not_picked":["Armaments","Headbutt"],"picked":"Inflame","floor":1},{"not_picked":["Feel No Pain","Blood for Blood"],"picked":"Rampage","floor":4},{"not_picked":["True Grit","Dropkick"],"picked":"Carnage","floor":6},{"not_picked":["Anger","Havoc"],"picked":"Heavy Blade","floor":7},{"not_picked":["Ghostly Armor","Pommel Strike"],"picked":"Rage","floor":8},{"not_picked":["Clothesline","Perfected Strike"],"picked":"Seeing Red","floor":11},{"not_picked":["Entrench","Perfected Strike"],"picked":"Pummel","floor":12},{"not_picked":["Rupture","Pummel"],"picked":"Impervious","floor":13},{"not_picked":["Whirlwind","Twin Strike"],"picked":"Heavy Blade","floor":14},{"not_picked":["Offering","Berserk"],"picked":"Reaper","floor":16},{"not_picked":["Hemokinesis","Headbutt"],"picked":"Pummel","floor":18},{"not_picked":["Wild Strike+1","Clash"],"picked":"Uppercut","floor":19},{"not_picked":["Clothesline+1","Wild Strike"],"picked":"Pummel","floor":21}],"player_experience":332394,"relics_obtained":[{"floor":6,"key":"Blood Vial"},{"floor":8,"key":"Meat on the Bone"},{"floor":9,"key":"Vajra"},{"floor":12,"key":"Pear"},{"floor":21,"key":"Red Mask"},{"floor":22,"key":"Anchor"}],"event_choices":[{"event_name":"Purifier","player_choice":"One Purge","floor":2,"damage_taken":0},{"event_name":"Scrap Ooze","player_choice":"success","floor":3,"damage_taken":12},{"event_name":"World of Goop","player_choice":"Left","floor":5,"damage_taken":0},{"event_name":"Masked Bandits","player_choice":"Fought Bandits","floor":21,"damage_taken":0}],"is_beta":false,"boss_relics":[{"not_picked":["Mark of Pain","Cursed Key"],"picked":"Astrolabe"}],"items_purged_floors":[],"is_endless":false,"potions_floor_spawned":[4,7,11,13,14,16,18],"killed_by":"Gremlin Leader","ascension_level":2}