{"gold_per_floor":[119,134,134,149,26,26,61,71,125,125,135,135,135,170,170,301,364,380,41,57,57,75,75,91,132,132,150,164,164,202,220,220,220],"floor_reached":33,"playtime":2012,"items_purged":[],"score":389,"play_id":"8c0b5933-a649-4ed0-aeae-dd96457f0ce5","local_time":"20180816153234","is_ascension_mode":true,"campfire_choices":[{"data":"Corpse Explosion","floor":6,"key":"SMITH"},{"data":"Eviscerate","floor":10,"key":"SMITH"},{"floor":15,"key":"REST"},{"floor":23,"key":"REST"},{"floor":29,"key":"REST"},{"floor":32,"key":"REST"}],"neow_cost":"NONE","seed_source_timestamp":523642904849330,"circlet_count":0,"master_deck":["Defend_G+1","Defend_G","Defend_G","Defend_G","Defend_G","Strike_G","Strike_G","Strike_G","Strike_G","Strike_G","Survivor","Neutralize","Underhanded Strike","Predator","Dagger Throw","Corpse Explosion+1","Dagger Throw","Cloak And Dagger","Eviscerate+1","Dagger Throw","Bane","Die Die Die","Tactician","Deadly Poison","Acrobatics","Panache","Infinite Blades","Backstab","Backstab","Dagger Throw+1","Leg Sweep","Eviscerate+1","Adrenaline","Backstab","Adrenaline","Infinite Blades"],"relics":["HoveringKite","Bottled Lightning","Bag of Preparation","Golden Idol","Orichalcum","Tiny House","Mango","The Courier","Bottled Tornado"],"potions_floor_usage":[14,14,20,22,28,31],"damage_taken":[{"damage":7,"enemies":"Cultist","floor":1,"turns":6},{"damage":2,"enemies":"2 Louse","floor":2,"turns":4},{"damage":0,"enemies":"Jaw Worm","floor":4,"turns":3},{"damage":17,"enemies":"Gremlin Nob","floor":7,"turns":4},{"damage":0,"enemies":"Large Slime","floor":8,"turns":3},{"damage":7,"enemies":"Blue Slaver","floor":11,"turns":3},{"damage":6,"enemies":"Lagavulin","floor":14,"turns":4},{"damage":30,"enemies":"Hexaghost","floor":16,"turns":8},{"damage":16,"enemies":"Spheric Guardian","floor":18,"turns":5},{"damage":0,"enemies":"2 Thieves","floor":20,"turns":1},{"damage":27,"enemies":"Snake Plant","floor":22,"turns":4},{"damage":0,"enemies":"3 Cultists","floor":24,"turns":2},{"damage":14,"enemies":"Gremlin Leader","floor":25,"turns":6},{"damage":16,"enemies":"Sentry and Sphere","floor":27,"turns":4},{"damage":21,"enemies":"Snake Plant","floor":28,"turns":4},{"damage":19,"enemies":"Slavers","floor":30,"turns":2},{"damage":2,"enemies":"Snecko","floor":31,"turns":3},{"damage":64,"enemies":"Champ","floor":33,"turns":7}],"seed_played":"6548300304598511094","potions_obtained":[{"floor":4,"key":"GhostInAJar"},{"floor":11,"key":"SkillPotion"},{"floor":17,"key":"Explosive Potion"},{"floor":20,"key":"EssenceOfSteel"},{"floor":25,"key":"EssenceOfSteel"},{"floor":30,"key":"AttackPotion"}],"is_trial":false,"path_per_floor":["M","M","?","M","$","R","E","M","T","R","M","?","?","E","R","B",null,"M","$","M","?","M","R","M","E","T","M","M","R","E","M","R"],"character_chosen":"THE_SILENT","items_purchased":["Corpse Explosion","Dagger Throw","Acrobatics","Panache","Infinite Blades","Backstab"],"campfire_rested":4,"item_purchase_floors":[5,5,19,19,19,19],"current_hp_per_floor":[63,61,61,61,61,61,44,44,44,44,37,37,37,31,52,22,75,59,59,59,59,32,54,54,54,54,38,17,43,24,22,48,0],"gold":220,"neow_bonus":"BOSS_RELIC","is_prod":false,"is_daily":false,"chose_seed":false,"campfire_upgraded":2,"win_rate":0,"timestamp":1534455154,"path_taken":["M","?","?","M","$","R","E","M","T","R","M","?","?","E","R","BOSS","M","$","M","?","M","R","?","E","T","M","?","R","E","?","R","BOSS"],"build_version":"2018-08-09","purchased_purges":0,"victory":false,"max_hp_per_floor":[70,70,70,70,70,70,70,70,70,70,70,70,70,70,70,70,75,75,75,75,75,75,75,75,89,89,89,89,89,89,89,89,89],"card_choices":[{"not_picked":["Slice","Deadly Poison"],"picked":"Underhanded Strike","floor":1},{"not_picked":["Finisher","Tactician"],"picked":"Predator","floor":2},{"not_picked":["Prepared","Blade Dance"],"picked":"Dagger Throw","floor":4},{"not_picked":["Sucker Punch","Dodge and Roll"],"picked":"Cloak And Dagger","floor":7},{"not_picked":["Prepared","Outmaneuver"],"picked":"Eviscerate","floor":8},{"not_picked":["After Image","Dagger Spray"],"picked":"Dagger Throw","floor":11},{"not_picked":["Storm of Steel","Underhanded Strike"],"picked":"Bane","floor":14},{"not_picked":["Doppelganger","Unload"],"picked":"Die Die Die","floor":16},{"not_picked":["Escape Plan","Well Laid Plans"],"picked":"Tactician","floor":17},{"not_picked":["Bouncing Flask","PiercingWail"],"picked":"Deadly Poison","floor":18},{"not_picked":["Dodge and Roll+1","Cloak And Dagger"],"picked":"Backstab","floor":20},{"not_picked":["PiercingWail+1","Blade Dance"],"picked":"Dagger Throw+1","floor":22},{"not_picked":["Flying Knee","PiercingWail"],"picked":"Leg Sweep","floor":24},{"not_picked":["Blade Dance","Heel Hook"],"picked":"Eviscerate+1","floor":25},{"not_picked":["Outmaneuver","Dodge and Roll"],"picked":"Adrenaline","floor":27},{"not_picked":["Quick Slash+1","Setup+1"],"picked":"Backstab","floor":28},{"not_picked":["Escape Plan","Deadly Poison+1"],"picked":"Adrenaline","floor":30},{"not_picked":["Deflect","Outmaneuver"],"picked":"Infinite Blades","floor":31}],"player_experience":223299,"relics_obtained":[{"floor":7,"key":"Bottled Lightning"},{"floor":9,"key":"Bag of Preparation"},{"floor":14,"key":"Orichalcum"},{"floor":25,"key":"Mango"},{"floor":26,"key":"The Courier"},{"floor":30,"key":"Bottled Tornado"}],"event_choices":[{"event_name":"The Cleric","player_choice":"Leave","floor":3,"damage_taken":0},{"event_name":"Golden Idol","player_choice":"Take Wound","floor":12,"damage_taken":0},{"event_name":"Living Wall","player_choice":"Forget","floor":13,"damage_taken":0},{"event_name":"Beggar","player_choice":"Ignored","floor":21,"damage_taken":0}],"is_beta":false,"boss_relics":[{"not_picked":["Runic Dome","Runic Pyramid"],"picked":"Tiny House"}],"items_purged_floors":[],"is_endless":false,"potions_floor_spawned":[4,11,20,25,30],"killed_by":"Champ","ascension_level":1}