{"gold_per_floor":[116,116,46,46,46,75,75,88,88,88,99,109,136,16,16,112,112,128,128,141,173,98,98,21,21,21,33,51,51,86,97,97,198,198,213,213,231,231,231,231,245,245,245,263,308,9,20,46,46,46],"floor_reached":51,"playtime":11619,"items_purged":["Defend_G","Parasite"],"score":711,"play_id":"5e2cfa48-69cb-429b-a1cb-f59df575e667","local_time":"20190404232840","is_ascension_mode":true,"campfire_choices":[{"floor":7,"key":"DIG"},{"floor":10,"key":"DIG"},{"floor":15,"key":"REST"},{"floor":23,"key":"REST"},{"data":"Footwork","floor":29,"key":"SMITH"},{"floor":32,"key":"DIG"},{"floor":40,"key":"REST"},{"floor":42,"key":"DIG"},{"floor":49,"key":"REST"}],"neow_cost":"NONE","seed_source_timestamp":464871493945100,"circlet_count":0,"master_deck":["Defend_G","Defend_G","Defend_G","Defend_G","Survivor","Neutralize","All Out Attack","Footwork+1","Dodge and Roll","Sucker Punch","Corpse Explosion","Noxious Fumes","Catalyst","After Image","Bite","Bite","Bite","Bite","Bite","Bouncing Flask","Footwork","Leg Sweep","Dash","Burst","Blind","Bane","Madness","Madness","Predator+1","Leg Sweep+1","Catalyst","Backflip","Bouncing Flask","Catalyst"],"relics":["Ring of the Snake","Letter Opener","Paper Crane","Shovel","Pantograph","Calipers","Torii","Snecko Eye","Red Mask","Smiling Mask","Question Card","Ancient Tea Set","Ice Cream","Sozu","Frozen Egg 2","Mango","Pen Nib","PreservedInsect","StoneCalendar"],"potions_floor_usage":[6,13,16,16,18,21,21,31],"damage_taken":[{"damage":1,"enemies":"Jaw Worm","floor":1,"turns":4},{"damage":5,"enemies":"3 Sentries","floor":6,"turns":8},{"damage":0,"enemies":"Cultist","floor":8,"turns":4},{"damage":0,"enemies":"Small Slimes","floor":11,"turns":3},{"damage":12,"enemies":"Gremlin Gang","floor":12,"turns":3},{"damage":21,"enemies":"Gremlin Nob","floor":13,"turns":6},{"damage":12,"enemies":"The Guardian","floor":16,"turns":11},{"damage":8,"enemies":"3 Byrds","floor":18,"turns":4},{"damage":1,"enemies":"Chosen","floor":20,"turns":5},{"damage":25,"enemies":"Masked Bandits","floor":21,"turns":4},{"damage":21,"enemies":"Snecko","floor":27,"turns":8},{"damage":2,"enemies":"Centurion and Healer","floor":28,"turns":5},{"damage":11,"enemies":"Book of Stabbing","floor":30,"turns":5},{"damage":0,"enemies":"Chosen and Byrds","floor":31,"turns":6},{"damage":3,"enemies":"Champ","floor":33,"turns":12},{"damage":0,"enemies":"Orb Walker","floor":35,"turns":4},{"damage":36,"enemies":"3 Darklings","floor":37,"turns":4},{"damage":9,"enemies":"Writhing Mass","floor":41,"turns":6},{"damage":1,"enemies":"4 Shapes","floor":44,"turns":5},{"damage":1,"enemies":"Transient","floor":47,"turns":5},{"damage":36,"enemies":"Reptomancer","floor":48,"turns":7},{"damage":45,"enemies":"Time Eater","floor":50,"turns":15}],"seed_played":"3255466216507154782","potions_obtained":[{"floor":1,"key":"Explosive Potion"},{"floor":12,"key":"Swift Potion"},{"floor":13,"key":"Dexterity Potion"},{"floor":16,"key":"Explosive Potion"},{"floor":18,"key":"LiquidBronze"},{"floor":20,"key":"Fire Potion"},{"floor":21,"key":"GamblersBrew"},{"floor":30,"key":"Swift Potion"}],"is_trial":false,"path_per_floor":["M","?","$","?","T","E","R","M","T","R","M","M","E","$","R","B",null,"M","?","M","?","$","R","$","?","T","M","M","R","E","M","R","B",null,"M","?","M","?","?","R","M","R","T","M","T","$","M","E","R","B",null],"character_chosen":"THE_SILENT","items_purchased":["Footwork","Catalyst","Dexterity Potion","Footwork","Catalyst","Backflip","PreservedInsect"],"campfire_rested":4,"item_purchase_floors":[3,14,14,24,46,46,46],"current_hp_per_floor":[69,66,66,59,59,54,54,54,54,54,54,42,21,21,42,55,70,62,49,49,30,30,44,44,44,44,36,46,46,41,49,49,49,49,49,49,17,17,11,25,32,32,46,51,51,51,58,30,48,27],"gold":46,"neow_bonus":"REMOVE_CARD","is_prod":false,"is_daily":false,"chose_seed":false,"campfire_upgraded":1,"win_rate":0,"timestamp":1554434920,"path_taken":["M","?","$","?","?","E","R","?","T","R","M","M","E","?","R","BOSS","M","?","M","?","$","R","$","?","T","?","M","R","E","M","R","BOSS","M","?","M","?","?","R","M","R","T","M","?","$","?","E","R","BOSS"],"build_version":"2019-01-23","purchased_purges":2,"victory":true,"max_hp_per_floor":[70,70,70,70,70,70,70,70,70,70,70,70,70,70,70,70,70,70,49,49,49,49,49,49,49,49,49,49,49,49,49,49,49,49,49,49,49,49,49,49,49,49,63,63,63,60,60,60,60,60],"card_choices":[{"not_picked":["Flying Knee","Accuracy"],"picked":"All Out Attack","floor":1},{"not_picked":["Deadly Poison","Storm of Steel"],"picked":"Dodge and Roll","floor":6},{"not_picked":["Riddle With Holes","Cloak And Dagger","Bane"],"picked":"SKIP","floor":8},{"not_picked":["Distraction","Slice"],"picked":"Sucker Punch","floor":11},{"not_picked":["Well Laid Plans","Blur"],"picked":"Corpse Explosion","floor":12},{"not_picked":["Blade Dance","Acrobatics"],"picked":"Noxious Fumes","floor":13},{"not_picked":["Night Terror","Bullet Time"],"picked":"After Image","floor":16},{"not_picked":["Tactician","Reflex+1","Distraction"],"picked":"SKIP","floor":18},{"not_picked":["All Out Attack","Cloak And Dagger"],"picked":"Bouncing Flask","floor":20},{"not_picked":["Cloak And Dagger","Dagger Spray","Bouncing Flask+1"],"picked":"Leg Sweep","floor":27},{"not_picked":["Flechettes+1","Deadly Poison+1","Concentrate","Blade Dance"],"picked":"SKIP","floor":28},{"not_picked":["Acrobatics","Underhanded Strike","PiercingWail"],"picked":"Dash","floor":30},{"not_picked":["Prepared","Blade Dance","Cloak And Dagger","Acrobatics"],"picked":"SKIP","floor":31},{"not_picked":["Die Die Die","Tools of the Trade","Envenom"],"picked":"Burst","floor":33},{"not_picked":["Cloak And Dagger+1","Quick Slash","Deadly Poison","Underhanded Strike"],"picked":"SKIP","floor":35},{"not_picked":["Trip","Mind Blast","Madness"],"picked":"Blind","floor":36},{"not_picked":["Blade Dance+1","Dagger Throw","Tactician"],"picked":"Bane","floor":37},{"not_picked":["Reflex+1","Tools of the Trade","PiercingWail"],"picked":"Predator+1","floor":41},{"not_picked":["Dagger Spray+1","Sucker Punch","Deadly Poison"],"picked":"Leg Sweep+1","floor":44},{"not_picked":["Well Laid Plans+1","Dagger Throw+1","Dagger Spray+1"],"picked":"Bouncing Flask","floor":47},{"not_picked":["Blade Dance","Deadly Poison","Caltrops+1"],"picked":"Catalyst","floor":48}],"player_experience":121976,"relics_obtained":[{"floor":5,"key":"Paper Crane"},{"floor":6,"key":"Shovel"},{"floor":7,"key":"Pantograph"},{"floor":9,"key":"Calipers"},{"floor":13,"key":"Torii"},{"floor":21,"key":"Red Mask"},{"floor":26,"key":"Question Card"},{"floor":30,"key":"Ancient Tea Set"},{"floor":32,"key":"Ice Cream"},{"floor":42,"key":"Frozen Egg 2"},{"floor":43,"key":"Mango"},{"floor":45,"key":"Pen Nib"},{"floor":48,"key":"StoneCalendar"}],"event_choices":[{"damage_healed":0,"gold_gain":0,"player_choice":"Success","damage_taken":3,"relics_obtained":["Letter Opener"],"max_hp_gain":0,"max_hp_loss":0,"event_name":"Scrap Ooze","floor":2,"gold_loss":0},{"cards_removed":["Strike_G"],"damage_healed":0,"gold_gain":0,"player_choice":"Card Removal","damage_taken":7,"max_hp_gain":0,"max_hp_loss":0,"event_name":"Golden Wing","floor":4,"gold_loss":0},{"damage_healed":0,"gold_gain":0,"player_choice":"Became a vampire","damage_taken":0,"max_hp_gain":0,"max_hp_loss":21,"event_name":"Vampires","floor":19,"gold_loss":0,"cards_obtained":["Bite","Bite","Bite","Bite","Bite"]},{"damage_healed":0,"gold_gain":0,"player_choice":"Fought Bandits","damage_taken":0,"max_hp_gain":0,"max_hp_loss":0,"event_name":"Masked Bandits","floor":21,"gold_loss":0},{"damage_healed":0,"gold_gain":0,"player_choice":"Gave Potion","damage_taken":0,"relics_obtained":["Smiling Mask"],"max_hp_gain":0,"max_hp_loss":0,"event_name":"WeMeetAgain","floor":25,"gold_loss":0},{"damage_healed":0,"gold_gain":0,"player_choice":"Memory 1","damage_taken":0,"max_hp_gain":0,"max_hp_loss":0,"event_name":"SensoryStone","floor":36,"gold_loss":0},{"damage_healed":0,"gold_gain":0,"player_choice":"Ignored","damage_taken":0,"max_hp_gain":0,"max_hp_loss":0,"event_name":"Mysterious Sphere","floor":38,"gold_loss":0},{"damage_healed":0,"gold_gain":0,"player_choice":"Embrace Madness","damage_taken":6,"max_hp_gain":0,"max_hp_loss":0,"event_name":"Winding Halls","floor":39,"gold_loss":0,"cards_obtained":["Madness","Madness"]}],"is_beta":false,"boss_relics":[{"not_picked":["Runic Dome","White Beast Statue"],"picked":"Snecko Eye"},{"not_picked":["Black Star","Calling Bell"],"picked":"Sozu"}],"items_purged_floors":[22,46],"is_endless":false,"potions_floor_spawned":[1,12,13,16,18,20,21,30,41,44,47,48],"ascension_level":1}