{"gold_per_floor":[214,138,148,162,178,213,233,233,303,338,350,350,368,32,32,132,132,142,159,159,175,193,193,222,234,269,291,303,343,372,215,215,310,310,326,226,239,239,257,282,293,293,362,394,408,408,508,536,536,536,536,536,66,97,97],"floor_reached":55,"playtime":3050,"items_purged":["Defend_R","Defend_R","Defend_R"],"score":1120,"play_id":"62f7b64b-ab09-4efd-a72a-0860fb1d4fd3","local_time":"20190322180322","is_ascension_mode":true,"campfire_choices":[{"data":"Inflame","floor":8,"key":"SMITH"},{"data":"Heavy Blade","floor":12,"key":"SMITH"},{"data":"Pommel Strike","floor":15,"key":"SMITH"},{"data":"Iron Wave","floor":23,"key":"SMITH"},{"data":"Iron Wave","floor":25,"key":"SMITH"},{"data":"Rage","floor":28,"key":"SMITH"},{"data":"Metallicize","floor":32,"key":"SMITH"},{"floor":42,"key":"RECALL"},{"floor":49,"key":"REST"},{"floor":52,"key":"REST"}],"neow_cost":"NONE","seed_source_timestamp":583065509982546,"circlet_count":0,"master_deck":["Strike_R","Strike_R","Strike_R","Strike_R","Defend_R","Bash+1","Shockwave","Inflame+1","Twin Strike","Iron Wave+1","Rage+1","Pommel Strike+1","Spot Weakness+1","Heavy Blade+1","Shrug It Off+1","Iron Wave+1","Thunderclap","Clothesline+1","Inflame+1","Rage+1","Twin Strike+1","Pummel","Reaper","Metallicize+1","Rage+1","Thunderclap","Offering+1","Headbutt+1","Heavy Blade+1","Headbutt"],"relics":["Burning Blood","Toxic Egg 2","Darkstone Periapt","Mango","Paper Frog","Sozu","Enchiridion","MawBank","Vajra","Nunchaku","Fusion Hammer","Shuriken","Juzu Bracelet","Charon\u0027s Ashes","Whetstone","Bag of Marbles","Pen Nib","Oddly Smooth Stone"],"potions_floor_usage":[24,29,30],"damage_taken":[{"damage":7,"enemies":"Cultist","floor":1,"turns":6},{"damage":4,"enemies":"Jaw Worm","floor":3,"turns":5},{"damage":0,"enemies":"2 Louse","floor":4,"turns":6},{"damage":1,"enemies":"Exordium Wildlife","floor":5,"turns":4},{"damage":27,"enemies":"Gremlin Nob","floor":6,"turns":5},{"damage":4,"enemies":"Large Slime","floor":7,"turns":7},{"damage":16,"enemies":"Lagavulin","floor":10,"turns":6},{"damage":12,"enemies":"Red Slaver","floor":11,"turns":5},{"damage":7,"enemies":"3 Louse","floor":13,"turns":3},{"damage":38,"enemies":"The Guardian","floor":16,"turns":9},{"damage":11,"enemies":"Shell Parasite","floor":18,"turns":4},{"damage":2,"enemies":"Chosen","floor":19,"turns":4},{"damage":10,"enemies":"Snake Plant","floor":21,"turns":3},{"damage":2,"enemies":"Cultist and Chosen","floor":22,"turns":3},{"damage":23,"enemies":"Book of Stabbing","floor":24,"turns":3},{"damage":0,"enemies":"3 Cultists","floor":27,"turns":4},{"damage":0,"enemies":"Gremlin Leader","floor":29,"turns":4},{"damage":0,"enemies":"Snecko","floor":30,"turns":2},{"damage":42,"enemies":"Collector","floor":33,"turns":6},{"damage":15,"enemies":"Orb Walker","floor":35,"turns":3},{"damage":6,"enemies":"3 Shapes","floor":37,"turns":4},{"damage":2,"enemies":"Jaw Worm Horde","floor":39,"turns":3},{"damage":3,"enemies":"Reptomancer","floor":40,"turns":6},{"damage":1,"enemies":"Spire Growth","floor":41,"turns":2},{"damage":15,"enemies":"Nemesis","floor":44,"turns":3},{"damage":19,"enemies":"Maw","floor":45,"turns":5},{"damage":8,"enemies":"Mind Bloom Boss Battle","floor":47,"turns":4},{"damage":40,"enemies":"Reptomancer","floor":48,"turns":6},{"damage":42,"enemies":"Donu and Deca","floor":50,"turns":5},{"damage":26,"enemies":"Shield and Spear","floor":54,"turns":3},{"damage":75,"enemies":"The Heart","floor":55,"turns":5}],"seed_played":"3505838635293800149","potions_obtained":[{"floor":1,"key":"Explosive Potion"},{"floor":5,"key":"FearPotion"},{"floor":6,"key":"FearPotion"},{"floor":13,"key":"LiquidBronze"}],"is_trial":false,"path_per_floor":["?","?","?","?"],"character_chosen":"IRONCLAD","items_purchased":["Inflame","Paper Frog","Metallicize","Rage+1","Thunderclap","Bag of Marbles","Pen Nib","Headbutt"],"campfire_rested":2,"item_purchase_floors":[2,14,31,31,31,53,53,53],"current_hp_per_floor":[71,71,73,79,80,59,61,61,61,65,59,59,58,58,58,26,77,72,76,60,56,60,60,43,43,43,49,49,55,61,61,61,70,88,79,79,79,79,83,94,94,94,94,85,77,77,85,51,79,67,87,94,94,74,0],"gold":97,"neow_bonus":"HUNDRED_GOLD","is_prod":false,"is_daily":false,"chose_seed":false,"campfire_upgraded":7,"win_rate":0,"timestamp":1553292202,"path_taken":["M","$","M","M","M","E","M","R","T","E","M","R","M","$","R","BOSS","M","M","?","M","M","R","E","R","T","M","R","E","M","$","R","BOSS","M","$","M","?","M","E","M","R","T","E","M","?","?","E","R","BOSS","R","$","E","BOSS"],"build_version":"2019-01-23","purchased_purges":3,"victory":false,"max_hp_per_floor":[80,80,80,80,80,80,80,80,80,94,94,94,94,94,94,94,94,94,94,94,94,94,94,94,94,94,94,94,94,94,94,94,94,94,94,94,94,94,94,94,94,94,94,94,94,94,94,94,94,94,94,94,94,94,94],"card_choices":[{"not_picked":["Evolve","Twin Strike"],"picked":"Shockwave","floor":1},{"not_picked":["Thunderclap","Whirlwind"],"picked":"Twin Strike","floor":3},{"not_picked":["Anger","Dual Wield"],"picked":"Iron Wave","floor":4},{"not_picked":["Armaments","Rage","Combust"],"picked":"SKIP","floor":5},{"not_picked":["Armaments","Combust"],"picked":"Rage","floor":5},{"not_picked":["Juggernaut","Brutality","Anger"],"picked":"SKIP","floor":6},{"not_picked":["Armaments+1","Sword Boomerang"],"picked":"Pommel Strike","floor":7},{"not_picked":["Battle Trance+1","Searing Blow"],"picked":"Spot Weakness+1","floor":10},{"not_picked":["Body Slam","Rampage"],"picked":"Heavy Blade","floor":11},{"not_picked":["Searing Blow","Dual Wield+1"],"picked":"Shrug It Off+1","floor":13},{"not_picked":["Rupture","Body Slam"],"picked":"Iron Wave","floor":18},{"not_picked":["Rupture+1","Cleave"],"picked":"Thunderclap","floor":19},{"not_picked":["Immolate","Shrug It Off+1"],"picked":"Clothesline+1","floor":21},{"not_picked":["Shrug It Off+1","Flex+1"],"picked":"Inflame+1","floor":22},{"not_picked":["Carnage","Shockwave+1"],"picked":"Rage+1","floor":24},{"not_picked":["Armaments+1","Shrug It Off+1"],"picked":"Twin Strike+1","floor":27},{"not_picked":["Dual Wield+1","Battle Trance+1"],"picked":"Pummel","floor":29},{"not_picked":["Thunderclap+1","Pommel Strike"],"picked":"Reaper","floor":30},{"not_picked":["Immolate","Juggernaut"],"picked":"Offering+1","floor":33},{"not_picked":["Infernal Blade+1","Cleave+1"],"picked":"Headbutt","floor":35},{"not_picked":["Sword Boomerang","Perfected Strike+1","Shockwave+1"],"picked":"SKIP","floor":37},{"not_picked":["Anger","Clash+1","Infernal Blade+1"],"picked":"SKIP","floor":39},{"not_picked":["Brutality","Shrug It Off+1","Evolve+1"],"picked":"SKIP","floor":40},{"not_picked":["Shrug It Off+1","Headbutt+1"],"picked":"Heavy Blade+1","floor":41},{"not_picked":["True Grit+1","Clothesline+1","Bloodletting+1"],"picked":"SKIP","floor":44},{"not_picked":["Twin Strike+1","Perfected Strike+1","Iron Wave"],"picked":"SKIP","floor":45},{"not_picked":["Sentinel+1","Whirlwind","Juggernaut"],"picked":"SKIP","floor":48},{"not_picked":["Armaments+1","Sword Boomerang+1","Entrench+1"],"picked":"SKIP","floor":54}],"player_experience":891429,"relics_obtained":[{"floor":6,"key":"Toxic Egg 2"},{"floor":9,"key":"Darkstone Periapt"},{"floor":10,"key":"Mango"},{"floor":20,"key":"Enchiridion"},{"floor":24,"key":"MawBank"},{"floor":26,"key":"Vajra"},{"floor":29,"key":"Nunchaku"},{"floor":40,"key":"Shuriken"},{"floor":44,"key":"Juzu Bracelet"},{"floor":47,"key":"Charon\u0027s Ashes"},{"floor":48,"key":"Whetstone"},{"floor":54,"key":"Oddly Smooth Stone"}],"event_choices":[{"damage_healed":0,"gold_gain":0,"player_choice":"Obtained Book","damage_taken":16,"max_hp_gain":0,"max_hp_loss":0,"event_name":"Cursed Tome","floor":20,"gold_loss":0},{"cards_removed":["Strike_R"],"damage_healed":0,"gold_gain":0,"player_choice":"Purged","damage_taken":0,"max_hp_gain":0,"max_hp_loss":0,"event_name":"Purifier","floor":38,"gold_loss":0},{"damage_healed":0,"gold_gain":0,"player_choice":"Ignored","damage_taken":0,"max_hp_gain":0,"max_hp_loss":0,"event_name":"Tomb of Lord Red Mask","floor":46,"gold_loss":0},{"damage_healed":0,"gold_gain":0,"player_choice":"Fight","damage_taken":0,"max_hp_gain":0,"max_hp_loss":0,"event_name":"MindBloom","floor":47,"gold_loss":0}],"is_beta":false,"boss_relics":[{"not_picked":["Busted Crown","Ectoplasm"],"picked":"Sozu"},{"not_picked":["Lizard Tail","Velvet Choker"],"picked":"Fusion Hammer"}],"items_purged_floors":[14,36,53],"is_endless":false,"potions_floor_spawned":[1,5,6,7,13,18,27,30,33,41,44,45,47,48],"killed_by":"The Heart","ascension_level":7}