{"gold_per_floor":[109,184,31,206,206,232,232,257,284,294,323,323,339,357,357,434,434,444,444,473,486,8,8,24,43,66,85,95,95,95,195,195,195],"floor_reached":33,"playtime":827,"items_purged":[],"score":670,"play_id":"32326c7b-586b-4ccf-adfb-0adf45802b6a","local_time":"20190129120252","is_ascension_mode":true,"campfire_choices":[{"data":"Infernal Blade","floor":7,"key":"SMITH"},{"floor":15,"key":"REST"},{"floor":23,"key":"REST"},{"floor":29,"key":"REST"},{"floor":32,"key":"REST"}],"neow_cost":"NONE","seed_source_timestamp":685062596084476,"circlet_count":0,"master_deck":["AscendersBane","Strike_R","Strike_R+1","Strike_R","Strike_R+1","Strike_R","Defend_R","Defend_R","Defend_R","Defend_R","Bash","Rupture","Infernal Blade+1","Seeing Red","Doubt","Heavy Blade","Iron Wave","Inflame","Body Slam","Pain","Flex","Sword Boomerang","Juggernaut","Shame","Shame","Clumsy","Ghostly Armor","Heavy Blade","Dropkick+1","Pummel","Shrug It Off","Flex","Dual Wield","Infernal Blade","Twin Strike","Thunderclap","Carnage+1","True Grit","Sword Boomerang","Sword Boomerang"],"relics":["Burning Blood","NeowsBlessing","Pen Nib","Bronze Scales","Red Skull","Oddly Smooth Stone","WarpedTongs","Calling Bell","Dream Catcher","Mummified Hand","Du-Vu Doll","Red Mask","Strange Spoon","Vajra","Strawberry","Mango","Sundial"],"potions_floor_usage":[11,16,16,21,25,27,31],"damage_taken":[{"damage":0,"enemies":"Small Slimes","floor":1,"turns":1},{"damage":0,"enemies":"Gremlin Nob","floor":6,"turns":1},{"damage":0,"enemies":"Lagavulin","floor":8,"turns":1},{"damage":14,"enemies":"2 Louse","floor":10,"turns":3},{"damage":28,"enemies":"Gremlin Nob","floor":11,"turns":5},{"damage":0,"enemies":"Cultist","floor":13,"turns":2},{"damage":7,"enemies":"2 Fungi Beasts","floor":14,"turns":3},{"damage":44,"enemies":"Hexaghost","floor":16,"turns":7},{"damage":13,"enemies":"3 Byrds","floor":18,"turns":3},{"damage":39,"enemies":"Masked Bandits","floor":20,"turns":4},{"damage":13,"enemies":"Shell Parasite","floor":21,"turns":2},{"damage":25,"enemies":"Centurion and Healer","floor":24,"turns":3},{"damage":5,"enemies":"3 Cultists","floor":25,"turns":3},{"damage":2,"enemies":"Chosen and Byrds","floor":27,"turns":4},{"damage":20,"enemies":"Snake Plant","floor":28,"turns":3},{"damage":6,"enemies":"Colosseum Slavers","floor":31,"turns":2},{"damage":24,"enemies":"Colosseum Nobs","floor":31,"turns":3},{"damage":87,"enemies":"Champ","floor":33,"turns":7}],"seed_played":"2613426064856662247","potions_obtained":[{"floor":8,"key":"Poison Potion"},{"floor":10,"key":"Block Potion"},{"floor":11,"key":"SteroidPotion"},{"floor":14,"key":"Block Potion"},{"floor":20,"key":"Regen Potion"},{"floor":21,"key":"Energy Potion"},{"floor":25,"key":"BloodPotion"},{"floor":28,"key":"GamblersBrew"}],"is_trial":false,"path_per_floor":["M","?","$","?","?","E","R","E","T","M","E","?","M","M","R","B",null,"M","?","?","M","$","R","M","M","T","M","M","R","?","?","R","B"],"character_chosen":"IRONCLAD","items_purchased":["Infernal Blade","Seeing Red","Pummel","Shrug It Off","Strange Spoon","Vajra"],"campfire_rested":4,"item_purchase_floors":[3,3,22,22,22,22],"current_hp_per_floor":[78,67,67,67,51,57,57,63,63,55,33,33,39,38,62,24,66,59,59,26,24,24,48,29,30,37,49,35,61,61,57,87,0],"gold":195,"neow_bonus":"THREE_ENEMY_KILL","is_prod":false,"is_daily":false,"chose_seed":false,"campfire_upgraded":1,"win_rate":0,"timestamp":1548788572,"path_taken":["M","?","$","?","?","E","R","E","T","M","E","?","M","?","R","BOSS","M","?","?","M","$","R","M","M","T","M","M","R","?","?","R","BOSS"],"build_version":"2019-01-23","purchased_purges":0,"victory":false,"max_hp_per_floor":[80,80,80,80,80,80,80,80,80,80,80,80,80,80,80,80,80,80,80,80,80,80,80,80,80,87,87,87,87,87,101,101,101],"card_choices":[{"not_picked":["Flex","Uppercut"],"picked":"Rupture","floor":1},{"not_picked":["Disarm","Body Slam"],"picked":"Heavy Blade","floor":6},{"not_picked":["Berserk","Wild Strike"],"picked":"Iron Wave","floor":8},{"not_picked":["Twin Strike","Burning Pact"],"picked":"Inflame","floor":10},{"not_picked":["Dark Embrace","Iron Wave"],"picked":"Body Slam","floor":11},{"not_picked":["Havoc","Clash"],"picked":"Flex","floor":13},{"not_picked":["Iron Wave","Havoc"],"picked":"Sword Boomerang","floor":14},{"not_picked":["Barricade","Berserk"],"picked":"Juggernaut","floor":16},{"not_picked":["Entrench","Body Slam"],"picked":"Ghostly Armor","floor":18},{"not_picked":["Warcry","Clothesline"],"picked":"Heavy Blade","floor":20},{"not_picked":["Fire Breathing","Havoc"],"picked":"Dropkick+1","floor":21},{"not_picked":["Body Slam","Iron Wave"],"picked":"Flex","floor":23},{"not_picked":["Anger","Fire Breathing"],"picked":"Dual Wield","floor":24},{"not_picked":["Perfected Strike","Uppercut"],"picked":"Infernal Blade","floor":25},{"not_picked":["Power Through","Iron Wave"],"picked":"Twin Strike","floor":27},{"not_picked":["Warcry","Barricade"],"picked":"Thunderclap","floor":28},{"not_picked":["Perfected Strike","Rampage"],"picked":"Carnage+1","floor":29},{"not_picked":["Iron Wave","Second Wind"],"picked":"Sword Boomerang","floor":31},{"not_picked":["Anger","Rupture"],"picked":"Sword Boomerang","floor":32}],"player_experience":1328567,"relics_obtained":[{"floor":6,"key":"Pen Nib"},{"floor":8,"key":"Bronze Scales"},{"floor":9,"key":"Red Skull"},{"floor":11,"key":"Oddly Smooth Stone"},{"floor":17,"key":"Dream Catcher"},{"floor":17,"key":"Mummified Hand"},{"floor":17,"key":"Du-Vu Doll"},{"floor":20,"key":"Red Mask"},{"floor":26,"key":"Strawberry"},{"floor":31,"key":"Mango"},{"floor":31,"key":"Sundial"}],"event_choices":[{"damage_healed":0,"gold_gain":75,"player_choice":"Gather Gold","damage_taken":11,"max_hp_gain":0,"max_hp_loss":0,"event_name":"World of Goop","floor":2,"gold_loss":0},{"damage_healed":0,"gold_gain":175,"player_choice":"AGREE","damage_taken":0,"max_hp_gain":0,"max_hp_loss":0,"event_name":"Liars Game","floor":4,"gold_loss":0,"cards_obtained":["Doubt"]},{"damage_healed":0,"gold_gain":0,"player_choice":"Entered Light","damage_taken":16,"max_hp_gain":0,"max_hp_loss":0,"event_name":"Shining Light","floor":5,"gold_loss":0,"cards_upgraded":["Strike_R","Strike_R"]},{"damage_healed":0,"gold_gain":0,"player_choice":"Rummage","damage_taken":0,"relics_obtained":["WarpedTongs"],"max_hp_gain":0,"max_hp_loss":0,"event_name":"Accursed Blacksmith","floor":12,"gold_loss":0,"cards_obtained":["Pain"]},{"damage_healed":0,"gold_gain":0,"player_choice":"Ignored","damage_taken":0,"max_hp_gain":0,"max_hp_loss":0,"event_name":"Cursed Tome","floor":19,"gold_loss":0},{"damage_healed":0,"gold_gain":0,"player_choice":"Fought Bandits","damage_taken":0,"max_hp_gain":0,"max_hp_loss":0,"event_name":"Masked Bandits","floor":20,"gold_loss":0},{"damage_healed":0,"gold_gain":0,"player_choice":"Read","damage_taken":0,"max_hp_gain":0,"max_hp_loss":0,"event_name":"The Library","floor":30,"gold_loss":0,"cards_obtained":["True Grit"]},{"damage_healed":0,"gold_gain":0,"player_choice":"Fight","damage_taken":0,"max_hp_gain":0,"max_hp_loss":0,"event_name":"Colosseum","floor":31,"gold_loss":0},{"damage_healed":0,"gold_gain":0,"player_choice":"Fought Nobs","damage_taken":0,"max_hp_gain":0,"max_hp_loss":0,"event_name":"Colosseum","floor":31,"gold_loss":0}],"is_beta":false,"boss_relics":[{"not_picked":["Busted Crown","Astrolabe"],"picked":"Calling Bell"}],"items_purged_floors":[],"is_endless":false,"potions_floor_spawned":[8,10,11,14,20,21,25,28],"killed_by":"Champ","ascension_level":13}