{"path_per_floor":["M","M","M","?","M","E","M","R","T","R","M","M","?","M","R","B",null,"M","$","M","?"],"character_chosen":"IRONCLAD","items_purchased":["Dual Wield","Red Skull"],"gold_per_floor":[118,135,153,153,170,198,213,213,213,213,224,238,238,256,256,353,353,373,12,24,24],"floor_reached":22,"campfire_rested":2,"playtime":1738,"current_hp_per_floor":[80,80,80,80,67,51,21,21,21,45,32,33,33,35,59,15,80,57,57,38,38],"items_purged":[],"gold":24,"play_id":"7cfd550e-b1ca-4088-9091-66837640b0e6","is_prod":false,"is_daily":false,"campfire_rituals":0,"campfire_upgraded":1,"is_hardmode":false,"path_taken":["M","?","M","?","M","E","M","R","T","R","M","M","?","M","R","BOSS","M","$","M","?","M"],"build_version":"2018-01-11-PROD2","purchased_purges":0,"victory":false,"master_deck":["Strike_R","Strike_R","Strike_R","Strike_R","Strike_R","Defend_R","Defend_R","Defend_R","Defend_R","Bash","Spot Weakness","Burning Pact","Combust","Pommel Strike","Brutality","Blood for Blood","Evolve","Battle Trance","Wild Strike","Berserk","Body Slam","Dual Wield","Warcry"],"max_hp_per_floor":[80,80,80,80,80,80,80,80,80,80,80,80,80,80,80,80,80,80,80,80,80],"relics":["Burning Blood","Toxic Egg","Letter Opener","Molten Egg","Eternal Feather","Red Skull"],"campfire_meditates":0,"card_choices":[{"not_picked":["Uppercut","Reckless Charge"],"picked":"Spot Weakness"},{"not_picked":["Seeing Red","Perfected Strike"],"picked":"Burning Pact"},{"not_picked":["Perfected Strike","Body Slam"],"picked":"Combust"},{"not_picked":["Rage","Dual Wield"],"picked":"Pommel Strike"},{"not_picked":["Seeing Red","Cleave"],"picked":"Brutality"},{"not_picked":["Dual Wield","Rampage"],"picked":"Blood for Blood"},{"not_picked":["Rampage","Armaments"],"picked":"Evolve"},{"not_picked":["Flame Barrier","Brutality"],"picked":"Battle Trance"},{"not_picked":["Iron Wave","Cleave"],"picked":"Wild Strike"},{"not_picked":["Double Tap","Offering"],"picked":"Berserk"},{"not_picked":["Clothesline","Uppercut"],"picked":"Body Slam"},{"not_picked":["Infernal Blade","Iron Wave"],"picked":"Warcry"}],"player_experience":26445,"potions_floor_usage":[6,6,16,16,22],"damage_taken":[{"damage":6,"enemies":"Blue Slaver","floor":1,"turns":4},{"damage":0,"enemies":"2 Louse","floor":2,"turns":3},{"damage":6,"enemies":"Cultist","floor":3,"turns":4},{"damage":19,"enemies":"Looter","floor":5,"turns":4},{"damage":22,"enemies":"3 Sentries","floor":6,"turns":5},{"damage":36,"enemies":"Exordium Wildlife","floor":7,"turns":6},{"damage":19,"enemies":"3 Louse","floor":11,"turns":3},{"damage":5,"enemies":"2 Fungi Beasts","floor":12,"turns":3},{"damage":4,"enemies":"Large Slime","floor":14,"turns":3},{"damage":50,"enemies":"Slime Boss","floor":16,"turns":8},{"damage":29,"enemies":"Spheric Guardian","floor":18,"turns":4},{"damage":25,"enemies":"Chosen","floor":20,"turns":7},{"damage":51,"enemies":"3 Cultists","floor":22,"turns":5}],"event_choices":[{"event_name":"Living Wall","player_choice":"Grow","floor":4,"damage_taken":0},{"event_name":"Liars Game","player_choice":"disagreed","floor":13,"damage_taken":0},{"event_name":"Beggar","player_choice":"Ignored","floor":21,"damage_taken":0}],"boss_relics":[{"not_picked":["Cursed Key","Question Card"],"picked":"Eternal Feather"}],"potions_floor_spawned":[1,2,3,5,14,20],"seed_played":"9031537200750805770","killed_by":"3 Cultists","is_trial":false}