{"gold_per_floor":[114,129,144,49,64,79,94,44,44,16,46,46,61,76,76,176,176,191,191,206,221,236,236,266,266,266,266,281,13,28,43,43,143,143,158,173,188,217,0,0,30,11,11,38,65,77,89,116,128,140],"floor_reached":50,"playtime":1352,"items_purged":[],"score":852,"play_id":"9664467b-1e12-4384-87d2-9ac1451c7a00","local_time":"20180917231003","daily_mods":["Brewmaster","Uncertain Future","Hoarder"],"is_ascension_mode":false,"campfire_choices":[{"data":"Mind Blast","floor":12,"key":"SMITH"},{"data":"Mind Blast","floor":15,"key":"SMITH"},{"data":"Mind Blast","floor":23,"key":"SMITH"},{"floor":27,"key":"REST"},{"data":"Envenom","floor":32,"key":"SMITH"},{"data":"Envenom","floor":40,"key":"SMITH"},{"data":"Metamorphosis","floor":47,"key":"SMITH"},{"floor":49,"key":"REST"}],"neow_cost":"","seed_source_timestamp":0,"circlet_count":0,"master_deck":["Defend_G","Defend_G","Defend_G","Defend_G","Defend_G","Strike_G","Strike_G","Strike_G","Survivor","Neutralize","Venomology","Venomology","Venomology","Venomology","Venomology","Venomology","Venomology","Venomology","Venomology","Venomology","Venomology","Venomology","Venomology","Venomology","Venomology","Dodge and Roll","Dodge and Roll","Dodge and Roll","Dash","Dash","Dash","Backflip","Backflip","Backflip","Mind Blast+1","Mind Blast+1","Mind Blast+1","Venomology","Venomology","Venomology","Dodge and Roll","Dodge and Roll","Dodge and Roll","Deadly Poison","Deadly Poison","Deadly Poison","Envenom+1","Envenom+1","Envenom","Deflect","Deflect","Deflect","Catalyst","Catalyst","Catalyst","Envenom","Envenom","Envenom","Leg Sweep","Leg Sweep","Leg Sweep","Flechettes","Flechettes","Flechettes","Backflip","Backflip","Backflip","Deadly Poison","Deadly Poison","Deadly Poison","Necronomicurse","Necronomicurse","Necronomicurse","Escape Plan","Escape Plan","Escape Plan","HandOfGreed","HandOfGreed","HandOfGreed","Corpse Explosion","Corpse Explosion","Corpse Explosion","Deflect","Deflect","Deflect","Distraction+1","Distraction+1","Distraction+1","Deadly Poison+1","Deadly Poison+1","Deadly Poison+1","Deadly Poison","Deadly Poison","Deadly Poison","Masterful Stab","Masterful Stab","Masterful Stab","Noxious Fumes","Noxious Fumes","Noxious Fumes","Distraction+1","Distraction+1","Distraction+1","Dodge and Roll+1","Dodge and Roll+1","Dodge and Roll+1","Crippling Poison+1","Crippling Poison+1","Crippling Poison+1","Dodge and Roll+1","Dodge and Roll+1","Dodge and Roll+1","Outmaneuver","Outmaneuver","Outmaneuver","Poisoned Stab","Poisoned Stab","Poisoned Stab","Reflex+1","Reflex+1","Reflex+1","Underhanded Strike+1","Underhanded Strike+1","Underhanded Strike+1","Metamorphosis+1","Metamorphosis","Metamorphosis","Trip","Trip","Trip","Impatience","Impatience","Impatience","Acrobatics","Acrobatics","Acrobatics"],"special_seed":17792,"relics":["Ring of the Snake","White Beast Statue","Snake Skull","Shuriken","Busted Crown","Anchor","Necronomicon","The Courier","Orrery","Unceasing Top","Red Mask","Matryoshka","MawBank","Mummified Hand"],"potions_floor_usage":[1,1,1,1,1,1,1,2,2,2,2,3,3,3,5,5,6,6,6,6,6,6,7,7,11,11,16,16,16,16,16,16,16,24,24,24,33,33,33,33,33,41,41,50,50,50,50,50,50,50],"damage_taken":[{"damage":2,"enemies":"Cultist","floor":1,"turns":6},{"damage":3,"enemies":"Small Slimes","floor":2,"turns":3},{"damage":1,"enemies":"Jaw Worm","floor":3,"turns":3},{"damage":3,"enemies":"Exordium Wildlife","floor":5,"turns":4},{"damage":2,"enemies":"Large Slime","floor":6,"turns":7},{"damage":7,"enemies":"Blue Slaver","floor":7,"turns":3},{"damage":0,"enemies":"Gremlin Nob","floor":11,"turns":3},{"damage":0,"enemies":"3 Louse","floor":13,"turns":2},{"damage":0,"enemies":"Large Slime","floor":14,"turns":1},{"damage":27,"enemies":"The Guardian","floor":16,"turns":9},{"damage":0,"enemies":"Shell Parasite","floor":18,"turns":1},{"damage":0,"enemies":"3 Byrds","floor":20,"turns":2},{"damage":0,"enemies":"Snake Plant","floor":21,"turns":1},{"damage":0,"enemies":"Chosen and Byrds","floor":22,"turns":1},{"damage":8,"enemies":"Book of Stabbing","floor":24,"turns":2},{"damage":0,"enemies":"Cultist and Chosen","floor":28,"turns":1},{"damage":0,"enemies":"Centurion and Healer","floor":30,"turns":1},{"damage":0,"enemies":"3 Cultists","floor":31,"turns":1},{"damage":0,"enemies":"Collector","floor":33,"turns":3},{"damage":0,"enemies":"3 Shapes","floor":35,"turns":1},{"damage":0,"enemies":"3 Darklings","floor":36,"turns":1},{"damage":0,"enemies":"Sphere and 2 Shapes","floor":37,"turns":1},{"damage":0,"enemies":"Mysterious Sphere","floor":38,"turns":1},{"damage":0,"enemies":"Nemesis","floor":41,"turns":1},{"damage":0,"enemies":"Reptomancer","floor":44,"turns":1},{"damage":0,"enemies":"Maw","floor":45,"turns":1},{"damage":0,"enemies":"Spire Growth","floor":48,"turns":1},{"damage":76,"enemies":"Time Eater","floor":50,"turns":7}],"seed_played":"-276946993801479710","potions_obtained":[{"floor":1,"key":"Swift Potion"},{"floor":2,"key":"Swift Potion"},{"floor":3,"key":"Fire Potion"},{"floor":5,"key":"PowerPotion"},{"floor":6,"key":"SpeedPotion"},{"floor":7,"key":"SkillPotion"},{"floor":11,"key":"GamblersBrew"},{"floor":13,"key":"Fire Potion"},{"floor":14,"key":"PowerPotion"},{"floor":16,"key":"Dexterity Potion"},{"floor":20,"key":"PowerPotion"},{"floor":21,"key":"SkillPotion"},{"floor":24,"key":"SpeedPotion"},{"floor":28,"key":"LiquidBronze"},{"floor":30,"key":"AttackPotion"},{"floor":31,"key":"GhostInAJar"},{"floor":33,"key":"Strength Potion"},{"floor":35,"key":"Strength Potion"},{"floor":41,"key":"SpeedPotion"},{"floor":44,"key":"Ancient Potion"},{"floor":45,"key":"Poison Potion"},{"floor":48,"key":"SteroidPotion"}],"is_trial":false,"path_per_floor":["M","M","M","$","M","M","M","?","T","?","E","R","M","M","R","B",null,"M","?","M","M","M","R","E","?","T","R","M","$","M","M","R","B",null,"M","M","M","?","?","R","E","$","T","M","M","?","R","M","R"],"character_chosen":"THE_SILENT","items_purchased":["Mind Blast","HandOfGreed","Corpse Explosion","Poisoned Stab"],"campfire_rested":2,"item_purchase_floors":[4,29,29,42],"current_hp_per_floor":[68,65,64,64,61,70,63,63,63,63,63,63,63,63,63,36,70,70,70,70,70,70,70,62,46,46,67,67,67,67,67,67,67,70,70,70,70,70,70,70,70,70,70,70,70,60,60,60,70,0],"gold":140,"neow_bonus":"","is_prod":false,"is_daily":true,"chose_seed":false,"campfire_upgraded":6,"win_rate":0,"timestamp":1537247403,"path_taken":["M","M","?","$","M","M","M","?","T","?","E","R","M","M","R","BOSS","M","?","M","?","M","R","E","?","T","R","M","$","M","M","R","BOSS","M","M","M","?","?","R","E","$","T","M","M","?","R","M","R","BOSS"],"build_version":"2018-09-06","purchased_purges":0,"victory":false,"max_hp_per_floor":[70,70,70,70,70,70,70,70,70,70,70,70,70,70,70,70,70,70,70,70,70,70,70,70,70,70,70,70,70,70,70,70,70,70,70,70,70,70,70,70,70,70,70,70,70,70,70,70,70,70],"card_choices":[{"not_picked":["Leg Sweep","Calculated Gamble"],"picked":"Dodge and Roll","floor":1},{"not_picked":["Predator","Reflex"],"picked":"Dash","floor":2},{"not_picked":["Endless Agony","Cloak And Dagger"],"picked":"Backflip","floor":3},{"not_picked":["Choke","Outmaneuver"],"picked":"Venomology","floor":5},{"not_picked":["Acrobatics","Endless Agony"],"picked":"Dodge and Roll","floor":6},{"not_picked":["All Out Attack","Acrobatics"],"picked":"Deadly Poison","floor":7},{"not_picked":["Setup","Quick Slash"],"picked":"Envenom","floor":11},{"not_picked":["Blur","Flechettes"],"picked":"Deflect","floor":13},{"not_picked":["Backflip","Footwork"],"picked":"Catalyst","floor":14},{"not_picked":["Bullet Time","Grand Finale"],"picked":"Envenom","floor":16},{"not_picked":[],"picked":"Leg Sweep","floor":18},{"not_picked":[],"picked":"Flechettes","floor":20},{"not_picked":[],"picked":"Backflip","floor":21},{"not_picked":[],"picked":"Deadly Poison","floor":22},{"not_picked":["Acrobatics"],"picked":"SKIP","floor":24},{"not_picked":[],"picked":"Escape Plan","floor":28},{"not_picked":[],"picked":"Deflect","floor":30},{"not_picked":[],"picked":"Distraction+1","floor":31},{"not_picked":[],"picked":"Deadly Poison+1","floor":34},{"not_picked":[],"picked":"Deadly Poison","floor":34},{"not_picked":[],"picked":"Masterful Stab","floor":34},{"not_picked":[],"picked":"Noxious Fumes","floor":34},{"not_picked":[],"picked":"Distraction+1","floor":35},{"not_picked":[],"picked":"Dodge and Roll+1","floor":36},{"not_picked":[],"picked":"Crippling Poison+1","floor":37},{"not_picked":[],"picked":"Dodge and Roll+1","floor":38},{"not_picked":[],"picked":"Outmaneuver","floor":41},{"not_picked":[],"picked":"Reflex+1","floor":44},{"not_picked":[],"picked":"Underhanded Strike+1","floor":45},{"not_picked":[],"picked":"Metamorphosis","floor":46},{"not_picked":[],"picked":"Trip","floor":46},{"not_picked":[],"picked":"Impatience","floor":46},{"not_picked":[],"picked":"Acrobatics","floor":48}],"player_experience":536079,"relics_obtained":[{"floor":9,"key":"Snake Skull"},{"floor":11,"key":"Shuriken"},{"floor":24,"key":"Anchor"},{"floor":25,"key":"Necronomicon"},{"floor":26,"key":"The Courier"},{"floor":38,"key":"Unceasing Top"},{"floor":41,"key":"Matryoshka"},{"floor":43,"key":"MawBank"},{"floor":43,"key":"Mummified Hand"}],"event_choices":[{"event_name":"The Cleric","player_choice":"Card Removal","floor":8,"damage_taken":0},{"event_name":"World of Goop","player_choice":"Left","floor":10,"damage_taken":0},{"event_name":"Purifier","player_choice":"One Purge","floor":19,"damage_taken":0},{"event_name":"Cursed Tome","player_choice":"Obtained Book","floor":25,"damage_taken":0},{"event_name":"Mysterious Sphere","player_choice":"Fight","floor":38,"damage_taken":0},{"event_name":"Tomb of Lord Red Mask","player_choice":"Paid","floor":39,"damage_taken":0},{"event_name":"SensoryStone","player_choice":"Memory 3","floor":46,"damage_taken":0}],"is_beta":false,"boss_relics":[{"not_picked":["Ectoplasm","HoveringKite"],"picked":"Busted Crown"},{"not_picked":["Snecko Eye","Tiny House"],"picked":"Orrery"}],"items_purged_floors":[],"is_endless":false,"potions_floor_spawned":[1,2,3,5,6,7,11,13,14,16,18,20,21,22,24,28,30,31,33,35,36,37,38,41,44,45,48],"killed_by":"Time Eater","ascension_level":0}