{"gold_per_floor":[116,28,103,118,137,167,167,122,122,122,73,73,73,114,114,239,239,252,252,252,252,154,190,190,48,74,108,92,113,113,113,113,237,237,251,526,526,451,451,487,499,545,557,569,599,636,648,675,687,699],"floor_reached":51,"playtime":3430,"items_purged":["Regret"],"score":1224,"play_id":"97c87add-a7dd-4734-9f33-f4317783e4a1","local_time":"20181007093653","is_ascension_mode":true,"campfire_choices":[{"floor":7.0,"key":"REST"},{"data":"Blur","floor":12.0,"key":"SMITH"},{"data":"Caltrops","floor":15.0,"key":"SMITH"},{"floor":24.0,"key":"REST"},{"floor":32.0,"key":"REST"},{"floor":49,"key":"REST"}],"neow_cost":"CURSE","seed_source_timestamp":0,"circlet_count":0,"master_deck":["Defend_G","Defend_G","Defend_G","Defend_G","Defend_G","Strike_G","Strike_G","Strike_G","Strike_G","Survivor","Neutralize","PiercingWail","Caltrops+1","Blur+1","Deflect","Expertise","Leg Sweep+1","Deflect","Malaise","Venomology","Footwork+1","Ghostly","Ghostly","Ghostly","Ghostly","Ghostly","Deflect","Backflip","Acrobatics","Tools of the Trade","Backflip","Backflip","Dodge and Roll+1","Malaise","Madness","Apotheosis","Panache","Backflip+1","PiercingWail+1","Dodge and Roll+1","PiercingWail+1"],"special_seed":0,"relics":["Ring of the Snake","Calipers","Ornamental Fan","Shuriken","Golden Idol","Letter Opener","Fusion Hammer","Juzu Bracelet","Blood Vial","Boot","Lantern","Cursed Key","Ice Cream","MawBank","Strawberry","Gremlin Horn"],"potions_floor_usage":[33,33,33,33,33,42,45,46,48,50,50,50,50],"damage_taken":[{"damage":1.0,"enemies":"Small Slimes","floor":1.0,"turns":6.0},{"damage":16.0,"enemies":"Jaw Worm","floor":4.0,"turns":6.0},{"damage":2.0,"enemies":"2 Louse","floor":5.0,"turns":3.0},{"damage":6.0,"enemies":"3 Sentries","floor":6.0,"turns":9.0},{"damage":2.0,"enemies":"Looter","floor":8.0,"turns":5.0},{"damage":12.0,"enemies":"Lagavulin","floor":14.0,"turns":16.0},{"damage":33.0,"enemies":"Slime Boss","floor":16.0,"turns":18.0},{"damage":9.0,"enemies":"Spheric Guardian","floor":18.0,"turns":6.0},{"damage":0.0,"enemies":"Gremlin Leader","floor":23.0,"turns":11.0},{"damage":0.0,"enemies":"Slavers","floor":27.0,"turns":7.0},{"damage":0.0,"enemies":"2 Thieves","floor":28.0,"turns":4.0},{"damage":0.0,"enemies":"Snake Plant","floor":29.0,"turns":6.0},{"damage":0,"enemies":"Automaton","floor":33,"turns":32},{"damage":0,"enemies":"Orb Walker","floor":35,"turns":8},{"damage":0,"enemies":"Mind Bloom Boss Battle","floor":39,"turns":9},{"damage":0,"enemies":"Giant Head","floor":40,"turns":22},{"damage":0,"enemies":"2 Orb Walkers","floor":42,"turns":5},{"damage":0,"enemies":"3 Shapes","floor":45,"turns":6},{"damage":7,"enemies":"Maw","floor":46,"turns":13},{"damage":0,"enemies":"3 Darklings","floor":48,"turns":3},{"damage":0,"enemies":"Donu and Deca","floor":50,"turns":14}],"seed_played":"8634662126858015494","potions_obtained":[{"floor":4.0,"key":"Poison Potion"},{"floor":6.0,"key":"Block Potion"},{"floor":14.0,"key":"Fire Potion"},{"floor":29.0,"key":"Swift Potion"},{"floor":42,"key":"EssenceOfSteel"},{"floor":48,"key":"Swift Potion"}],"is_trial":false,"path_per_floor":["M","$","?","M","M","E","R","M","T","?","$","R","?","E","R","B",null,"M","?","?","?","$","E","R","$","T","E","M","M","?","?","R","B",null,"M","?","?","$","?","E","?","E","T","?","M","M","?","M","R","B"],"character_chosen":"THE_SILENT","items_purchased":["Caltrops","PowerPotion","Deflect","Deflect","Backflip","Tools of the Trade","GhostInAJar"],"campfire_rested":4,"item_purchase_floors":[2,2,11,22,22,25,25],"current_hp_per_floor":[69,69,58,42,40,34,55,53,53,53,53,53,53,41,41,8,65,56,65,65,32,32,32,32,32,32,32,32,32,32,32,32,32,32,32,32,22,22,24,26,26,35,35,35,37,32,32,33,33,33],"gold":711,"neow_bonus":"ONE_RARE_RELIC","is_prod":false,"is_daily":false,"chose_seed":false,"campfire_upgraded":2,"win_rate":0,"timestamp":1538919413,"path_taken":["M","$","?","M","M","E","R","M","T","?","$","R","?","E","R","BOSS","M","?","?","?","?","E","R","$","T","E","M","M","?","?","R","BOSS","M","?","?","$","?","E","?","E","T","?","M","M","?","M","R","BOSS"],"build_version":"2018-10-04","purchased_purges":1,"victory":true,"max_hp_per_floor":[70,70,70,70,70,70,70,70,70,70,70,70,65,65,65,65,65,65,65,65,32,32,32,32,32,32,32,32,32,32,32,32,32,32,32,32,32,32,32,32,32,39,39,39,39,39,33,33,33,33],"card_choices":[{"not_picked":["Quick Slash","Slice"],"picked":"PiercingWail","floor":1.0},{"not_picked":["Underhanded Strike","Grand Finale"],"picked":"Blur","floor":4.0},{"not_picked":["Concentrate","Calculated Gamble"],"picked":"Deflect","floor":5.0},{"not_picked":["Poisoned Stab","Reflex"],"picked":"Expertise","floor":6.0},{"not_picked":["PiercingWail","Dagger Throw"],"picked":"Leg Sweep","floor":8.0},{"not_picked":["Expertise","Quick Slash"],"picked":"Malaise","floor":14.0},{"not_picked":["Envenom","Grand Finale"],"picked":"Venomology","floor":16.0},{"not_picked":["Bane+1","Sucker Punch"],"picked":"Footwork","floor":18.0},{"not_picked":["Poisoned Stab","Underhanded Strike"],"picked":"Acrobatics","floor":23.0},{"not_picked":["Poisoned Stab","Flying Knee"],"picked":"Backflip","floor":27.0},{"not_picked":["Masterful Stab","Deadly Poison"],"picked":"Backflip","floor":28.0},{"not_picked":["Acrobatics+1","Deflect"],"picked":"Dodge and Roll+1","floor":29.0},{"not_picked":["Bullet Time","Doppelganger"],"picked":"Malaise","floor":33},{"not_picked":["Blade Dance+1","Slice+1","Deadly Poison+1"],"picked":"SKIP","floor":35},{"not_picked":["Swift Strike","Violence"],"picked":"Madness","floor":37},{"not_picked":["Jack Of All Trades","Flash of Steel"],"picked":"Apotheosis","floor":37},{"not_picked":["Forethought","Deep Breath"],"picked":"Panache","floor":37},{"not_picked":["Sucker Punch+1","Backstab"],"picked":"Backflip+1","floor":40},{"not_picked":["Underhanded Strike+1","Envenom"],"picked":"PiercingWail+1","floor":42},{"not_picked":["Deflect+1","Terror+1"],"picked":"Dodge and Roll+1","floor":45},{"not_picked":["Cloak And Dagger+1","Crippling Poison+1","Slice+1"],"picked":"SKIP","floor":46},{"not_picked":["Sucker Punch+1","Poisoned Stab+1"],"picked":"PiercingWail+1","floor":48}],"player_experience":310283,"relics_obtained":[{"floor":6.0,"key":"Ornamental Fan"},{"floor":9.0,"key":"Shuriken"},{"floor":14.0,"key":"Letter Opener"},{"floor":23.0,"key":"Juzu Bracelet"},{"floor":26.0,"key":"Blood Vial"},{"floor":27.0,"key":"Boot"},{"floor":39,"key":"Ice Cream"},{"floor":40,"key":"MawBank"},{"floor":42,"key":"Strawberry"},{"floor":43,"key":"Gremlin Horn"}],"event_choices":[{"event_name":"World of Goop","player_choice":"Gather Gold","floor":3.0,"damage_taken":0.0},{"event_name":"Living Wall","player_choice":"Grow","floor":10.0,"damage_taken":0.0},{"event_name":"Golden Idol","player_choice":"Lose Max HP","floor":13.0,"damage_taken":0.0},{"event_name":"Wheel of Change","player_choice":"Full Heal","floor":19.0,"damage_taken":0.0},{"event_name":"Vampires","player_choice":"Ignored","floor":20.0,"damage_taken":0.0},{"event_name":"Ghosts","player_choice":"Became a Ghost","floor":21.0,"damage_taken":0.0},{"event_name":"The Mausoleum","player_choice":"Yes","floor":30.0,"damage_taken":0.0},{"event_name":"Upgrade Shrine","player_choice":"Upgraded","floor":31.0,"damage_taken":0.0},{"event_name":"Golden Shrine","player_choice":"Desecrate","floor":36,"damage_taken":0},{"event_name":"SensoryStone","player_choice":"Memory 3","floor":37,"damage_taken":0},{"event_name":"MindBloom","player_choice":"Fight","floor":39,"damage_taken":0},{"event_name":"Falling","player_choice":"Removed Attack","floor":41,"damage_taken":0},{"event_name":"Transmorgrifier","player_choice":"Transform","floor":44,"damage_taken":0},{"event_name":"Fountain of Cleansing","player_choice":"Removed Curse","floor":47,"damage_taken":0}],"is_beta":true,"boss_relics":[{"not_picked":["HoveringKite","White Beast Statue"],"picked":"Fusion Hammer"},{"not_picked":["Pandora\u0027s Box","Lizard Tail"],"picked":"Cursed Key"}],"items_purged_floors":[38],"is_endless":false,"potions_floor_spawned":[4,6,14,27,29,39,42,48],"ascension_level":4}