{"path_per_floor":["M","M","?","$","M","E","?","M","T","?","E","M","M","M","R","B",null,"M","M","M","$","M","R","?","M","T","?","E","M","E","$","R"],"character_chosen":"IRONCLAD","items_purchased":["Mummified Hand","Peace Pipe","Evolve","Strength Potion","Clash"],"gold_per_floor":[115,134,309,47,67,100,123,138,211,211,241,255,275,293,293,397,397,416,434,452,21,38,38,38,53,99,99,124,138,167,44,44],"floor_reached":33,"campfire_rested":1,"playtime":3219,"current_hp_per_floor":[72,74,74,74,79,36,19,28,28,54,43,49,55,61,61,34,80,80,78,78,78,69,69,69,75,75,75,49,39,29,29,53],"items_purged":["Corruption"],"gold":44,"score":301,"play_id":"ab1b3247-633c-4ca3-85b2-a474c9ce2d1b","is_prod":false,"is_daily":false,"is_ascension_mode":false,"campfire_upgraded":1,"path_taken":["M","M","?","$","M","E","?","M","T","?","E","?","M","M","R","BOSS","M","M","M","$","M","R","?","M","T","?","E","M","E","$","R","BOSS"],"build_version":"2018-02-12-PROD1","purchased_purges":1,"victory":false,"master_deck":["Strike_R","Strike_R","Strike_R","Strike_R","Defend_R","Defend_R","Defend_R","Defend_R","Bash","Flex","Clash","Disarm","Dropkick","Reaper","Metallicize","Whirlwind+1","Double Tap","Infernal Blade+1","Bludgeon+1","Pommel Strike+1","Bloodletting+1","Evolve","Clash+1","Thunderclap+1","Offering","Feel No Pain","Wild Strike+1","Clash+1"],"max_hp_per_floor":[80,80,80,80,80,80,80,80,80,80,80,80,80,80,80,80,80,80,80,80,80,80,80,80,80,80,80,80,80,80,80,80],"relics":["Burning Blood","Ancient Tea Set","Mummified Hand","Du-Vu Doll","Odd Mushroom","Paper Frog","Molten Egg 2","Mark of Pain","Peace Pipe","Juzu Bracelet","Bronze Scales","Darkstone Periapt"],"card_choices":[{"not_picked":["Cleave","Rage"],"picked":"Flex"},{"not_picked":["Uppercut","Reckless Charge"],"picked":"Clash"},{"not_picked":["Havoc","Shrug It Off"],"picked":"Disarm"},{"not_picked":["Iron Wave","Hemokinesis"],"picked":"Dropkick"},{"not_picked":["Clothesline","Cleave"],"picked":"Reaper"},{"not_picked":["Iron Wave","Heavy Blade"],"picked":"Corruption"},{"not_picked":["Clothesline","Perfected Strike"],"picked":"Metallicize"},{"not_picked":["Anger","Body Slam"],"picked":"Whirlwind"},{"not_picked":["Second Wind","Perfected Strike"],"picked":"Double Tap"},{"not_picked":["Headbutt","Clash"],"picked":"Infernal Blade"},{"not_picked":["Limit Break","Feed"],"picked":"Bludgeon"},{"not_picked":["Bloodletting","Sever Soul"],"picked":"Pommel Strike"},{"not_picked":["Iron Wave","Uppercut"],"picked":"Bloodletting"},{"not_picked":["Cleave","Corruption"],"picked":"Clash"},{"not_picked":["Warcry","Havoc"],"picked":"Thunderclap"},{"not_picked":["Inflame","Anger"],"picked":"Offering"},{"not_picked":["Sword Boomerang","Dropkick"],"picked":"Feel No Pain"},{"not_picked":["Sword Boomerang","Body Slam"],"picked":"Wild Strike"}],"player_experience":129451,"potions_floor_usage":[6,8,12,16,16,20,20,28,30,30,30],"damage_taken":[{"damage":14,"enemies":"2 Louse","floor":1,"turns":3},{"damage":4,"enemies":"Small Slimes","floor":2,"turns":4},{"damage":1,"enemies":"Cultist","floor":5,"turns":3},{"damage":49,"enemies":"3 Sentries","floor":6,"turns":13},{"damage":23,"enemies":"The Mushroom Lair","floor":7,"turns":4},{"damage":2,"enemies":"Exordium Thugs","floor":8,"turns":5},{"damage":17,"enemies":"Lagavulin","floor":11,"turns":7},{"damage":0,"enemies":"Large Slime","floor":12,"turns":3},{"damage":0,"enemies":"2 Fungi Beasts","floor":13,"turns":1},{"damage":0,"enemies":"Gremlin Gang","floor":14,"turns":1},{"damage":40,"enemies":"Slime Boss","floor":16,"turns":8},{"damage":3,"enemies":"Chosen","floor":18,"turns":3},{"damage":13,"enemies":"2 Thieves","floor":19,"turns":4},{"damage":11,"enemies":"Centurion and Healer","floor":20,"turns":5},{"damage":17,"enemies":"Chosen and Byrds","floor":22,"turns":4},{"damage":4,"enemies":"Cultist and Chosen","floor":25,"turns":4},{"damage":32,"enemies":"Slavers","floor":28,"turns":4},{"damage":23,"enemies":"Centurion and Healer","floor":29,"turns":4},{"damage":32,"enemies":"Gremlin Leader","floor":30,"turns":5},{"damage":72,"enemies":"Champ","floor":33,"turns":7}],"event_choices":[{"event_name":"Liars Game","player_choice":"agreed","floor":3,"damage_taken":0},{"event_name":"Mushrooms","player_choice":"Fought Mushrooms","floor":7,"damage_taken":0},{"event_name":"Big Fish","player_choice":"Banana","floor":10,"damage_taken":0},{"event_name":"Vampires","player_choice":"Ignored","floor":24,"damage_taken":0},{"event_name":"Back to Basics","player_choice":"Elegance","floor":27,"damage_taken":0}],"boss_relics":[{"not_picked":["Orrery","Tiny House"],"picked":"Mark of Pain"}],"potions_floor_spawned":[2,6,8,11,12,14,19,22,28,29],"seed_played":"-8974153142899837946","killed_by":"Champ","ascension_level":0,"is_trial":false}