{"gold_per_floor":[113,123,123,123,138,138,169,169,169,169],"floor_reached":10,"playtime":506,"items_purged":[],"score":99,"play_id":"692a7313-7521-4dfb-86e0-262d38f0b78c","local_time":"20190325194015","is_ascension_mode":true,"campfire_choices":[{"data":"Crippling Poison","floor":6,"key":"SMITH"},{"floor":8,"key":"REST"}],"neow_cost":"NONE","seed_source_timestamp":850623583688345,"circlet_count":0,"master_deck":["AscendersBane","Defend_G","Defend_G","Defend_G","Defend_G","Defend_G","Strike_G","Strike_G","Strike_G","Strike_G","Strike_G","Survivor","Neutralize+1","Crippling Poison+1","Cloak And Dagger","Quick Slash"],"relics":["Ring of the Snake","Golden Idol","Gambling Chip","Prayer Wheel"],"potions_floor_usage":[],"damage_taken":[{"damage":0,"enemies":"Cultist","floor":1,"turns":4},{"damage":4,"enemies":"Jaw Worm","floor":2,"turns":6},{"damage":0,"enemies":"Small Slimes","floor":5,"turns":3},{"damage":41,"enemies":"Lagavulin","floor":7,"turns":10},{"damage":24,"enemies":"3 Sentries","floor":10,"turns":9}],"seed_played":"7800796395815607243","potions_obtained":[{"floor":1,"key":"Energy Potion"}],"is_trial":false,"path_per_floor":["?","?"],"character_chosen":"THE_SILENT","items_purchased":[],"campfire_rested":1,"item_purchase_floors":[],"current_hp_per_floor":[63,59,42,42,42,42,1,22,22,0],"gold":169,"neow_bonus":"UPGRADE_CARD","is_prod":false,"is_daily":false,"chose_seed":false,"campfire_upgraded":1,"win_rate":0,"timestamp":1553557215,"path_taken":["M","M","?","?","M","R","E","R","T","E"],"build_version":"2019-01-23","purchased_purges":0,"victory":false,"max_hp_per_floor":[70,70,70,70,70,70,70,70,70,70],"card_choices":[{"not_picked":["Dodge and Roll","Dagger Spray"],"picked":"Crippling Poison","floor":1},{"not_picked":["Bane","Accuracy"],"picked":"Cloak And Dagger","floor":2},{"not_picked":["Blade Dance","Deadly Poison"],"picked":"Quick Slash","floor":5},{"not_picked":["Riddle With Holes","Skewer","Calculated Gamble"],"picked":"SKIP","floor":7}],"player_experience":1015950,"relics_obtained":[{"floor":7,"key":"Gambling Chip"},{"floor":9,"key":"Prayer Wheel"}],"event_choices":[{"damage_healed":0,"gold_gain":0,"player_choice":"Take Damage","damage_taken":17,"relics_obtained":["Golden Idol"],"max_hp_gain":0,"max_hp_loss":0,"event_name":"Golden Idol","floor":3,"gold_loss":0},{"damage_healed":0,"gold_gain":0,"player_choice":"Ignored","damage_taken":0,"max_hp_gain":0,"max_hp_loss":0,"event_name":"Liars Game","floor":4,"gold_loss":0}],"is_beta":false,"boss_relics":[],"items_purged_floors":[],"is_endless":false,"potions_floor_spawned":[1],"killed_by":"3 Sentries","ascension_level":10}