{"gold_per_floor":[111,286,304,322,79,79,53,53,53,129,80,80,80,4,4,102,102,27,0,0,13,13,44,44],"floor_reached":24,"playtime":1804,"items_purged":[],"score":200,"play_id":"6a202084-d767-4ee8-835e-ee9bfa1246a9","local_time":"20181024192535","is_ascension_mode":false,"campfire_choices":[{"data":"Fission","floor":6,"key":"SMITH"},{"floor":8,"key":"REST"},{"data":"Stack","floor":12,"key":"SMITH"},{"data":"Loop","floor":15,"key":"SMITH"}],"neow_cost":"NONE","seed_source_timestamp":1214619897849698,"circlet_count":0,"master_deck":["Strike_B","Strike_B","Strike_B","Strike_B","Defend_B","Defend_B","Defend_B","Defend_B","Zap","Dualcast+1","Fission+1","Conserve Battery","Doubt","Melter","Genetic Algorithm","Capacitor","Go for the Eyes","Turbo","Stack+1","Loop+1","Echo Form","Leap+1","Streamline","Decay","White Noise"],"relics":["Cracked Core","DataDisk","Bronze Scales","Shuriken","Lizard Tail","Ornamental Fan"],"potions_floor_usage":[23,23,23],"damage_taken":[{"damage":1,"enemies":"Cultist","floor":1,"turns":3},{"damage":5,"enemies":"Jaw Worm","floor":3,"turns":5},{"damage":0,"enemies":"2 Louse","floor":4,"turns":3},{"damage":32,"enemies":"Exordium Thugs","floor":7,"turns":5},{"damage":53,"enemies":"Hexaghost","floor":16,"turns":10},{"damage":29,"enemies":"2 Thieves","floor":18,"turns":5},{"damage":19,"enemies":"Shell Parasite","floor":21,"turns":7},{"damage":62,"enemies":"Gremlin Leader","floor":23,"turns":10},{"damage":3,"enemies":"Cultist and Chosen","floor":24,"turns":3}],"seed_played":"2060105971697128606","potions_obtained":[{"floor":3,"key":"SkillPotion"},{"floor":4,"key":"Explosive Potion"},{"floor":16,"key":"Block Potion"},{"floor":23,"key":"Strength Potion"}],"is_trial":false,"path_per_floor":["M","?","M","M","$","R","M","R","T","T","$","R","?","$","R","B",null,"M","?","?","M","?","E"],"character_chosen":"DEFECT","items_purchased":["DataDisk","Capacitor","Go for the Eyes","Stack","Loop"],"campfire_rested":1,"item_purchase_floors":[5,5,5,11,14],"current_hp_per_floor":[74,74,69,69,69,69,37,59,59,59,59,59,59,59,59,6,75,46,46,46,27,27,2,0],"gold":44,"neow_bonus":"ONE_RANDOM_RARE_CARD","is_prod":false,"is_daily":false,"chose_seed":false,"campfire_upgraded":3,"win_rate":0,"timestamp":1540430735,"path_taken":["M","?","M","M","$","R","M","R","T","?","?","R","?","?","R","BOSS","M","?","?","M","?","E","M"],"build_version":"2018-10-18","purchased_purges":0,"victory":false,"max_hp_per_floor":[75,75,75,75,75,75,75,75,75,75,75,75,75,75,75,75,75,75,75,75,75,75,75,75],"card_choices":[{"not_picked":["Melter","Double Energy"],"picked":"Conserve Battery","floor":1},{"not_picked":["Coolheaded","Hologram"],"picked":"Melter","floor":3},{"not_picked":["Heatsinks","Chaos"],"picked":"Genetic Algorithm","floor":4},{"not_picked":["Aggregate","Hello World"],"picked":"Turbo","floor":7},{"not_picked":["Core Surge","Fission"],"picked":"Echo Form","floor":16},{"not_picked":["Barrage","Undo"],"picked":"Leap+1","floor":18},{"not_picked":["Steam","Turbo"],"picked":"Streamline","floor":21},{"not_picked":["Conserve Battery+1","Aggregate"],"picked":"White Noise","floor":23}],"player_experience":804702,"relics_obtained":[{"floor":9,"key":"Bronze Scales"},{"floor":10,"key":"Shuriken"},{"floor":23,"key":"Ornamental Fan"}],"event_choices":[{"damage_healed":0,"gold_gain":175,"player_choice":"AGREE","damage_taken":0,"max_hp_gain":0,"max_hp_loss":0,"event_name":"Liars Game","floor":2,"gold_loss":0,"cards_obtained":["Doubt"]},{"damage_healed":0,"gold_gain":0,"player_choice":"Grow","damage_taken":0,"max_hp_gain":0,"max_hp_loss":0,"event_name":"Living Wall","floor":13,"gold_loss":0,"cards_upgraded":["Dualcast"]},{"damage_healed":0,"gold_gain":0,"player_choice":"Paid Fearfully","damage_taken":0,"max_hp_gain":0,"max_hp_loss":0,"event_name":"Masked Bandits","floor":19,"gold_loss":27},{"damage_healed":0,"gold_gain":0,"player_choice":"Ignored","damage_taken":0,"max_hp_gain":0,"max_hp_loss":0,"event_name":"Ghosts","floor":20,"gold_loss":0},{"damage_healed":0,"gold_gain":0,"player_choice":"Smashed Altar","damage_taken":0,"max_hp_gain":0,"max_hp_loss":0,"event_name":"Forgotten Altar","floor":22,"gold_loss":0,"cards_obtained":["Decay"]}],"is_beta":false,"boss_relics":[{"not_picked":["Fusion Hammer","Empty Cage"],"picked":"Lizard Tail"}],"items_purged_floors":[],"is_endless":false,"potions_floor_spawned":[3,4,16,23],"killed_by":"Cultist and Chosen","ascension_level":0}