{"gold_per_floor":[117,192,204,304,314,314,334,334,334,289,131,176,187,203,203,203],"floor_reached":16,"playtime":2099,"items_purged":["Strike_G"],"score":92,"play_id":"fe9e4d63-ae03-4b1f-a539-b9f7152de3c6","local_time":"20190328191924","is_ascension_mode":false,"campfire_choices":[{"data":"Neutralize","floor":6,"key":"SMITH"},{"floor":8,"key":"REST"},{"floor":15,"key":"REST"}],"neow_cost":"NONE","seed_source_timestamp":1302048868201700,"circlet_count":0,"master_deck":["Defend_G","Defend_G","Defend_G","Defend_G","Defend_G","Strike_G","Strike_G","Strike_G","Survivor","Neutralize+1","Well Laid Plans","Acrobatics","Leg Sweep","Outmaneuver","Outmaneuver","Swift Strike","Backflip"],"relics":["Ring of the Snake","Sundial","Bag of Marbles"],"potions_floor_usage":[],"damage_taken":[{"damage":0,"enemies":"Small Slimes","floor":1,"turns":4},{"damage":4,"enemies":"Cultist","floor":3,"turns":5},{"damage":0,"enemies":"Jaw Worm","floor":5,"turns":6},{"damage":3,"enemies":"Lots of Slimes","floor":7,"turns":8},{"damage":0,"enemies":"Looter","floor":10,"turns":5},{"damage":6,"enemies":"Exordium Thugs","floor":13,"turns":10},{"damage":32,"enemies":"Gremlin Gang","floor":14,"turns":10},{"damage":0,"enemies":"Hexaghost","floor":16,"turns":1}],"seed_played":"929724537345089645","potions_obtained":[{"floor":1,"key":"Dexterity Potion"},{"floor":13,"key":"Ancient Potion"}],"is_trial":false,"path_per_floor":["M","?","M","?","M","R","M","R","T","M","$","T","M","M","R","B"],"character_chosen":"THE_SILENT","items_purchased":["Swift Strike"],"campfire_rested":2,"item_purchase_floors":[11],"current_hp_per_floor":[70,59,55,55,55,55,52,70,70,70,70,70,64,32,53,53],"gold":203,"neow_bonus":"REMOVE_CARD","is_prod":false,"is_daily":false,"chose_seed":false,"campfire_upgraded":1,"win_rate":0.0,"timestamp":1553815164,"path_taken":["M","?","M","?","M","R","M","R","T","?","$","?","M","M","R","BOSS"],"build_version":"2019-01-23","purchased_purges":1,"victory":false,"max_hp_per_floor":[70,70,70,70,70,70,70,70,70,70,70,70,70,70,70,70],"card_choices":[{"not_picked":["Poisoned Stab","Underhanded Strike"],"picked":"Well Laid Plans","floor":1},{"not_picked":["Crippling Poison","Leg Sweep"],"picked":"Acrobatics","floor":3},{"not_picked":["Blur","Slice"],"picked":"Leg Sweep","floor":5},{"not_picked":["Riddle With Holes","Bane"],"picked":"Outmaneuver","floor":7},{"not_picked":["Riddle With Holes","Well Laid Plans"],"picked":"Outmaneuver","floor":10},{"not_picked":["Bane","Distraction","Unload"],"picked":"SKIP","floor":13},{"not_picked":["Endless Agony","Dagger Spray"],"picked":"Backflip","floor":14}],"player_experience":14985,"relics_obtained":[{"floor":9,"key":"Sundial"},{"floor":12,"key":"Bag of Marbles"}],"event_choices":[{"damage_healed":0,"gold_gain":75,"player_choice":"Gather Gold","damage_taken":11,"max_hp_gain":0,"max_hp_loss":0,"event_name":"World of Goop","floor":2,"gold_loss":0},{"damage_healed":0,"gold_gain":100,"player_choice":"Pray","damage_taken":0,"max_hp_gain":0,"max_hp_loss":0,"event_name":"Golden Shrine","floor":4,"gold_loss":0}],"is_beta":false,"boss_relics":[],"items_purged_floors":[11],"is_endless":false,"potions_floor_spawned":[1,13],"killed_by":"Hexaghost","ascension_level":0}