{"gold_per_floor":[116,126,126,145,51,76,76,92,92,123,123,223,238,250,250,250],"floor_reached":16,"playtime":7405,"items_purged":[],"score":182,"play_id":"a3ec7c36-51dc-4d86-852e-261da123125c","local_time":"20190323192308","is_ascension_mode":true,"campfire_choices":[{"data":"Metallicize","floor":7,"key":"SMITH"},{"floor":15,"key":"REST"}],"neow_cost":"NONE","seed_source_timestamp":669899418702695,"circlet_count":0,"master_deck":["Strike_R","Strike_R","Strike_R","Strike_R","Strike_R","Defend_R","Defend_R","Defend_R","Defend_R","Bash","Pommel Strike","Metallicize+1","Metallicize","True Grit","Headbutt"],"relics":["Burning Blood","Singing Bowl","Matryoshka"],"potions_floor_usage":[16,16,16,16,16],"damage_taken":[{"damage":8,"enemies":"Cultist","floor":1,"turns":6},{"damage":9,"enemies":"2 Louse","floor":2,"turns":3},{"damage":0,"enemies":"Small Slimes","floor":4,"turns":3},{"damage":50,"enemies":"Gremlin Nob","floor":6,"turns":6},{"damage":4,"enemies":"Exordium Wildlife","floor":8,"turns":9},{"damage":26,"enemies":"Lagavulin","floor":10,"turns":7},{"damage":1,"enemies":"Blue Slaver","floor":13,"turns":5},{"damage":20,"enemies":"Gremlin Gang","floor":14,"turns":8},{"damage":47,"enemies":"Hexaghost","floor":16,"turns":15}],"seed_played":"321872693049927617","potions_obtained":[{"floor":3,"key":"EntropicBrew"},{"floor":3,"key":"Dexterity Potion"},{"floor":3,"key":"SmokeBomb"}],"is_trial":false,"path_per_floor":["?","M","?","?"],"character_chosen":"IRONCLAD","items_purchased":["Metallicize","True Grit"],"campfire_rested":1,"item_purchase_floors":[5,5],"current_hp_per_floor":[78,75,75,81,81,39,39,41,41,23,23,23,30,18,46,0],"gold":250,"neow_bonus":"TEN_PERCENT_HP_BONUS","is_prod":false,"is_daily":false,"chose_seed":false,"campfire_upgraded":1,"win_rate":0,"timestamp":1553383388,"path_taken":["M","M","?","M","$","E","R","?","T","E","?","?","M","M","R","BOSS"],"build_version":"2019-01-23","purchased_purges":0,"victory":false,"max_hp_per_floor":[88,88,88,88,88,90,90,90,90,92,92,92,94,96,96,96],"card_choices":[{"not_picked":["Cleave","Armaments"],"picked":"Pommel Strike","floor":1},{"not_picked":["Body Slam","Bloodletting"],"picked":"Metallicize","floor":2},{"not_picked":["Pummel","Flex","Bludgeon"],"picked":"SKIP","floor":4},{"not_picked":["Power Through","Armaments","Dual Wield"],"picked":"Singing Bowl","floor":6},{"not_picked":["Corruption","Power Through"],"picked":"Headbutt","floor":8},{"not_picked":["Intimidate","Wild Strike","Pummel"],"picked":"Singing Bowl","floor":10},{"not_picked":["Evolve","Clash","Anger"],"picked":"Singing Bowl","floor":13},{"not_picked":["Second Wind","Body Slam","Sever Soul"],"picked":"Singing Bowl","floor":14}],"player_experience":942408,"relics_obtained":[{"floor":6,"key":"Singing Bowl"},{"floor":10,"key":"Matryoshka"}],"event_choices":[{"damage_healed":0,"gold_gain":0,"player_choice":"Got Potions","damage_taken":0,"max_hp_gain":0,"max_hp_loss":0,"event_name":"Lab","floor":3,"gold_loss":0},{"damage_healed":0,"gold_gain":0,"player_choice":"Ignored","damage_taken":0,"max_hp_gain":0,"max_hp_loss":0,"event_name":"Liars Game","floor":11,"gold_loss":0},{"damage_healed":0,"gold_gain":100,"player_choice":"Gold","damage_taken":0,"max_hp_gain":0,"max_hp_loss":0,"event_name":"Wheel of Change","floor":12,"gold_loss":0}],"is_beta":false,"boss_relics":[],"items_purged_floors":[],"is_endless":false,"potions_floor_spawned":[4,8,10,13],"killed_by":"Hexaghost","ascension_level":8}