{"gold_per_floor":[111,111,111,111,111,111,141,153,153,170,201,219,219,246,246,347,347,361,184,196,196,214,214,224,224,224,150,0,0,13,44,44,141,141,151,251,270,270,287,287],"floor_reached":40,"playtime":1710,"items_purged":[],"score":439,"play_id":"39d95f5a-49d8-4cb0-b6fa-213d6a51cf94","local_time":"20181119172316","is_ascension_mode":false,"campfire_choices":[{"floor":6,"key":"RECALL"},{"data":"Sword Boomerang","floor":13,"key":"SMITH"},{"floor":15,"key":"REST"},{"floor":23,"key":"REST"},{"floor":25,"key":"REST"},{"data":"Barricade","floor":32,"key":"SMITH"}],"neow_cost":"NONE","seed_source_timestamp":515773260758016,"circlet_count":0,"master_deck":["Bash","Sword Boomerang+1","Metallicize","Sword Boomerang","Body Slam","Thunderclap","Uppercut","Barricade+1","Shrug It Off","Pommel Strike","Twin Strike","Metallicize","Sentinel","Shrug It Off+1","Perfected Strike","Entrench","Metallicize","Second Wind","Double Tap","Combust","Second Wind","Armaments","Dual Wield","Havoc","Power Through","Cleave","Cleave","Wild Strike","Warcry","Madness","Madness","Body Slam"],"relics":["Burning Blood","Boot","Mummified Hand","Gremlin Horn","Strawberry","Magic Flower","Lizard Tail","Paper Frog","Pantograph","Pandora\u0027s Box","Torii"],"potions_floor_usage":[11,18,30,31,31,39,39,39],"damage_taken":[{"damage":6,"enemies":"Jaw Worm","floor":1,"turns":3},{"damage":7,"enemies":"2 Louse","floor":8,"turns":2},{"damage":0,"enemies":"Small Slimes","floor":10,"turns":3},{"damage":26,"enemies":"3 Sentries","floor":11,"turns":10},{"damage":5,"enemies":"Looter","floor":12,"turns":3},{"damage":25,"enemies":"Gremlin Nob","floor":14,"turns":4},{"damage":33,"enemies":"Slime Boss","floor":16,"turns":9},{"damage":9,"enemies":"3 Byrds","floor":18,"turns":3},{"damage":27,"enemies":"Spheric Guardian","floor":20,"turns":7},{"damage":64,"enemies":"3 Cultists","floor":22,"turns":7},{"damage":25,"enemies":"Snecko","floor":24,"turns":6},{"damage":25,"enemies":"Snake Plant","floor":30,"turns":5},{"damage":50,"enemies":"Slavers","floor":31,"turns":10},{"damage":70,"enemies":"Automaton","floor":33,"turns":23},{"damage":20,"enemies":"3 Shapes","floor":35,"turns":6},{"damage":23,"enemies":"Mind Bloom Boss Battle","floor":36,"turns":12},{"damage":17,"enemies":"Orb Walker","floor":37,"turns":5},{"damage":51,"enemies":"Transient","floor":39,"turns":5},{"damage":39,"enemies":"Nemesis","floor":40,"turns":3}],"seed_played":"1480005843639065971","potions_obtained":[{"floor":1,"key":"AttackPotion"},{"floor":11,"key":"LiquidBronze"},{"floor":14,"key":"LiquidBronze"},{"floor":22,"key":"SpeedPotion"},{"floor":24,"key":"Strength Potion"},{"floor":31,"key":"Fire Potion"},{"floor":35,"key":"Energy Potion"},{"floor":37,"key":"Fire Potion"},{"floor":39,"key":"Fire Potion"}],"is_trial":false,"path_per_floor":["M","?","?","T","?","R","?","M","T","M","E","M","R","E","R","B",null,"M","$","M","?","M","R","M","R","T","$","?","?","M","E","R","B",null,"M","?","M","?","M","E"],"character_chosen":"IRONCLAD","items_purchased":["Pommel Strike","Twin Strike","Metallicize","Entrench"],"campfire_rested":3,"item_purchase_floors":[19,19,19,27],"current_hp_per_floor":[80,80,80,80,80,80,80,79,79,80,67,68,68,49,75,51,87,87,87,69,69,14,40,24,50,50,50,50,50,34,59,59,26,87,76,73,65,54,12,0],"gold":287,"neow_bonus":"RANDOM_COMMON_RELIC","is_prod":false,"is_daily":false,"chose_seed":false,"campfire_upgraded":2,"win_rate":0,"timestamp":1542673396,"path_taken":["M","?","?","?","?","R","?","M","T","M","E","?","R","E","R","BOSS","M","$","M","?","M","R","?","R","T","?","?","?","M","E","R","BOSS","M","?","M","?","M","E"],"build_version":"2018-11-15","purchased_purges":0,"victory":false,"max_hp_per_floor":[80,80,80,80,80,80,80,80,80,80,87,87,87,87,87,87,87,87,87,87,87,87,87,87,87,87,87,87,87,87,87,87,87,87,87,87,87,87,87,87],"card_choices":[{"not_picked":["True Grit","Thunderclap"],"picked":"Sword Boomerang","floor":1},{"not_picked":["Cleave","Body Slam"],"picked":"Metallicize","floor":8},{"not_picked":["Havoc","Dropkick"],"picked":"Sword Boomerang","floor":10},{"not_picked":["Bloodletting","Ghostly Armor"],"picked":"Body Slam","floor":11},{"not_picked":["Carnage","Body Slam"],"picked":"Thunderclap","floor":12},{"not_picked":["Warcry","Shockwave"],"picked":"Uppercut","floor":14},{"not_picked":["Limit Break","Juggernaut"],"picked":"Barricade","floor":16},{"not_picked":["Dual Wield+1","True Grit"],"picked":"Shrug It Off","floor":18},{"not_picked":["Cleave+1","Clothesline"],"picked":"Sentinel","floor":20},{"not_picked":["Headbutt","Iron Wave"],"picked":"Shrug It Off+1","floor":22},{"not_picked":["Battle Trance","Inflame+1"],"picked":"Perfected Strike","floor":24},{"not_picked":["Shockwave","Battle Trance"],"picked":"Metallicize","floor":30},{"not_picked":["Searing Blow","Fiend Fire"],"picked":"Second Wind","floor":31},{"not_picked":["Barricade","Exhume"],"picked":"Double Tap","floor":33},{"not_picked":["Heavy Blade","Ghostly Armor"],"picked":"Wild Strike","floor":35},{"not_picked":["Perfected Strike","Carnage"],"picked":"Warcry","floor":36},{"not_picked":["Warcry","Whirlwind","Headbutt"],"picked":"SKIP","floor":37},{"not_picked":["Iron Wave","Inflame+1"],"picked":"Body Slam","floor":39}],"player_experience":1113330,"relics_obtained":[{"floor":4,"key":"Mummified Hand"},{"floor":9,"key":"Gremlin Horn"},{"floor":11,"key":"Strawberry"},{"floor":14,"key":"Magic Flower"},{"floor":26,"key":"Paper Frog"},{"floor":31,"key":"Pantograph"},{"floor":36,"key":"Torii"}],"event_choices":[{"damage_healed":0,"gold_gain":0,"player_choice":"Ignored","damage_taken":0,"max_hp_gain":0,"max_hp_loss":0,"event_name":"Golden Wing","floor":2,"gold_loss":0},{"damage_healed":0,"gold_gain":0,"player_choice":"Leave","damage_taken":0,"max_hp_gain":0,"max_hp_loss":0,"event_name":"The Cleric","floor":3,"gold_loss":0},{"damage_healed":0,"gold_gain":0,"player_choice":"Ignored","damage_taken":0,"max_hp_gain":0,"max_hp_loss":0,"event_name":"Shining Light","floor":5,"gold_loss":0},{"damage_healed":0,"gold_gain":30,"player_choice":"Searched \u00272\u0027 times","damage_taken":0,"max_hp_gain":0,"max_hp_loss":0,"event_name":"Dead Adventurer","floor":7,"gold_loss":0},{"cards_removed":["Strike_R"],"damage_healed":0,"gold_gain":0,"player_choice":"Card Removal","damage_taken":0,"max_hp_gain":0,"max_hp_loss":0,"event_name":"Wheel of Change","floor":21,"gold_loss":0},{"damage_healed":0,"gold_gain":0,"player_choice":"Paid Fearfully","damage_taken":0,"max_hp_gain":0,"max_hp_loss":0,"event_name":"Masked Bandits","floor":28,"gold_loss":150},{"damage_healed":0,"gold_gain":0,"player_choice":"Simplicity","damage_taken":0,"max_hp_gain":0,"max_hp_loss":0,"event_name":"Back to Basics","floor":29,"gold_loss":0,"cards_upgraded":["Strike_R","Strike_R","Strike_R","Strike_R","Defend_R","Defend_R","Defend_R","Defend_R"]},{"damage_healed":0,"gold_gain":0,"player_choice":"Fight","damage_taken":0,"max_hp_gain":0,"max_hp_loss":0,"event_name":"MindBloom","floor":36,"gold_loss":0},{"damage_healed":0,"gold_gain":0,"player_choice":"Embrace Madness","damage_taken":11,"max_hp_gain":0,"max_hp_loss":0,"event_name":"Winding Halls","floor":38,"gold_loss":0,"cards_obtained":["Madness","Madness"]}],"is_beta":false,"boss_relics":[{"not_picked":["Empty Cage","Black Star"],"picked":"Lizard Tail"},{"not_picked":["Orrery","Philosopher\u0027s Stone"],"picked":"Pandora\u0027s Box"}],"items_purged_floors":[],"is_endless":false,"potions_floor_spawned":[1,11,14,22,24,31,35,37,39],"killed_by":"Nemesis","ascension_level":0}