{"gold_per_floor":[113,133,145,145,145,145,170,170,249,249,315,7,106,116,116,216,216,229,246,296,307,318,318,347,397,397,397],"floor_reached":27,"playtime":1054,"items_purged":["Strike_B"],"score":303,"play_id":"628d3d92-0bc5-4f42-a604-2469e4ca71b1","local_time":"20190322133338","is_ascension_mode":true,"campfire_choices":[{"data":"Zap","floor":6,"key":"SMITH"},{"floor":8,"key":"REST"},{"floor":10,"key":"REST"},{"data":"Scrape","floor":15,"key":"SMITH"},{"data":"Go for the Eyes","floor":23,"key":"SMITH"}],"neow_cost":"NONE","seed_source_timestamp":568879492050383,"circlet_count":0,"master_deck":["Strike_B","Strike_B","Defend_B","Defend_B","Defend_B","Defend_B","Zap+1","Dualcast","Beam Cell","Beam Cell","Rebound","Go for the Eyes+1","Genetic Algorithm","Scrape+1","FTL","Bandage Up","FTL","All For One","Beam Cell","Steam","Echo Form"],"relics":["Cracked Core","Potion Belt","SsserpentHead","Du-Vu Doll","Tiny Chest","Bronze Scales","Orichalcum","Nuclear Battery","MutagenicStrength","Regal Pillow","Matryoshka","Kunai","StoneCalendar"],"potions_floor_usage":[24,27,27],"damage_taken":[{"damage":3,"enemies":"2 Louse","floor":1,"turns":2},{"damage":0,"enemies":"Cultist","floor":2,"turns":2},{"damage":7,"enemies":"Jaw Worm","floor":3,"turns":2},{"damage":37,"enemies":"3 Sentries","floor":7,"turns":7},{"damage":6,"enemies":"2 Fungi Beasts","floor":11,"turns":3},{"damage":10,"enemies":"Exordium Wildlife","floor":14,"turns":2},{"damage":13,"enemies":"Hexaghost","floor":16,"turns":6},{"damage":4,"enemies":"Shell Parasite","floor":18,"turns":2},{"damage":1,"enemies":"3 Byrds","floor":19,"turns":2},{"damage":8,"enemies":"Shelled Parasite and Fungi","floor":21,"turns":3},{"damage":21,"enemies":"Centurion and Healer","floor":22,"turns":5},{"damage":40,"enemies":"Slavers","floor":24,"turns":5},{"damage":20,"enemies":"Gremlin Leader","floor":27,"turns":2}],"seed_played":"332376801033501923","potions_obtained":[{"floor":2,"key":"LiquidBronze"},{"floor":11,"key":"GamblersBrew"},{"floor":19,"key":"AttackPotion"},{"floor":22,"key":"SkillPotion"},{"floor":24,"key":"Energy Potion"}],"is_trial":false,"path_per_floor":["?","?","M","$","T","?","T"],"character_chosen":"DEFECT","items_purchased":["FTL","Bandage Up","Bronze Scales"],"campfire_rested":2,"item_purchase_floors":[12,12,12],"current_hp_per_floor":[65,65,58,46,46,46,9,31,31,53,47,47,47,41,41,32,64,64,67,67,63,46,46,10,10,10,0],"gold":397,"neow_bonus":"TRANSFORM_CARD","is_prod":false,"is_daily":false,"chose_seed":false,"campfire_upgraded":3,"win_rate":0,"timestamp":1553276018,"path_taken":["M","M","M","?","?","R","E","R","T","R","?","?","?","M","R","BOSS","M","M","?","M","M","R","E","?","T","E"],"build_version":"2019-01-23","purchased_purges":1,"victory":false,"max_hp_per_floor":[75,75,75,75,75,75,75,75,75,75,75,75,75,75,75,75,75,75,75,75,75,75,75,75,75,75,75],"card_choices":[{"not_picked":["Streamline","Turbo"],"picked":"Beam Cell","floor":1},{"not_picked":["Steam Power","Blizzard"],"picked":"Rebound","floor":2},{"not_picked":["Cold Snap","Recycle"],"picked":"Go for the Eyes","floor":3},{"not_picked":["Steam","Barrage"],"picked":"Genetic Algorithm","floor":7},{"not_picked":["Ball Lightning","Reboot"],"picked":"Scrape","floor":11},{"not_picked":["Darkness","Redo"],"picked":"FTL","floor":14},{"not_picked":["Reboot","Creative AI"],"picked":"All For One","floor":16},{"not_picked":["Conserve Battery","Compile Driver"],"picked":"Beam Cell","floor":18},{"not_picked":["Rebound","Conserve Battery"],"picked":"Steam","floor":19},{"not_picked":["Double Energy","Coolheaded"],"picked":"Echo Form","floor":21},{"not_picked":["Glacier","Compile Driver","Sweeping Beam+1"],"picked":"SKIP","floor":22},{"not_picked":["Sweeping Beam+1","Compile Driver","Thunder Strike"],"picked":"SKIP","floor":24}],"player_experience":877439,"relics_obtained":[{"floor":7,"key":"Du-Vu Doll"},{"floor":9,"key":"Tiny Chest"},{"floor":13,"key":"Orichalcum"},{"floor":24,"key":"Regal Pillow"},{"floor":25,"key":"Matryoshka"},{"floor":26,"key":"Kunai"},{"floor":26,"key":"StoneCalendar"}],"event_choices":[{"damage_healed":0,"gold_gain":0,"player_choice":"Success","damage_taken":12,"relics_obtained":["Potion Belt"],"max_hp_gain":0,"max_hp_loss":0,"event_name":"Scrap Ooze","floor":4,"gold_loss":0},{"damage_healed":0,"gold_gain":0,"player_choice":"Trade","damage_taken":0,"relics_obtained":["SsserpentHead"],"max_hp_gain":0,"max_hp_loss":0,"event_name":"FaceTrader","floor":5,"gold_loss":0},{"damage_healed":0,"gold_gain":0,"player_choice":"Inject Mutagens","damage_taken":0,"relics_obtained":["MutagenicStrength"],"max_hp_gain":0,"max_hp_loss":0,"event_name":"Drug Dealer","floor":20,"gold_loss":0}],"is_beta":false,"boss_relics":[{"not_picked":["Tiny House","Ectoplasm"],"picked":"Nuclear Battery"}],"items_purged_floors":[12],"is_endless":false,"potions_floor_spawned":[2,11,19,22,24],"killed_by":"Gremlin Leader","ascension_level":6}