{"gold_per_floor":[110,185,203,220,231,259,280,295,295,295,295,305,305,332,332,436,436,455,455,188,204,204,238,257,274,274,274,288,303,228,260,260,359,359],"floor_reached":34,"playtime":1992,"items_purged":["Twin Strike"],"score":429,"play_id":"eea74e95-e59b-4fa9-ab9d-ffc08e8b95de","local_time":"20190316164132","is_ascension_mode":false,"campfire_choices":[{"data":"Juggernaut","floor":11,"key":"SMITH"},{"data":"Cleave","floor":13,"key":"SMITH"},{"data":"Rage","floor":15,"key":"SMITH"},{"data":"Barricade","floor":27,"key":"SMITH"},{"data":"True Grit","floor":32,"key":"SMITH"}],"neow_cost":"NONE","seed_source_timestamp":60815899383612,"circlet_count":0,"master_deck":["Defend_R","Defend_R","Defend_R","Defend_R","Bash","Shrug It Off","Cleave+1","Anger","Juggernaut+1","Anger","Rage+1","Clash+1","Bite","Bite","Bite","Bite","True Grit+1","Barricade+1","Rage","Shrug It Off+1","Ghostly Armor","Armaments","Feed"],"relics":["Burning Blood","Anchor","Meat on the Bone","Odd Mushroom","Sundial","Pear","Eternal Feather","Medical Kit","Regal Pillow","Bottled Flame","Bottled Lightning","Coffee Dripper"],"potions_floor_usage":[16,16,16,16,16,23,31,31,33,33],"damage_taken":[{"damage":1,"enemies":"2 Louse","floor":1,"turns":3},{"damage":0,"enemies":"Small Slimes","floor":3,"turns":3},{"damage":6,"enemies":"Cultist","floor":4,"turns":3},{"damage":13,"enemies":"2 Fungi Beasts","floor":5,"turns":3},{"damage":46,"enemies":"Lagavulin","floor":6,"turns":6},{"damage":13,"enemies":"The Mushroom Lair","floor":7,"turns":5},{"damage":8,"enemies":"Large Slime","floor":8,"turns":5},{"damage":1,"enemies":"Lots of Slimes","floor":12,"turns":3},{"damage":18,"enemies":"3 Sentries","floor":14,"turns":6},{"damage":56,"enemies":"The Guardian","floor":16,"turns":8},{"damage":12,"enemies":"3 Byrds","floor":18,"turns":5},{"damage":5,"enemies":"Spheric Guardian","floor":21,"turns":4},{"damage":77,"enemies":"Gremlin Leader","floor":23,"turns":9},{"damage":14,"enemies":"3 Cultists","floor":24,"turns":5},{"damage":17,"enemies":"Chosen and Byrds","floor":25,"turns":6},{"damage":24,"enemies":"Snecko","floor":28,"turns":7},{"damage":10,"enemies":"Shelled Parasite and Fungi","floor":29,"turns":5},{"damage":43,"enemies":"Slavers","floor":31,"turns":6},{"damage":73,"enemies":"Champ","floor":33,"turns":15}],"seed_played":"6705716010737656527","potions_obtained":[{"floor":5,"key":"AttackPotion"},{"floor":7,"key":"AttackPotion"},{"floor":14,"key":"EntropicBrew"},{"floor":16,"key":"FearPotion"},{"floor":22,"key":"Block Potion"},{"floor":22,"key":"FairyPotion"},{"floor":24,"key":"Energy Potion"},{"floor":25,"key":"Block Potion"},{"floor":31,"key":"FearPotion"},{"floor":33,"key":"FearPotion"}],"is_trial":false,"path_per_floor":["?","?","?","?","?","M","?"],"character_chosen":"IRONCLAD","items_purchased":["Medical Kit"],"campfire_rested":0,"item_purchase_floors":[20],"current_hp_per_floor":[80,69,75,75,68,28,33,43,43,43,43,48,48,58,58,20,90,84,63,63,63,63,26,38,49,49,61,50,58,58,42,54,24,63],"gold":359,"neow_bonus":"RANDOM_COMMON_RELIC","is_prod":false,"is_daily":false,"chose_seed":false,"campfire_upgraded":5,"win_rate":0,"timestamp":1552768892,"path_taken":["M","?","M","M","M","E","?","M","T","?","R","M","R","E","R","BOSS","M","?","$","M","?","E","?","M","T","R","M","M","?","E","R","BOSS"],"build_version":"2019-01-23","purchased_purges":1,"victory":false,"max_hp_per_floor":[80,80,80,80,80,80,80,80,80,80,80,80,80,90,90,90,90,90,63,63,63,63,63,63,63,63,63,63,63,63,63,63,63,63],"card_choices":[{"not_picked":["True Grit","Wild Strike"],"picked":"Shrug It Off","floor":1},{"not_picked":["Havoc","Clash"],"picked":"Cleave","floor":3},{"not_picked":["Clothesline","Feel No Pain"],"picked":"Twin Strike","floor":4},{"not_picked":["Cleave","Body Slam"],"picked":"Anger","floor":5},{"not_picked":["Metallicize","Shrug It Off"],"picked":"Juggernaut","floor":6},{"not_picked":["Wild Strike","Warcry"],"picked":"Anger","floor":8},{"not_picked":["Second Wind","Disarm","Heavy Blade"],"picked":"SKIP","floor":12},{"not_picked":["Havoc","Sword Boomerang"],"picked":"Rage","floor":14},{"not_picked":["Spot Weakness","Headbutt"],"picked":"Clash+1","floor":18},{"not_picked":["Burning Pact","Flex"],"picked":"True Grit","floor":21},{"not_picked":["Sentinel","Burning Pact"],"picked":"Barricade","floor":23},{"not_picked":["Wild Strike","Rampage"],"picked":"Rage","floor":24},{"not_picked":["Armaments","Thunderclap"],"picked":"Shrug It Off+1","floor":25},{"not_picked":["Headbutt","Bludgeon"],"picked":"Ghostly Armor","floor":28},{"not_picked":["Thunderclap","Hemokinesis+1"],"picked":"Armaments","floor":29},{"not_picked":["Body Slam","Bloodletting+1"],"picked":"Feed","floor":31}],"player_experience":691046,"relics_obtained":[{"floor":6,"key":"Meat on the Bone"},{"floor":7,"key":"Odd Mushroom"},{"floor":9,"key":"Sundial"},{"floor":14,"key":"Pear"},{"floor":23,"key":"Regal Pillow"},{"floor":26,"key":"Bottled Flame"},{"floor":31,"key":"Bottled Lightning"}],"event_choices":[{"damage_healed":0,"gold_gain":75,"player_choice":"Gather Gold","damage_taken":11,"max_hp_gain":0,"max_hp_loss":0,"event_name":"World of Goop","floor":2,"gold_loss":0},{"damage_healed":0,"gold_gain":0,"player_choice":"Fought Mushrooms","damage_taken":0,"max_hp_gain":0,"max_hp_loss":0,"event_name":"Mushrooms","floor":7,"gold_loss":0},{"cards_removed":["Strike_R"],"damage_healed":0,"gold_gain":0,"player_choice":"Forget","damage_taken":0,"max_hp_gain":0,"max_hp_loss":0,"event_name":"Living Wall","floor":10,"gold_loss":0},{"damage_healed":0,"gold_gain":0,"player_choice":"Became a vampire","damage_taken":0,"max_hp_gain":0,"max_hp_loss":27,"event_name":"Vampires","floor":19,"gold_loss":0,"cards_obtained":["Bite","Bite","Bite","Bite","Bite"]},{"damage_healed":0,"gold_gain":0,"player_choice":"Got Potions","damage_taken":0,"max_hp_gain":0,"max_hp_loss":0,"event_name":"Lab","floor":22,"gold_loss":0},{"cards_removed":["Bite"],"damage_healed":0,"gold_gain":0,"player_choice":"Gave Gold","damage_taken":0,"max_hp_gain":0,"max_hp_loss":0,"event_name":"Beggar","floor":30,"gold_loss":75}],"is_beta":false,"boss_relics":[{"not_picked":["Snecko Eye","Mark of Pain"],"picked":"Eternal Feather"},{"not_picked":["Astrolabe","Pandora\u0027s Box"],"picked":"Coffee Dripper"}],"items_purged_floors":[20],"is_endless":false,"potions_floor_spawned":[5,7,14,16,24,25,31,33],"ascension_level":0}