{"gold_per_floor":[114,60,60,60,75,110,110,77,77,89,105,105,105,122,122,220,220,240,165,165,178,193,193],"floor_reached":23,"playtime":965,"items_purged":[],"score":316,"play_id":"69e1a016-ff44-435a-b364-fd6101eae784","local_time":"20181030113624","daily_mods":["Specialized","ControlledChaos","Night Terrors"],"is_ascension_mode":false,"campfire_choices":[{"data":"Corruption","floor":13,"key":"SMITH"},{"data":"Havoc","floor":15,"key":"SMITH"}],"neow_cost":"","seed_source_timestamp":0,"circlet_count":0,"master_deck":["Strike_R","Strike_R","Strike_R+1","Strike_R","Defend_R","Defend_R","Defend_R","Defend_R","Bash","Flex","Flex","Flex","Flex","Flex+1","Iron Wave","Pommel Strike","Evolve","Havoc+1","Power Through","Corruption+1","Clothesline+1","Entrench","Carnage+1","Double Tap","Injury","Regret","Shrug It Off","Pommel Strike+1","Shrug It Off"],"relics":["Burning Blood","Frozen Eye","CultistMask","Bottled Flame","Molten Egg 2","Calling Bell","Potion Belt","Meat on the Bone","Ginger"],"potions_floor_usage":[6,18,21,23,23],"damage_taken":[{"damage":7,"enemies":"Small Slimes","floor":1,"turns":3},{"damage":11,"enemies":"Cultist","floor":5,"turns":5},{"damage":36,"enemies":"Gremlin Nob","floor":6,"turns":6},{"damage":6,"enemies":"Jaw Worm","floor":10,"turns":2},{"damage":5,"enemies":"2 Fungi Beasts","floor":11,"turns":4},{"damage":9,"enemies":"Exordium Thugs","floor":14,"turns":4},{"damage":28,"enemies":"Slime Boss","floor":16,"turns":7},{"damage":26,"enemies":"3 Byrds","floor":18,"turns":6},{"damage":33,"enemies":"Shell Parasite","floor":21,"turns":8},{"damage":24,"enemies":"Snake Plant","floor":22,"turns":5},{"damage":41,"enemies":"Slavers","floor":23,"turns":3}],"seed_played":"4585766492047460006","potions_obtained":[{"floor":5,"key":"PowerPotion"},{"floor":6,"key":"Explosive Potion"},{"floor":11,"key":"SpeedPotion"},{"floor":18,"key":"Ancient Potion"},{"floor":21,"key":"GamblersBrew"}],"is_trial":true,"path_per_floor":["M","$","?","?","M","E","?","$","T","M","M","?","R","M","R","B",null,"M","?","?","M","M"],"character_chosen":"IRONCLAD","items_purchased":["Pommel Strike","Corruption"],"campfire_rested":0,"item_purchase_floors":[2,8],"current_hp_per_floor":[79,79,79,79,74,44,28,28,28,28,29,80,80,77,77,55,80,60,60,60,45,39,0],"gold":193,"neow_bonus":"","is_prod":false,"is_daily":false,"chose_seed":false,"campfire_upgraded":2,"win_rate":0,"timestamp":1540920984,"path_taken":["M","$","?","?","M","E","?","?","T","M","?","?","R","M","R","BOSS","M","?","?","M","?","E"],"build_version":"2018-10-25v2","purchased_purges":0,"victory":false,"max_hp_per_floor":[80,80,80,80,80,80,80,80,80,80,80,80,80,80,80,80,80,80,80,80,80,80,80],"card_choices":[{"not_picked":["Clash","True Grit"],"picked":"Iron Wave","floor":1},{"not_picked":["Warcry","Cleave"],"picked":"Havoc","floor":5},{"not_picked":["Hemokinesis","Warcry"],"picked":"Power Through","floor":6},{"not_picked":["Heavy Blade+1","Thunderclap+1"],"picked":"Clothesline+1","floor":10},{"not_picked":["Heavy Blade+1","Cleave+1"],"picked":"Entrench","floor":11},{"not_picked":["Body Slam+1","Headbutt+1"],"picked":"Carnage+1","floor":14},{"not_picked":["Feed+1","Limit Break"],"picked":"Double Tap","floor":16},{"not_picked":["Iron Wave+1","Thunderclap+1"],"picked":"Shrug It Off","floor":18},{"not_picked":["Heavy Blade+1","Armaments"],"picked":"Pommel Strike+1","floor":21},{"not_picked":["Fire Breathing","True Grit"],"picked":"Shrug It Off","floor":22}],"player_experience":973812,"relics_obtained":[{"floor":6,"key":"Bottled Flame"},{"floor":9,"key":"Molten Egg 2"},{"floor":17,"key":"Potion Belt"},{"floor":17,"key":"Meat on the Bone"},{"floor":17,"key":"Ginger"}],"event_choices":[{"damage_healed":0,"gold_gain":0,"player_choice":"Trade","damage_taken":0,"relics_obtained":["CultistMask"],"max_hp_gain":0,"max_hp_loss":0,"event_name":"FaceTrader","floor":3,"gold_loss":0},{"damage_healed":0,"gold_gain":0,"cards_transformed":["Strike_R"],"player_choice":"Transformed","damage_taken":0,"max_hp_gain":0,"max_hp_loss":0,"event_name":"Transmorgrifier","floor":4,"gold_loss":0,"cards_obtained":["Evolve"]},{"damage_healed":0,"gold_gain":0,"player_choice":"Entered Light","damage_taken":16,"max_hp_gain":0,"max_hp_loss":0,"event_name":"Shining Light","floor":7,"gold_loss":0,"cards_upgraded":["Flex","Strike_R"]},{"damage_healed":51,"gold_gain":0,"player_choice":"Full Heal","damage_taken":0,"max_hp_gain":0,"max_hp_loss":0,"event_name":"Wheel of Change","floor":12,"gold_loss":0},{"cards_removed":["Pain"],"damage_healed":0,"gold_gain":0,"player_choice":"Gave Gold","damage_taken":0,"max_hp_gain":0,"max_hp_loss":0,"event_name":"Beggar","floor":19,"gold_loss":75},{"damage_healed":0,"gold_gain":0,"player_choice":"Ignored","damage_taken":0,"max_hp_gain":0,"max_hp_loss":0,"event_name":"Ghosts","floor":20,"gold_loss":0}],"is_beta":false,"boss_relics":[{"not_picked":["Cursed Key","Empty Cage"],"picked":"Calling Bell"}],"items_purged_floors":[],"is_endless":true,"potions_floor_spawned":[5,6,11,18,21],"killed_by":"Slavers","ascension_level":0}