{"gold_per_floor":[116,130,146,221,221,221,231,231,305,305,320,330,132,151,151,251,251,270,134,134,114,130,130,141,152,152,152,152,152,152],"floor_reached":30,"playtime":1035,"items_purged":[],"score":249,"play_id":"3f01cde1-20ee-40b2-a685-5ccd0eb52f08","local_time":"20190403181826","is_ascension_mode":false,"campfire_choices":[{"data":"Hologram","floor":6.0,"key":"SMITH"},{"data":"Cold Snap","floor":8.0,"key":"SMITH"},{"data":"FTL","floor":10.0,"key":"SMITH"},{"data":"White Noise","floor":15.0,"key":"SMITH"},{"floor":23,"key":"REST"},{"floor":29,"key":"REST"}],"neow_cost":"NONE","seed_source_timestamp":1245899986861976,"circlet_count":0,"master_deck":["Defend_B","Defend_B","Defend_B","Defend_B","Zap+1","Dualcast","Conserve Battery","Hologram+1","FTL+1","Barrage","Cold Snap+1","Hologram","Creative AI","Defragment","Darkness","Good Instincts","White Noise+1","All For One","Coolheaded","Fission","Ball Lightning","Loop","Self Repair+1","Bite","Bite","Bite","Bite","Bite"],"special_seed":0,"relics":["Cracked Core"],"potions_floor_usage":[18,18,25,25,30],"damage_taken":[{"damage":1.0,"enemies":"2 Louse","floor":1.0,"turns":2.0},{"damage":3.0,"enemies":"Jaw Worm","floor":2.0,"turns":4.0},{"damage":1.0,"enemies":"Cultist","floor":3.0,"turns":3.0},{"damage":2.0,"enemies":"Blue Slaver","floor":7.0,"turns":3.0},{"damage":8.0,"enemies":"Lots of Slimes","floor":11.0,"turns":4.0},{"damage":1.0,"enemies":"3 Louse","floor":12.0,"turns":3.0},{"damage":9.0,"enemies":"Blue Slaver","floor":14.0,"turns":4.0},{"damage":10.0,"enemies":"Hexaghost","floor":16.0,"turns":9.0},{"damage":30,"enemies":"3 Byrds","floor":18,"turns":6},{"damage":5,"enemies":"2 Thieves","floor":21,"turns":4},{"damage":24,"enemies":"Chosen and Byrds","floor":22,"turns":8},{"damage":26,"enemies":"Cultist and Chosen","floor":24,"turns":9},{"damage":9,"enemies":"Snecko","floor":25,"turns":5},{"damage":27,"enemies":"Centurion and Healer","floor":30,"turns":2}],"seed_played":"-8521254525459934779","potions_obtained":[{"floor":1.0,"key":"Weak Potion"},{"floor":2.0,"key":"EntropicBrew"},{"floor":12.0,"key":"Ancient Potion"},{"floor":14.0,"key":"Ancient Potion"},{"floor":20,"key":"Strength Potion"},{"floor":20,"key":"GamblersBrew"},{"floor":21,"key":"Energy Potion"}],"is_trial":false,"path_per_floor":["M","M","M","?","?","R","M","R","T","R","M","M","$","M","R","B",null,"M","$","?","M","M","R","M","M","T","?","?","R","M"],"character_chosen":"DEFECT","items_purchased":["Defragment","Darkness","Good Instincts","Fission"],"campfire_rested":2,"item_purchase_floors":[13,13,13,19],"current_hp_per_floor":[74,71,70,59,59,59,57,57,57,57,49,48,48,39,39,29,75,45,45,45,40,16,38,12,3,3,3,3,18,0],"gold":152,"neow_bonus":"THREE_CARDS","is_prod":false,"is_daily":false,"chose_seed":false,"campfire_upgraded":4,"win_rate":0,"timestamp":1554337106,"path_taken":["M","M","M","?","?","R","?","R","T","R","M","M","$","M","R","BOSS","M","$","?","?","M","R","M","M","T","?","?","R","M"],"build_version":"2019-01-23","purchased_purges":0,"victory":false,"max_hp_per_floor":[75,75,75,75,75,75,75,75,75,75,75,75,75,75,75,75,75,75,75,75,75,75,75,75,75,75,52,52,52,52],"card_choices":[{"not_picked":["Double Energy","Heatsinks"],"picked":"Conserve Battery","floor":0.0},{"not_picked":["Chaos","Redo"],"picked":"Hologram","floor":1.0},{"not_picked":["Steam","Aggregate"],"picked":"FTL","floor":2.0},{"not_picked":["Streamline","Chaos"],"picked":"Barrage","floor":3.0},{"not_picked":["Melter","Compile Driver"],"picked":"Cold Snap","floor":7.0},{"not_picked":["Sweeping Beam","Barrage"],"picked":"Hologram","floor":11.0},{"not_picked":["Genetic Algorithm","Gash"],"picked":"Creative AI","floor":12.0},{"not_picked":["Turbo","Double Energy"],"picked":"White Noise","floor":14.0},{"not_picked":["Buffer","Creative AI"],"picked":"All For One","floor":16.0},{"not_picked":["Rebound","Leap"],"picked":"Coolheaded","floor":18},{"not_picked":["Barrage","Cold Snap"],"picked":"Ball Lightning","floor":21},{"not_picked":["Double Energy","Steam","Compile Driver"],"picked":"SKIP","floor":22},{"not_picked":["Gash","Stack"],"picked":"Loop","floor":24},{"not_picked":["Hologram+1","Undo"],"picked":"Self Repair","floor":25}],"player_experience":1745139,"relics_obtained":[],"event_choices":[{"damage_healed":0.0,"max_hp_gain":0.0,"max_hp_loss":0.0,"gold_gain":75.0,"event_name":"World of Goop","player_choice":"Gather Gold","floor":4.0,"gold_loss":0.0,"damage_taken":11.0},{"damage_healed":0.0,"max_hp_gain":0.0,"max_hp_loss":0.0,"gold_gain":0.0,"event_name":"Upgrade Shrine","player_choice":"Upgraded","floor":5.0,"gold_loss":0.0,"damage_taken":0.0,"cards_upgraded":["Zap"]},{"damage_healed":0,"gold_gain":0,"player_choice":"Got Potions","damage_taken":0,"max_hp_gain":0,"max_hp_loss":0,"event_name":"Lab","floor":20,"gold_loss":0},{"damage_healed":0,"gold_gain":0,"player_choice":"Became a vampire","damage_taken":0,"max_hp_gain":0,"max_hp_loss":23,"event_name":"Vampires","floor":27,"gold_loss":0,"cards_obtained":["Bite","Bite","Bite","Bite","Bite"]},{"damage_healed":0,"gold_gain":0,"player_choice":"Forge","damage_taken":0,"max_hp_gain":0,"max_hp_loss":0,"event_name":"Accursed Blacksmith","floor":28,"gold_loss":0,"cards_upgraded":["Self Repair"]}],"is_beta":false,"boss_relics":[{"not_picked":["Lizard Tail","Eternal Feather","Tiny House"]}],"items_purged_floors":[],"is_endless":false,"potions_floor_spawned":[1,2,12,14,21],"killed_by":"Centurion and Healer","ascension_level":0}