{"gold_per_floor":[117,292,306,306,319,319,348,348,348,348,348,370,370,370,370,447,497,515,515,515,535,549,549,575,575,600,600,600,620,620,620,620,620],"floor_reached":33,"playtime":868,"items_purged":[],"score":452,"play_id":"4f339bb8-b312-4f18-a028-91eec33d4ddc","local_time":"20190129114855","is_ascension_mode":true,"campfire_choices":[{"data":"Bash","floor":6,"key":"SMITH"},{"floor":8,"key":"REST"},{"data":"Twin Strike","floor":11,"key":"SMITH"},{"floor":15,"key":"REST"},{"floor":23,"key":"REST"},{"floor":25,"key":"REST"},{"data":"Body Slam","floor":27,"key":"SMITH"},{"floor":30,"key":"REST"},{"data":"Bite","floor":32,"key":"SMITH"}],"neow_cost":"NONE","seed_source_timestamp":684182605628783,"circlet_count":0,"master_deck":["AscendersBane","Defend_R","Defend_R","Defend_R","Defend_R","Bash+1","Twin Strike+1","Flex","Cleave","Dropkick","Pommel Strike","Offering+1","Iron Wave","Body Slam+1","Double Tap","Pommel Strike","Twin Strike","Bludgeon","Flex+1","Bite+1","Bite","Bite","Bite","Bite"],"relics":["Burning Blood","Red Skull","WarpedTongs","Letter Opener","WingedGreaves","Matryoshka","Odd Mushroom","Tiny House","Art of War","Shuriken","Bag of Preparation"],"potions_floor_usage":[3,12,16,22,24,24],"damage_taken":[{"damage":11,"enemies":"Cultist","floor":1,"turns":4},{"damage":10,"enemies":"2 Louse","floor":3,"turns":3},{"damage":7,"enemies":"Small Slimes","floor":5,"turns":4},{"damage":32,"enemies":"Lagavulin","floor":7,"turns":5},{"damage":23,"enemies":"The Mushroom Lair","floor":12,"turns":3},{"damage":12,"enemies":"Slime Boss","floor":16,"turns":8},{"damage":25,"enemies":"Spheric Guardian","floor":18,"turns":4},{"damage":19,"enemies":"3 Byrds","floor":21,"turns":6},{"damage":23,"enemies":"Shelled Parasite and Fungi","floor":22,"turns":5},{"damage":34,"enemies":"Book of Stabbing","floor":24,"turns":4},{"damage":18,"enemies":"Snake Plant","floor":29,"turns":3},{"damage":63,"enemies":"Collector","floor":33,"turns":3}],"seed_played":"-875131988612119474","potions_obtained":[{"floor":1,"key":"Block Potion"},{"floor":7,"key":"Fire Potion"},{"floor":12,"key":"Swift Potion"},{"floor":17,"key":"Fire Potion"},{"floor":21,"key":"Strength Potion"},{"floor":24,"key":"Fruit Juice"}],"is_trial":false,"path_per_floor":["M","?","M","?","M","R","E","R","T","?","R","?","?","?","R","B",null,"M","?","?","M","M","R","E","R","T","R","?","M","R","?","R","B"],"character_chosen":"IRONCLAD","items_purchased":[],"campfire_rested":5,"item_purchase_floors":[],"current_hp_per_floor":[67,67,63,63,62,62,36,60,60,53,53,36,29,29,53,47,77,58,58,58,45,28,53,30,57,57,57,39,27,55,55,55,0],"gold":620,"neow_bonus":"RANDOM_COMMON_RELIC","is_prod":false,"is_daily":false,"chose_seed":false,"campfire_upgraded":4,"win_rate":0,"timestamp":1548787735,"path_taken":["M","?","M","?","?","R","E","R","T","?","R","?","?","?","R","BOSS","M","?","?","?","M","R","E","R","T","R","?","M","R","?","R","BOSS"],"build_version":"2019-01-23","purchased_purges":0,"victory":false,"max_hp_per_floor":[80,80,80,80,80,80,80,80,80,80,80,80,80,80,80,80,85,85,85,85,85,85,85,90,90,90,90,95,95,95,66,66,66],"card_choices":[{"not_picked":["Dropkick","Perfected Strike"],"picked":"Twin Strike","floor":1},{"not_picked":["Feel No Pain","Bloodletting"],"picked":"Flex","floor":3},{"not_picked":["Body Slam","Sword Boomerang"],"picked":"Cleave","floor":5},{"not_picked":["Disarm","Bloodletting"],"picked":"Dropkick","floor":7},{"not_picked":["Flex","True Grit"],"picked":"Pommel Strike","floor":12},{"not_picked":["Berserk","Dark Embrace"],"picked":"Offering","floor":16},{"not_picked":["Headbutt","Whirlwind"],"picked":"Iron Wave","floor":17},{"not_picked":["Evolve","Clothesline"],"picked":"Body Slam","floor":18},{"not_picked":["Sword Boomerang","Perfected Strike"],"picked":"Pommel Strike","floor":21},{"not_picked":["Second Wind","Entrench"],"picked":"Twin Strike","floor":22},{"not_picked":["Fire Breathing","Whirlwind"],"picked":"Bludgeon","floor":24},{"not_picked":["Fire Breathing","Cleave"],"picked":"Flex+1","floor":29}],"player_experience":1327699,"relics_obtained":[{"floor":7,"key":"Letter Opener"},{"floor":9,"key":"WingedGreaves"},{"floor":12,"key":"Odd Mushroom"},{"floor":24,"key":"Art of War"},{"floor":26,"key":"Shuriken"},{"floor":26,"key":"Bag of Preparation"}],"event_choices":[{"damage_healed":0,"gold_gain":175,"player_choice":"AGREE","damage_taken":0,"max_hp_gain":0,"max_hp_loss":0,"event_name":"Liars Game","floor":2,"gold_loss":0,"cards_obtained":["Doubt"]},{"damage_healed":0,"gold_gain":0,"player_choice":"Rummage","damage_taken":0,"relics_obtained":["WarpedTongs"],"max_hp_gain":0,"max_hp_loss":0,"event_name":"Accursed Blacksmith","floor":4,"gold_loss":0,"cards_obtained":["Pain"]},{"damage_healed":0,"gold_gain":0,"player_choice":"Success","damage_taken":7,"relics_obtained":["Matryoshka"],"max_hp_gain":0,"max_hp_loss":0,"event_name":"Scrap Ooze","floor":10,"gold_loss":0},{"damage_healed":0,"gold_gain":0,"player_choice":"Fought Mushrooms","damage_taken":0,"max_hp_gain":0,"max_hp_loss":0,"event_name":"Mushrooms","floor":12,"gold_loss":0},{"cards_removed":["Pain"],"damage_healed":0,"gold_gain":0,"player_choice":"Card Removal","damage_taken":7,"max_hp_gain":0,"max_hp_loss":0,"event_name":"Golden Wing","floor":13,"gold_loss":0},{"cards_removed":["Doubt"],"damage_healed":0,"gold_gain":0,"player_choice":"Forget","damage_taken":0,"max_hp_gain":0,"max_hp_loss":0,"event_name":"Living Wall","floor":14,"gold_loss":0},{"damage_healed":0,"gold_gain":0,"cards_transformed":["Strike_R","Strike_R"],"player_choice":"Became Test Subject","damage_taken":0,"max_hp_gain":0,"max_hp_loss":0,"event_name":"Drug Dealer","floor":19,"gold_loss":0,"cards_obtained":["Berserk","Double Tap"]},{"cards_removed":["Berserk"],"damage_healed":0,"gold_gain":0,"player_choice":"Purged","damage_taken":0,"max_hp_gain":0,"max_hp_loss":0,"event_name":"Purifier","floor":20,"gold_loss":0},{"damage_healed":0,"gold_gain":0,"player_choice":"Shed Blood","damage_taken":23,"max_hp_gain":5,"max_hp_loss":0,"event_name":"Forgotten Altar","floor":28,"gold_loss":0},{"damage_healed":0,"gold_gain":0,"player_choice":"Became a vampire","damage_taken":0,"max_hp_gain":0,"max_hp_loss":29,"event_name":"Vampires","floor":31,"gold_loss":0,"cards_obtained":["Bite","Bite","Bite","Bite","Bite"]}],"is_beta":false,"boss_relics":[{"not_picked":["White Beast Statue","Black Star"],"picked":"Tiny House"}],"items_purged_floors":[],"is_endless":false,"potions_floor_spawned":[1,7,12,21,24],"killed_by":"Collector","ascension_level":13}