{"gold_per_floor":[114,129,129,144,144,144,159,159,159,189,129,144,144,163,163,288,288,307,37,56,75,14,14,33,58,58,58],"floor_reached":27,"playtime":848,"items_purged":[],"score":290,"play_id":"c38b12fc-4b37-452e-9573-ac4483aaabaa","local_time":"20180905221413","daily_mods":["Specialized","Lethality","Terminal"],"is_ascension_mode":false,"campfire_choices":[{"data":"Fiend Fire","floor":6,"key":"SMITH"},{"data":"Exhume","floor":8,"key":"SMITH"},{"data":"Fiend Fire","floor":15,"key":"SMITH"},{"floor":23,"key":"REST"}],"neow_cost":"","seed_source_timestamp":0,"circlet_count":0,"master_deck":["Strike_R","Strike_R","Strike_R","Strike_R","Strike_R","Defend_R","Defend_R","Defend_R","Defend_R","Bash","Fiend Fire+1","Fiend Fire+1","Fiend Fire","Fiend Fire","Flex","Shrug It Off","Spot Weakness","Exhume+1","Sentinel","Metallicize","Sentinel","Injury","Sword Boomerang+1","Fiend Fire+1","Body Slam+1","Apotheosis","Inflame","Bludgeon+1","Shrug It Off","Iron Wave+1","Pummel+1","Cleave+1"],"special_seed":17780,"relics":["Burning Blood","Torii","The Courier","Molten Egg 2","Letter Opener","Golden Idol","Runic Pyramid","Lantern","Bottled Lightning"],"potions_floor_usage":[16,16,24],"damage_taken":[{"damage":0,"enemies":"Cultist","floor":1,"turns":2},{"damage":4,"enemies":"2 Louse","floor":2,"turns":2},{"damage":1,"enemies":"Small Slimes","floor":4,"turns":2},{"damage":0,"enemies":"Looter","floor":7,"turns":1},{"damage":14,"enemies":"Gremlin Nob","floor":10,"turns":3},{"damage":2,"enemies":"Exordium Thugs","floor":12,"turns":3},{"damage":7,"enemies":"Blue Slaver","floor":14,"turns":4},{"damage":0,"enemies":"Slime Boss","floor":16,"turns":4},{"damage":24,"enemies":"2 Thieves","floor":18,"turns":3},{"damage":31,"enemies":"3 Byrds","floor":20,"turns":5},{"damage":0,"enemies":"Snecko","floor":21,"turns":3},{"damage":16,"enemies":"Snake Plant","floor":24,"turns":4},{"damage":39,"enemies":"Chosen and Byrds","floor":27,"turns":4}],"seed_played":"8761561677573513964","potions_obtained":[{"floor":4,"key":"PowerPotion"},{"floor":14,"key":"EssenceOfSteel"},{"floor":20,"key":"Ancient Potion"},{"floor":21,"key":"PowerPotion"}],"is_trial":false,"path_per_floor":["M","M","?","M","?","R","M","R","T","E","$","M","?","M","R","B",null,"M","$","M","M","$","R","M","T","T"],"character_chosen":"IRONCLAD","items_purchased":["Metallicize","Apotheosis","Inflame","Bludgeon+1","Pummel+1"],"campfire_rested":1,"item_purchase_floors":[11,19,19,19,22],"current_hp_per_floor":[78,77,74,75,74,73,72,71,70,62,62,66,66,65,64,63,62,44,44,19,25,25,42,32,32,32,0],"gold":58,"neow_bonus":"","is_prod":false,"is_daily":true,"chose_seed":false,"campfire_upgraded":3,"win_rate":0,"timestamp":1536207253,"path_taken":["M","?","?","M","?","R","?","R","T","E","$","M","?","M","R","BOSS","M","$","M","M","?","R","?","?","T","M"],"build_version":"2018-08-30","purchased_purges":0,"victory":false,"max_hp_per_floor":[78,77,76,75,74,73,72,71,70,69,68,67,66,65,64,63,62,61,60,59,58,57,56,55,54,53,53],"card_choices":[{"not_picked":["Havoc","Anger"],"picked":"Flex","floor":1},{"not_picked":["Thunderclap","Cleave"],"picked":"Shrug It Off","floor":2},{"not_picked":["Pommel Strike","Heavy Blade"],"picked":"Spot Weakness","floor":4},{"not_picked":["Pommel Strike","Perfected Strike"],"picked":"Exhume","floor":7},{"not_picked":["Shrug It Off","Thunderclap+1"],"picked":"Sentinel","floor":10},{"not_picked":["Carnage+1","Shrug It Off"],"picked":"Sentinel","floor":12},{"not_picked":["Seeing Red","Body Slam+1"],"picked":"Sword Boomerang+1","floor":14},{"not_picked":["Offering","Barricade"],"picked":"Fiend Fire+1","floor":16},{"not_picked":["Clothesline+1","Rupture"],"picked":"Body Slam+1","floor":18},{"not_picked":["Brutality","Headbutt+1"],"picked":"Shrug It Off","floor":20},{"not_picked":["Shrug It Off","Warcry"],"picked":"Iron Wave+1","floor":21},{"not_picked":["Perfected Strike+1","Havoc"],"picked":"Cleave+1","floor":24}],"player_experience":469577,"relics_obtained":[{"floor":9,"key":"Molten Egg 2"},{"floor":10,"key":"Letter Opener"},{"floor":25,"key":"Lantern"},{"floor":26,"key":"Bottled Lightning"}],"event_choices":[{"event_name":"Scrap Ooze","player_choice":"success","floor":3,"damage_taken":3},{"event_name":"WeMeetAgain","player_choice":"Card","floor":5,"damage_taken":0},{"event_name":"Golden Idol","player_choice":"Take Wound","floor":13,"damage_taken":0}],"is_beta":false,"boss_relics":[{"not_picked":["White Beast Statue","Runic Cube"],"picked":"Runic Pyramid"}],"items_purged_floors":[],"is_endless":false,"potions_floor_spawned":[4,14,20,21],"killed_by":"Chosen and Byrds","ascension_level":0}