{"gold_per_floor":[216,230,230,74,86,86,97,97,122,153,163,163,163,238,238,335,335,347,347,362,376,391,391,391,391,391,391,407,407,259,259],"floor_reached":31,"playtime":5959,"items_purged":["Strike_G","Strike_G"],"score":273,"play_id":"917e0eda-2a94-44c8-9b31-9bbdbc39d477","local_time":"20190107234716","is_ascension_mode":true,"campfire_choices":[{"floor":6.0,"key":"RECALL"},{"data":"Neutralize","floor":8.0,"key":"SMITH"},{"data":"Blur","floor":15.0,"key":"SMITH"},{"data":"Burst","floor":23.0,"key":"SMITH"},{"data":"Malaise","floor":25.0,"key":"SMITH"},{"data":"Predator","floor":27.0,"key":"SMITH"}],"neow_cost":"NONE","seed_source_timestamp":3974642273281,"circlet_count":0,"master_deck":["Defend_G","Defend_G","Defend_G","Defend_G","Defend_G+1","Strike_G","Strike_G","Survivor","Neutralize+1","Endless Agony+1","Backstab","Well Laid Plans","Dash","All Out Attack","Predator+1","Blur+1","Malaise+1","Acrobatics","Underhanded Strike","Burst+1","Dagger Throw+1","Backflip"],"special_seed":0,"relics":["Ring of the Snake","Pen Nib","Velvet Choker","Letter Opener"],"potions_floor_usage":[31,31],"damage_taken":[{"damage":3.0,"enemies":"Jaw Worm","floor":1.0,"turns":5.0},{"damage":0.0,"enemies":"Small Slimes","floor":2.0,"turns":3.0},{"damage":0.0,"enemies":"Cultist","floor":5.0,"turns":3.0},{"damage":0.0,"enemies":"Blue Slaver","floor":7.0,"turns":2.0},{"damage":0.0,"enemies":"Lagavulin","floor":10.0,"turns":9.0},{"damage":0.0,"enemies":"3 Louse","floor":11.0,"turns":2.0},{"damage":15.0,"enemies":"Hexaghost","floor":16.0,"turns":16.0},{"damage":0.0,"enemies":"Shell Parasite","floor":18.0,"turns":6.0},{"damage":0.0,"enemies":"Chosen","floor":20.0,"turns":4.0},{"damage":0.0,"enemies":"Snecko","floor":21.0,"turns":5.0},{"damage":2.0,"enemies":"Centurion and Healer","floor":22.0,"turns":5.0},{"damage":15.0,"enemies":"Snake Plant","floor":28.0,"turns":5.0},{"damage":81,"enemies":"Gremlin Leader","floor":31,"turns":10}],"seed_played":"-750663166194508665","potions_obtained":[{"floor":10.0,"key":"AttackPotion"},{"floor":11.0,"key":"SkillPotion"},{"floor":16.0,"key":"Regen Potion"},{"floor":20.0,"key":"Dexterity Potion"},{"floor":22.0,"key":"Poison Potion"}],"is_trial":false,"path_per_floor":["M","M","?","$","M","R","M","R","T","E","M","?","?","?","R","B",null,"M","?","M","M","M","R","?","R","T","R","M","?","$","E"],"character_chosen":"THE_SILENT","items_purchased":["Well Laid Plans","Backflip"],"campfire_rested":0,"item_purchase_floors":[4,30],"current_hp_per_floor":[67,67,53,53,53,53,53,53,53,53,53,53,70,59,59,44,70,70,70,70,70,68,68,68,68,68,68,53,53,53,0],"gold":259,"neow_bonus":"HUNDRED_GOLD","is_prod":false,"is_daily":false,"chose_seed":false,"campfire_upgraded":5,"win_rate":0,"timestamp":1546926436,"path_taken":["M","M","?","$","M","R","M","R","T","E","M","?","?","?","R","BOSS","M","?","M","?","M","R","?","R","T","R","M","?","$","E"],"build_version":"2019-01-03v4","purchased_purges":2,"victory":false,"max_hp_per_floor":[70,70,70,70,70,70,70,70,70,70,70,70,70,70,70,70,70,70,70,70,70,70,70,70,70,70,70,70,70,70,70],"card_choices":[{"not_picked":["Dagger Spray","Riddle With Holes"],"picked":"Endless Agony","floor":1.0},{"not_picked":["Dagger Spray","Blade Dance"],"picked":"Backstab","floor":2.0},{"not_picked":["Blade Dance","Underhanded Strike"],"picked":"Dash","floor":5.0},{"not_picked":["Dagger Spray","Bouncing Flask"],"picked":"All Out Attack","floor":7.0},{"not_picked":["PiercingWail","Finisher"],"picked":"Predator","floor":10.0},{"not_picked":["Deadly Poison","Reflex"],"picked":"Blur","floor":11.0},{"not_picked":["Burst","Night Terror"],"picked":"Malaise","floor":16.0},{"not_picked":["Poisoned Stab","PiercingWail"],"picked":"Acrobatics","floor":18.0},{"not_picked":["Bane","Endless Agony"],"picked":"Underhanded Strike","floor":20.0},{"not_picked":["PiercingWail","Deadly Poison"],"picked":"Burst","floor":21.0},{"not_picked":["Slice","Catalyst","Quick Slash+1"],"picked":"SKIP","floor":22.0},{"not_picked":["Quick Slash","Bouncing Flask"],"picked":"Dagger Throw+1","floor":28.0}],"player_experience":139186,"relics_obtained":[{"floor":10.0,"key":"Pen Nib"},{"floor":26.0,"key":"Letter Opener"}],"event_choices":[{"damage_healed":0.0,"max_hp_gain":0.0,"max_hp_loss":0.0,"gold_gain":0.0,"event_name":"Shining Light","player_choice":"Entered Light","floor":3.0,"gold_loss":0.0,"damage_taken":14.0,"cards_upgraded":["Defend_G","Endless Agony"]},{"damage_healed":0.0,"max_hp_gain":0.0,"max_hp_loss":0.0,"gold_gain":0.0,"event_name":"Scrap Ooze","player_choice":"Fled","floor":12.0,"gold_loss":0.0,"damage_taken":0.0},{"damage_healed":23.0,"max_hp_gain":0.0,"max_hp_loss":0.0,"gold_gain":0.0,"event_name":"Big Fish","player_choice":"Banana","floor":13.0,"gold_loss":0.0,"damage_taken":0.0},{"damage_healed":0.0,"max_hp_gain":0.0,"max_hp_loss":0.0,"gold_gain":75.0,"event_name":"World of Goop","player_choice":"Gather Gold","floor":14.0,"gold_loss":0.0,"damage_taken":11.0},{"damage_healed":0.0,"max_hp_gain":0.0,"max_hp_loss":0.0,"gold_gain":0.0,"event_name":"N\u0027loth","player_choice":"Ignored","floor":19.0,"gold_loss":0.0,"damage_taken":0.0},{"damage_healed":0.0,"max_hp_gain":0.0,"max_hp_loss":0.0,"gold_gain":0.0,"event_name":"Cursed Tome","player_choice":"Ignored","floor":24.0,"gold_loss":0.0,"damage_taken":0.0},{"cards_removed":["Strike_G"],"damage_healed":0.0,"max_hp_gain":0.0,"max_hp_loss":0.0,"gold_gain":0.0,"event_name":"Back to Basics","player_choice":"Elegance","floor":29.0,"gold_loss":0.0,"damage_taken":0.0}],"is_beta":false,"boss_relics":[{"not_picked":["Ring of the Serpent","WristBlade"],"picked":"Velvet Choker"}],"items_purged_floors":[4,30],"is_endless":false,"potions_floor_spawned":[10,11,16,20,22],"killed_by":"Gremlin Leader","ascension_level":1}