{"gold_per_floor":[367,367,380,76,76,76,110,110,110,153,168,168,187,187,187,308,308,322,237,237,39,62,62,96,96,167,188,231,250,285,305,305,424,424,439,462,172,297,316,356,356,387,387,387,423,436,436,461,461,461],"floor_reached":51,"playtime":6243,"items_purged":["Strike_R"],"score":1110,"play_id":"c84f3355-4443-44cc-b454-3babc1fcd38b","local_time":"20190204134235","is_ascension_mode":true,"campfire_choices":[{"floor":6,"key":"DIG"},{"floor":8,"key":"REST"},{"floor":12,"key":"DIG"},{"floor":15,"key":"REST"},{"floor":23,"key":"DIG"},{"floor":25,"key":"DIG"},{"floor":32,"key":"DIG"},{"floor":41,"key":"DIG"},{"floor":44,"key":"DIG"},{"floor":47,"key":"DIG"},{"floor":49,"key":"DIG"}],"neow_cost":"TEN_PERCENT_HP_LOSS","seed_source_timestamp":566560621427536,"circlet_count":0,"master_deck":["Strike_R+1","Strike_R+1","Strike_R+1","Strike_R+1","Defend_R+1","Defend_R+1","Defend_R+1","Defend_R+1","Bash+1","Headbutt","Iron Wave","Rampage","Cleave","Armaments+1","Combust+1","Headbutt","Reaper","Inflame+1","Heavy Blade+1","Inflame+1","Uppercut","Blood for Blood+1","Thunderclap+1","Flame Barrier","Juggernaut+1","Fiend Fire","Sword Boomerang","Shrug It Off","Uppercut","Combust+1","Thinking Ahead","Shrug It Off","Feed","Metallicize+1","Burning Pact","Fiend Fire","Burning Pact+1"],"relics":["Burning Blood","Golden Idol","Toolbox","Shovel","Bottled Lightning","Frozen Egg 2","Paper Frog","Dodecahedron","Kunai","Snecko Eye","Orichalcum","Membership Card","Dead Branch","Boot","Pocketwatch","Meat on the Bone","War Paint","Vajra","Omamori","Fusion Hammer","Pantograph","Calipers","PreservedInsect","Shuriken","Question Card","Oddly Smooth Stone","Charon\u0027s Ashes","Gambling Chip","Bird Faced Urn"],"potions_floor_usage":[29,33],"damage_taken":[{"damage":3,"enemies":"Small Slimes","floor":1,"turns":4},{"damage":0,"enemies":"2 Louse","floor":3,"turns":4},{"damage":20,"enemies":"3 Sentries","floor":7,"turns":7},{"damage":25,"enemies":"Gremlin Nob","floor":10,"turns":4},{"damage":6,"enemies":"Cultist","floor":11,"turns":3},{"damage":10,"enemies":"Exordium Wildlife","floor":13,"turns":4},{"damage":4,"enemies":"Slime Boss","floor":16,"turns":6},{"damage":0,"enemies":"Chosen","floor":18,"turns":3},{"damage":4,"enemies":"Shell Parasite","floor":22,"turns":2},{"damage":6,"enemies":"Gremlin Leader","floor":24,"turns":4},{"damage":17,"enemies":"Sentry and Sphere","floor":27,"turns":4},{"damage":2,"enemies":"Book of Stabbing","floor":28,"turns":2},{"damage":8,"enemies":"Snake Plant","floor":29,"turns":3},{"damage":0,"enemies":"Gremlin Leader","floor":30,"turns":4},{"damage":7,"enemies":"Snecko","floor":31,"turns":3},{"damage":52,"enemies":"Automaton","floor":33,"turns":7},{"damage":43,"enemies":"3 Shapes","floor":35,"turns":4},{"damage":27,"enemies":"3 Darklings","floor":36,"turns":4},{"damage":0,"enemies":"Mind Bloom Boss Battle","floor":38,"turns":2},{"damage":6,"enemies":"Spire Growth","floor":39,"turns":3},{"damage":61,"enemies":"Reptomancer","floor":40,"turns":5},{"damage":4,"enemies":"Giant Head","floor":42,"turns":2},{"damage":0,"enemies":"Nemesis","floor":45,"turns":3},{"damage":7,"enemies":"Transient","floor":46,"turns":5},{"damage":6,"enemies":"Maw","floor":48,"turns":5},{"damage":57,"enemies":"Time Eater","floor":50,"turns":7}],"seed_played":"-3959388483705075417","potions_obtained":[{"floor":3,"key":"Energy Potion"},{"floor":10,"key":"FairyPotion"},{"floor":22,"key":"Strength Potion"},{"floor":29,"key":"Fruit Juice"},{"floor":30,"key":"Poison Potion"},{"floor":33,"key":"Ancient Potion"},{"floor":39,"key":"Strength Potion"}],"is_trial":false,"path_per_floor":["?","?","M","?","?","?","?"],"character_chosen":"IRONCLAD","items_purchased":["Rampage","Toolbox","Membership Card","Uppercut","Combust+1","Thinking Ahead","Shrug It Off","Pantograph"],"campfire_rested":2,"item_purchase_floors":[4,4,21,37,37,37,37,37],"current_hp_per_floor":[72,54,60,60,60,60,46,67,67,48,48,48,44,30,51,53,72,72,72,72,72,72,72,72,72,72,61,65,68,77,76,76,42,77,70,61,61,77,77,48,48,50,50,50,56,55,55,55,55,53],"gold":461,"neow_bonus":"TWO_FIFTY_GOLD","is_prod":false,"is_daily":false,"chose_seed":false,"campfire_upgraded":0,"win_rate":0,"timestamp":1549305755,"path_taken":["M","?","M","$","?","R","E","R","T","E","M","R","?","?","R","BOSS","M","?","?","$","M","R","E","R","T","M","E","M","E","M","R","BOSS","M","M","$","?","M","E","R","E","T","R","E","M","R","M","R","BOSS"],"build_version":"2019-01-23","purchased_purges":1,"victory":true,"max_hp_per_floor":[72,72,72,72,72,72,72,72,72,72,72,72,72,72,72,72,72,72,72,72,72,72,72,72,72,72,72,72,77,77,77,77,77,77,77,77,77,77,77,77,77,77,77,77,77,77,77,77,77,77],"card_choices":[{"not_picked":["Rage","Thunderclap"],"picked":"Headbutt","floor":1},{"not_picked":["Sword Boomerang","Clothesline"],"picked":"Iron Wave","floor":3},{"not_picked":["Dual Wield","Corruption"],"picked":"Cleave","floor":7},{"not_picked":["Wild Strike","Carnage"],"picked":"Armaments","floor":10},{"not_picked":["Heavy Blade","Second Wind"],"picked":"Combust+1","floor":11},{"not_picked":["Warcry","Clothesline"],"picked":"Headbutt","floor":13},{"not_picked":["Juggernaut+1","Fiend Fire"],"picked":"Reaper","floor":16},{"not_picked":["Body Slam+1","Flex+1"],"picked":"Inflame+1","floor":18},{"not_picked":["Iron Wave+1","Headbutt"],"picked":"Heavy Blade+1","floor":22},{"not_picked":["Corruption+1","Havoc"],"picked":"Inflame+1","floor":24},{"not_picked":["Body Slam","Shrug It Off"],"picked":"Uppercut","floor":27},{"not_picked":["Flex","Twin Strike"],"picked":"Blood for Blood+1","floor":28},{"not_picked":["Clothesline","Warcry"],"picked":"Thunderclap+1","floor":29},{"not_picked":["Armaments","Searing Blow"],"picked":"Flame Barrier","floor":30},{"not_picked":["Clash","Body Slam"],"picked":"Juggernaut+1","floor":31},{"not_picked":["Limit Break","Brutality+1"],"picked":"Fiend Fire","floor":33},{"not_picked":["Havoc+1","Perfected Strike"],"picked":"Sword Boomerang","floor":35},{"not_picked":["True Grit","Thunderclap"],"picked":"Shrug It Off","floor":36},{"not_picked":["Second Wind+1","Armaments+1"],"picked":"Feed","floor":38},{"not_picked":["Thunderclap+1","Spot Weakness"],"picked":"Metallicize+1","floor":39},{"not_picked":["Berserk+1","Anger+1","Warcry+1"],"picked":"SKIP","floor":40},{"not_picked":["Sword Boomerang","Thunderclap","Rupture+1"],"picked":"SKIP","floor":42},{"not_picked":["Iron Wave","Flame Barrier+1","Twin Strike"],"picked":"Burning Pact","floor":45},{"not_picked":["Rampage","Havoc+1","Cleave"],"picked":"Fiend Fire","floor":46},{"not_picked":["Sentinel","Body Slam","Pommel Strike+1"],"picked":"Burning Pact+1","floor":48}],"player_experience":214715,"relics_obtained":[{"floor":6,"key":"Bottled Lightning"},{"floor":7,"key":"Frozen Egg 2"},{"floor":9,"key":"Paper Frog"},{"floor":10,"key":"Dodecahedron"},{"floor":12,"key":"Kunai"},{"floor":23,"key":"Dead Branch"},{"floor":24,"key":"Boot"},{"floor":25,"key":"Pocketwatch"},{"floor":26,"key":"Meat on the Bone"},{"floor":28,"key":"War Paint"},{"floor":30,"key":"Vajra"},{"floor":32,"key":"Omamori"},{"floor":38,"key":"Calipers"},{"floor":40,"key":"PreservedInsect"},{"floor":41,"key":"Shuriken"},{"floor":42,"key":"Question Card"},{"floor":44,"key":"Oddly Smooth Stone"},{"floor":45,"key":"Charon\u0027s Ashes"},{"floor":47,"key":"Gambling Chip"},{"floor":49,"key":"Bird Faced Urn"}],"event_choices":[{"damage_healed":0,"gold_gain":0,"player_choice":"Take Damage","damage_taken":18,"relics_obtained":["Golden Idol"],"max_hp_gain":0,"max_hp_loss":0,"event_name":"Golden Idol","floor":2,"gold_loss":0},{"damage_healed":0,"gold_gain":0,"player_choice":"Gave Potion","damage_taken":0,"relics_obtained":["Shovel"],"max_hp_gain":0,"max_hp_loss":0,"event_name":"WeMeetAgain","floor":5,"gold_loss":0},{"damage_healed":0,"gold_gain":0,"player_choice":"Entered Light","damage_taken":14,"max_hp_gain":0,"max_hp_loss":0,"event_name":"Shining Light","floor":14,"gold_loss":0,"cards_upgraded":["Defend_R","Bash"]},{"damage_healed":0,"gold_gain":0,"player_choice":"Obtained Relic","damage_taken":0,"relics_obtained":["Orichalcum"],"max_hp_gain":0,"max_hp_loss":0,"event_name":"Addict","floor":19,"gold_loss":85},{"damage_healed":0,"gold_gain":0,"player_choice":"Simplicity","damage_taken":0,"max_hp_gain":0,"max_hp_loss":0,"event_name":"Back to Basics","floor":20,"gold_loss":0,"cards_upgraded":["Strike_R","Strike_R","Strike_R","Strike_R","Defend_R","Defend_R","Defend_R"]},{"damage_healed":0,"gold_gain":0,"player_choice":"Fight","damage_taken":0,"max_hp_gain":0,"max_hp_loss":0,"event_name":"MindBloom","floor":38,"gold_loss":0}],"is_beta":false,"boss_relics":[{"not_picked":["Black Star","Runic Cube"],"picked":"Snecko Eye"},{"not_picked":["Pandora\u0027s Box","Lizard Tail"],"picked":"Fusion Hammer"}],"items_purged_floors":[4],"is_endless":false,"potions_floor_spawned":[3,10,22,29,30,33,39,46],"ascension_level":3}