{"gold_per_floor":[117,39,52,52,69,69,144,160,160,160,177,21,43,43,43,43],"floor_reached":16,"playtime":749,"items_purged":["Defend_B"],"score":90,"play_id":"0b229182-ecbb-4485-b95e-d5f78a99de58","local_time":"20181231131414","is_ascension_mode":false,"campfire_choices":[{"data":"BootSequence","floor":6,"key":"SMITH"},{"floor":15,"key":"REST"}],"neow_cost":"NONE","seed_source_timestamp":82036093513692,"circlet_count":0,"master_deck":["Strike_B","Strike_B","Defend_B+1","Defend_B","Defend_B","Zap","Dualcast+1","Skim","Self Repair","Coolheaded","BootSequence+1","Loop","Self Repair+1","FTL","Cold Snap"],"relics":["Cracked Core","NeowsBlessing","Frozen Egg 2","Odd Mushroom"],"potions_floor_usage":[],"damage_taken":[{"damage":0,"enemies":"2 Louse","floor":1,"turns":1},{"damage":0,"enemies":"Jaw Worm","floor":3,"turns":1},{"damage":0,"enemies":"Small Slimes","floor":5,"turns":1},{"damage":4,"enemies":"3 Louse","floor":8,"turns":4},{"damage":28,"enemies":"Gremlin Gang","floor":11,"turns":5},{"damage":22,"enemies":"The Mushroom Lair","floor":13,"turns":6},{"damage":42,"enemies":"Hexaghost","floor":16,"turns":14}],"seed_played":"729390366991264682","potions_obtained":[{"floor":8,"key":"Swift Potion"},{"floor":13,"key":"Swift Potion"}],"is_trial":false,"path_per_floor":["M","$","M","?","M","R","?","M","T","?","M","$","?","?","R","B"],"character_chosen":"DEFECT","items_purchased":["Self Repair","FTL"],"campfire_rested":1,"item_purchase_floors":[2,12],"current_hp_per_floor":[75,75,75,75,75,75,64,67,67,60,39,39,34,19,41,0],"gold":43,"neow_bonus":"THREE_ENEMY_KILL","is_prod":false,"is_daily":false,"chose_seed":false,"campfire_upgraded":1,"win_rate":0.0,"timestamp":1546290854,"path_taken":["M","$","M","?","M","R","?","M","T","?","M","$","?","?","R","BOSS"],"build_version":"2018-12-20","purchased_purges":1,"victory":false,"max_hp_per_floor":[75,75,75,75,75,75,75,75,75,75,75,75,75,75,75,75],"card_choices":[{"not_picked":["Sweeping Beam","Leap"],"picked":"Skim","floor":1},{"not_picked":["Hologram","Streamline"],"picked":"Coolheaded","floor":3},{"not_picked":["Compile Driver","Hologram"],"picked":"BootSequence","floor":5},{"not_picked":["Leap","Conserve Battery"],"picked":"Loop","floor":8},{"not_picked":["Sweeping Beam","Melter"],"picked":"Self Repair+1","floor":11},{"not_picked":["Hologram","Stack"],"picked":"Cold Snap","floor":13}],"player_experience":15624,"relics_obtained":[{"floor":9,"key":"Frozen Egg 2"},{"floor":13,"key":"Odd Mushroom"}],"event_choices":[{"cards_removed":["Strike_B"],"damage_healed":0,"gold_gain":0,"player_choice":"Forget","damage_taken":0,"max_hp_gain":0,"max_hp_loss":0,"event_name":"Living Wall","floor":4,"gold_loss":0},{"damage_healed":0,"gold_gain":75,"player_choice":"Gather Gold","damage_taken":11,"max_hp_gain":0,"max_hp_loss":0,"event_name":"World of Goop","floor":7,"gold_loss":0},{"cards_removed":["Strike_B"],"damage_healed":0,"gold_gain":0,"player_choice":"Card Removal","damage_taken":7,"max_hp_gain":0,"max_hp_loss":0,"event_name":"Golden Wing","floor":10,"gold_loss":0},{"damage_healed":0,"gold_gain":0,"player_choice":"Fought Mushrooms","damage_taken":0,"max_hp_gain":0,"max_hp_loss":0,"event_name":"Mushrooms","floor":13,"gold_loss":0},{"damage_healed":0,"gold_gain":0,"player_choice":"Entered Light","damage_taken":15,"max_hp_gain":0,"max_hp_loss":0,"event_name":"Shining Light","floor":14,"gold_loss":0,"cards_upgraded":["Defend_B","Dualcast"]}],"is_beta":false,"boss_relics":[],"items_purged_floors":[12],"is_endless":false,"potions_floor_spawned":[8,13],"killed_by":"Hexaghost","ascension_level":0}