{"gold_per_floor":[112,130,144,144,144,144,419,433,456,456,475,353,371,389,389,389],"floor_reached":16,"playtime":629,"items_purged":[],"score":94,"play_id":"17d6c7e2-415a-4de7-a3c7-6faa092314ea","local_time":"20190217161931","is_ascension_mode":false,"campfire_choices":[{"data":"Neutralize","floor":6.0,"key":"SMITH"},{"floor":15.0,"key":"REST"}],"neow_cost":"NONE","seed_source_timestamp":167151862675029,"circlet_count":0,"master_deck":["Defend_G","Defend_G","Defend_G","Defend_G","Defend_G","Strike_G","Strike_G","Strike_G","Strike_G","Strike_G","Survivor+1","Neutralize+1","Purity","Accuracy+1","Prepared","Well Laid Plans","Regret","Deflect","Corpse Explosion","Slice","Prepared","Deadly Poison","Cloak And Dagger","Blur"],"special_seed":0,"relics":["Ring of the Snake"],"potions_floor_usage":[16],"damage_taken":[{"damage":0.0,"enemies":"2 Louse","floor":1.0,"turns":2.0},{"damage":9.0,"enemies":"Jaw Worm","floor":2.0,"turns":8.0},{"damage":1.0,"enemies":"Cultist","floor":3.0,"turns":5.0},{"damage":22.0,"enemies":"Exordium Wildlife","floor":8.0,"turns":10.0},{"damage":3.0,"enemies":"Red Slaver","floor":11.0,"turns":3.0},{"damage":1.0,"enemies":"Gremlin Gang","floor":13.0,"turns":3.0},{"damage":2.0,"enemies":"Blue Slaver","floor":14.0,"turns":4.0},{"damage":57,"enemies":"The Guardian","floor":16,"turns":15}],"seed_played":"3967617225398770287","potions_obtained":[{"floor":2.0,"key":"Energy Potion"},{"floor":3.0,"key":"AttackPotion"},{"floor":8.0,"key":"SneckoOil"}],"is_trial":false,"path_per_floor":["M","M","M","?","?","R","?","M","T","?","M","$","M","M","R","B"],"character_chosen":"THE_SILENT","items_purchased":["Slice","Prepared","Deadly Poison"],"campfire_rested":1,"item_purchase_floors":[12,12,12],"current_hp_per_floor":[70,61,60,60,60,60,60,38,38,38,35,35,34,32,53,0],"gold":389,"neow_bonus":"RANDOM_COLORLESS","is_prod":false,"is_daily":false,"chose_seed":false,"campfire_upgraded":1,"win_rate":0,"timestamp":1550445571,"path_taken":["M","M","M","?","?","R","?","?","T","?","?","$","?","M","R","BOSS"],"build_version":"2019-01-23","purchased_purges":0,"victory":false,"max_hp_per_floor":[70,70,70,70,70,70,70,70,70,70,70,70,70,70,70,70],"card_choices":[{"not_picked":["Well Laid Plans","Caltrops"],"picked":"Accuracy","floor":1.0},{"not_picked":["Bane","Outmaneuver"],"picked":"Prepared","floor":2.0},{"not_picked":["Prepared","Quick Slash"],"picked":"Well Laid Plans","floor":3.0},{"not_picked":["PiercingWail","Sucker Punch"],"picked":"Deflect","floor":8.0},{"not_picked":["Crippling Poison","Bane"],"picked":"Corpse Explosion","floor":11.0},{"not_picked":["Infinite Blades","Riddle With Holes"],"picked":"Cloak And Dagger","floor":13.0},{"not_picked":["Quick Slash","Footwork"],"picked":"Blur","floor":14.0}],"player_experience":1505329,"relics_obtained":[],"event_choices":[{"damage_healed":0.0,"max_hp_gain":0.0,"max_hp_loss":0.0,"gold_gain":0.0,"event_name":"Living Wall","player_choice":"Grow","floor":4.0,"gold_loss":0.0,"damage_taken":0.0,"cards_upgraded":["Accuracy"]},{"damage_healed":0.0,"max_hp_gain":0.0,"max_hp_loss":0.0,"gold_gain":0.0,"event_name":"Golden Wing","player_choice":"Ignored","floor":5.0,"gold_loss":0.0,"damage_taken":0.0},{"damage_healed":0.0,"max_hp_gain":0.0,"max_hp_loss":0.0,"gold_gain":275.0,"event_name":"Golden Shrine","player_choice":"Desecrate","floor":7.0,"gold_loss":0.0,"damage_taken":0.0,"cards_obtained":["Regret"]},{"damage_healed":0.0,"max_hp_gain":0.0,"max_hp_loss":0.0,"gold_gain":0.0,"event_name":"Upgrade Shrine","player_choice":"Upgraded","floor":10.0,"gold_loss":0.0,"damage_taken":0.0,"cards_upgraded":["Survivor"]}],"is_beta":false,"boss_relics":[],"items_purged_floors":[],"is_endless":false,"potions_floor_spawned":[2,3,8],"killed_by":"The Guardian","ascension_level":0}