{"gold_per_floor":[111,111,35,35,49,49,49,66,66,66,85,10,10,24,24,121,121,132,132,146,146,146,146,158,191,236,335,354,368,368,54,54,150,150,164,164,181,181,199,199,199,217,289,289,289,301,318,14,14,14],"floor_reached":51,"playtime":4768,"items_purged":["Defend_G","Defend_G"],"score":632,"play_id":"d2328375-5fe4-47c3-96bd-3a1bae9e1ce3","local_time":"20190111174123","is_ascension_mode":false,"campfire_choices":[{"data":"Neutralize","floor":6.0,"key":"SMITH"},{"data":"Cloak And Dagger","floor":10.0,"key":"SMITH"},{"data":"Leg Sweep","floor":13.0,"key":"SMITH"},{"floor":15.0,"key":"REST"},{"data":"Footwork","floor":23.0,"key":"SMITH"},{"data":"Accuracy","floor":30.0,"key":"SMITH"},{"data":"Cloak And Dagger","floor":32.0,"key":"SMITH"},{"data":"Tools of the Trade","floor":44,"key":"SMITH"},{"data":"Blur","floor":49,"key":"SMITH"}],"neow_cost":"NONE","seed_source_timestamp":864384936710642,"circlet_count":0,"master_deck":["Defend_G","Strike_G","Survivor","Neutralize+1","Envenom+1","Leg Sweep+1","Accuracy+1","Backflip","Cloak And Dagger+1","Blur+1","Footwork+1","Adrenaline","Blur+1","Cloak And Dagger+1","PiercingWail","Tools of the Trade+1","Venomology+1","PiercingWail+1","Die Die Die+1","Cloak And Dagger+1"],"special_seed":0,"relics":["Ring of the Snake","Juzu Bracelet","Orichalcum","Busted Crown","Bird Faced Urn","Vajra","Calipers","Astrolabe","Meat on the Bone","Bag of Preparation"],"potions_floor_usage":[39,42,46,50,50,50],"damage_taken":[{"damage":2.0,"enemies":"Small Slimes","floor":1.0,"turns":4.0},{"damage":2.0,"enemies":"Jaw Worm","floor":5.0,"turns":6.0},{"damage":0.0,"enemies":"2 Louse","floor":8.0,"turns":3.0},{"damage":11.0,"enemies":"Exordium Wildlife","floor":11.0,"turns":5.0},{"damage":2.0,"enemies":"Large Slime","floor":14.0,"turns":7.0},{"damage":6.0,"enemies":"The Guardian","floor":16.0,"turns":14.0},{"damage":0.0,"enemies":"3 Byrds","floor":18.0,"turns":8.0},{"damage":3.0,"enemies":"Colosseum Slavers","floor":19.0,"turns":6.0},{"damage":0.0,"enemies":"Shell Parasite","floor":20.0,"turns":8.0},{"damage":0.0,"enemies":"Snecko","floor":24.0,"turns":8.0},{"damage":0.0,"enemies":"Book of Stabbing","floor":25.0,"turns":6.0},{"damage":0.0,"enemies":"Sentry and Sphere","floor":28.0,"turns":8.0},{"damage":0.0,"enemies":"Snake Plant","floor":29.0,"turns":6.0},{"damage":13.0,"enemies":"Collector","floor":33.0,"turns":13.0},{"damage":0.0,"enemies":"3 Darklings","floor":35.0,"turns":6.0},{"damage":0.0,"enemies":"Orb Walker","floor":37.0,"turns":5.0},{"damage":0,"enemies":"Transient","floor":39,"turns":5},{"damage":0,"enemies":"Spire Growth","floor":42,"turns":6},{"damage":3,"enemies":"3 Darklings","floor":46,"turns":6},{"damage":0,"enemies":"Maw","floor":47,"turns":8},{"damage":21,"enemies":"Time Eater","floor":50,"turns":16}],"seed_played":"-1231178094760166693","potions_obtained":[{"floor":1.0,"key":"Fruit Juice"},{"floor":8.0,"key":"Explosive Potion"},{"floor":14.0,"key":"PowerPotion"},{"floor":20.0,"key":"Explosive Potion"},{"floor":25.0,"key":"Block Potion"},{"floor":33.0,"key":"Regen Potion"},{"floor":35.0,"key":"Energy Potion"},{"floor":37.0,"key":"Poison Potion"}],"is_trial":false,"path_per_floor":["M","?","$","?","M","R","?","M","T","R","M","$","R","M","R","B",null,"M","?","M","?","?","R","M","E","T","?","M","M","R","$","R","B",null,"M","?","M","?","M","?","?","M","T","R","?","M","M","$","R","B",null],"character_chosen":"THE_SILENT","items_purchased":["Accuracy","Calipers","Bag of Preparation","Dexterity Potion"],"campfire_rested":1,"item_purchase_floors":[3,31,48,48],"current_hp_per_floor":[68,68,68,61,59,59,45,45,45,45,39,39,39,37,59,53,75,75,72,72,72,72,72,72,72,72,72,75,75,75,75,75,62,75,75,75,75,71,71,71,71,71,71,71,71,68,71,71,71,50],"gold":14,"neow_bonus":"ONE_RANDOM_RARE_CARD","is_prod":false,"is_daily":false,"chose_seed":false,"campfire_upgraded":8,"win_rate":0,"timestamp":1547257283,"path_taken":["M","?","$","?","M","R","?","M","T","R","M","$","R","M","R","BOSS","M","?","M","?","?","R","M","E","T","?","M","M","R","$","R","BOSS","M","?","M","?","M","?","?","M","T","R","?","M","M","$","R","BOSS"],"build_version":"2019-01-10","purchased_purges":2,"victory":true,"max_hp_per_floor":[70,70,70,70,70,70,70,70,70,70,75,75,75,75,75,75,75,75,75,75,75,75,75,75,75,75,75,75,75,75,75,75,75,75,75,75,75,71,71,71,71,71,71,71,71,71,71,71,71,71],"card_choices":[{"not_picked":["Well Laid Plans","Backflip"],"picked":"Leg Sweep","floor":1.0},{"not_picked":["Tactician","Dagger Throw"],"picked":"Backflip","floor":5.0},{"not_picked":["Outmaneuver","Skewer"],"picked":"Cloak And Dagger","floor":8.0},{"not_picked":["Prepared","Leg Sweep"],"picked":"Blur","floor":11.0},{"not_picked":["Predator","Noxious Fumes"],"picked":"Footwork","floor":14.0},{"not_picked":["Envenom","Storm of Steel"],"picked":"Adrenaline","floor":16.0},{"not_picked":[],"picked":"Blur+1","floor":18.0},{"not_picked":["Flechettes"],"picked":"SKIP","floor":20.0},{"not_picked":["Sucker Punch"],"picked":"SKIP","floor":24.0},{"not_picked":[],"picked":"PiercingWail","floor":25.0},{"not_picked":["Slice+1"],"picked":"SKIP","floor":28.0},{"not_picked":["Masterful Stab"],"picked":"SKIP","floor":29.0},{"not_picked":[],"picked":"Tools of the Trade","floor":33.0},{"not_picked":["Leg Sweep"],"picked":"SKIP","floor":35.0},{"not_picked":["Deadly Poison"],"picked":"SKIP","floor":37.0},{"not_picked":["Outmaneuver"],"picked":"SKIP","floor":39},{"not_picked":["All Out Attack"],"picked":"SKIP","floor":42},{"not_picked":[],"picked":"Cloak And Dagger+1","floor":46},{"not_picked":["Riddle With Holes+1"],"picked":"SKIP","floor":47}],"player_experience":210970,"relics_obtained":[{"floor":9.0,"key":"Orichalcum"},{"floor":25.0,"key":"Bird Faced Urn"},{"floor":26.0,"key":"Vajra"},{"floor":43,"key":"Meat on the Bone"}],"event_choices":[{"cards_removed":["Defend_G"],"damage_healed":0.0,"max_hp_gain":0.0,"max_hp_loss":0.0,"gold_gain":0.0,"event_name":"Living Wall","player_choice":"Forget","floor":2.0,"gold_loss":0.0,"damage_taken":0.0},{"damage_healed":0.0,"max_hp_gain":0.0,"max_hp_loss":0.0,"gold_gain":0.0,"event_name":"Scrap Ooze","player_choice":"Success","floor":4.0,"gold_loss":0.0,"damage_taken":7.0,"relics_obtained":["Juzu Bracelet"]},{"damage_healed":0.0,"max_hp_gain":0.0,"max_hp_loss":0.0,"gold_gain":0.0,"event_name":"Shining Light","player_choice":"Entered Light","floor":7.0,"gold_loss":0.0,"damage_taken":14.0,"cards_upgraded":["Envenom","Strike_G"]},{"damage_healed":0.0,"max_hp_gain":0.0,"max_hp_loss":0.0,"gold_gain":0.0,"event_name":"Colosseum","player_choice":"Fight","floor":19.0,"gold_loss":0.0,"damage_taken":0.0},{"damage_healed":0.0,"max_hp_gain":0.0,"max_hp_loss":0.0,"gold_gain":0.0,"event_name":"Colosseum","player_choice":"Fled From Nobs","floor":19.0,"gold_loss":0.0,"damage_taken":0.0},{"damage_healed":0.0,"max_hp_gain":0.0,"max_hp_loss":0.0,"gold_gain":0.0,"event_name":"The Library","player_choice":"Read","floor":21.0,"gold_loss":0.0,"damage_taken":0.0,"cards_obtained":["Cloak And Dagger"]},{"cards_removed":["Defend_G"],"damage_healed":0.0,"max_hp_gain":0.0,"max_hp_loss":0.0,"gold_gain":0.0,"event_name":"Back to Basics","player_choice":"Elegance","floor":22.0,"gold_loss":0.0,"damage_taken":0.0},{"damage_healed":0.0,"max_hp_gain":0.0,"max_hp_loss":0.0,"gold_gain":99.0,"event_name":"Nest","player_choice":"Stole From Cult","floor":27.0,"gold_loss":0.0,"damage_taken":0.0},{"damage_healed":0.0,"max_hp_gain":0.0,"max_hp_loss":0.0,"gold_gain":0.0,"event_name":"The Woman in Blue","player_choice":"Bought 0 Potions","floor":36.0,"gold_loss":0.0,"damage_taken":0.0},{"damage_healed":0.0,"max_hp_gain":0.0,"max_hp_loss":4.0,"gold_gain":0.0,"event_name":"Winding Halls","player_choice":"Max HP","floor":38.0,"gold_loss":0.0,"damage_taken":0.0},{"damage_healed":0,"gold_gain":0,"player_choice":"Ignored","damage_taken":0,"max_hp_gain":0,"max_hp_loss":0,"event_name":"Mysterious Sphere","floor":40,"gold_loss":0},{"cards_removed":["Strike_G"],"damage_healed":0,"gold_gain":0,"player_choice":"Removed Attack","damage_taken":0,"max_hp_gain":0,"max_hp_loss":0,"event_name":"Falling","floor":41,"gold_loss":0},{"damage_healed":0,"gold_gain":0,"player_choice":"Ignored","damage_taken":0,"max_hp_gain":0,"max_hp_loss":0,"event_name":"Tomb of Lord Red Mask","floor":45,"gold_loss":0}],"is_beta":false,"boss_relics":[{"not_picked":["Philosopher\u0027s Stone","Velvet Choker"],"picked":"Busted Crown"},{"not_picked":["Cursed Key","Snecko Eye"],"picked":"Astrolabe"}],"items_purged_floors":[12,48],"is_endless":false,"potions_floor_spawned":[1,8,14,19,20,25,33,35,37,42],"ascension_level":0}