{"gold_per_floor":[113,113,288,126,136,161,179,209,209,219,253,263,263,279,279,381,381,400,400,400,219,235,260,260,260,260,260,276,296,296,106,106,106],"floor_reached":33,"playtime":795,"items_purged":["Doubt"],"score":481,"play_id":"41016720-ab7a-46c9-a8d2-cb96f3b127c1","local_time":"20190121160030","is_ascension_mode":true,"campfire_choices":[{"data":"Noxious Fumes","floor":13,"key":"SMITH"},{"data":"Footwork","floor":15,"key":"SMITH"},{"floor":25,"key":"REST"},{"floor":27,"key":"REST"},{"floor":32,"key":"REST"}],"neow_cost":"NONE","seed_source_timestamp":8137672231475,"circlet_count":0,"master_deck":["Defend_G","Defend_G","Defend_G","Defend_G","Defend_G","Strike_G","Strike_G","Strike_G","Strike_G","Strike_G","Survivor","Neutralize","Poisoned Stab","Footwork+1","Deflect","Deadly Poison","Backstab+1","Poisoned Stab+1","Dodge and Roll","Deadly Poison","Noxious Fumes+1","Poisoned Stab+1","Glass Knife+1","Dodge and Roll","RitualDagger+1","Caltrops","Envenom","Backflip+1","Normality","Bane+1","Catalyst","Deflect"],"relics":["Ring of the Snake","NeowsBlessing","Molten Egg 2","Mercury Hourglass","Art of War","Dodecahedron","Letter Opener","Cursed Key","Snake Skull","Mummified Hand","Paper Crane","Question Card","Bronze Scales"],"potions_floor_usage":[11,23,28,30],"damage_taken":[{"damage":0,"enemies":"Jaw Worm","floor":1,"turns":1},{"damage":0,"enemies":"Small Slimes","floor":5,"turns":1},{"damage":0,"enemies":"Gremlin Nob","floor":6,"turns":1},{"damage":0,"enemies":"2 Louse","floor":7,"turns":2},{"damage":0,"enemies":"Large Slime","floor":10,"turns":4},{"damage":3,"enemies":"3 Sentries","floor":11,"turns":6},{"damage":1,"enemies":"Looter","floor":12,"turns":2},{"damage":7,"enemies":"Exordium Thugs","floor":14,"turns":4},{"damage":0,"enemies":"Slime Boss","floor":16,"turns":8},{"damage":4,"enemies":"Shell Parasite","floor":18,"turns":3},{"damage":0,"enemies":"Spheric Guardian","floor":22,"turns":1},{"damage":44,"enemies":"Slavers","floor":23,"turns":4},{"damage":15,"enemies":"Shelled Parasite and Fungi","floor":28,"turns":3},{"damage":0,"enemies":"Snake Plant","floor":29,"turns":2},{"damage":0,"enemies":"Gremlin Leader","floor":30,"turns":2},{"damage":71,"enemies":"Champ","floor":33,"turns":7}],"seed_played":"-5190333613482728937","potions_obtained":[{"floor":7,"key":"Strength Potion"},{"floor":10,"key":"Poison Potion"},{"floor":11,"key":"Poison Potion"},{"floor":14,"key":"FearPotion"},{"floor":18,"key":"LiquidBronze"},{"floor":22,"key":"Explosive Potion"},{"floor":23,"key":"SmokeBomb"}],"is_trial":false,"path_per_floor":["M","?","?","$","M","E","M","?","T","M","E","M","R","M","R","B",null,"M","?","?","$","M","E","?","R","T","R","M","M","E","$","R","B"],"character_chosen":"THE_SILENT","items_purchased":["Footwork","Deflect","Snake Skull","Caltrops","Bronze Scales","Deflect"],"campfire_rested":3,"item_purchase_floors":[4,4,21,21,31,31],"current_hp_per_floor":[63,56,56,56,56,56,56,56,56,56,53,52,52,45,45,45,64,60,60,54,54,54,10,10,31,31,52,37,37,37,37,58,0],"gold":106,"neow_bonus":"THREE_ENEMY_KILL","is_prod":false,"is_daily":false,"chose_seed":false,"campfire_upgraded":2,"win_rate":0,"timestamp":1548111630,"path_taken":["M","?","?","$","M","E","M","?","T","M","E","M","R","M","R","BOSS","M","?","?","$","M","E","?","R","T","R","M","?","E","?","R","BOSS"],"build_version":"2019-01-17v2","purchased_purges":1,"victory":false,"max_hp_per_floor":[70,70,70,70,70,70,70,70,70,70,70,70,70,70,70,70,70,70,70,70,70,70,70,70,70,70,70,70,70,70,70,70,70],"card_choices":[{"not_picked":["Prepared","Dagger Spray"],"picked":"Poisoned Stab","floor":1},{"not_picked":["Choke+1","Skewer+1"],"picked":"Deadly Poison","floor":5},{"not_picked":["A Thousand Cuts","Riddle With Holes+1"],"picked":"Backstab+1","floor":6},{"not_picked":["Sucker Punch+1","Backflip"],"picked":"Poisoned Stab+1","floor":7},{"not_picked":["Caltrops","PiercingWail"],"picked":"Dodge and Roll","floor":10},{"not_picked":["All Out Attack+1","Calculated Gamble"],"picked":"Deadly Poison","floor":11},{"not_picked":["Prepared","Tactician"],"picked":"Noxious Fumes","floor":12},{"not_picked":["Outmaneuver","Deadly Poison"],"picked":"Poisoned Stab+1","floor":14},{"not_picked":["Doppelganger","Die Die Die+1"],"picked":"Glass Knife+1","floor":16},{"not_picked":["Underhanded Strike+1","Poisoned Stab+1"],"picked":"Dodge and Roll","floor":18},{"not_picked":["Endless Agony+1","Quick Slash+1"],"picked":"Envenom","floor":22},{"not_picked":["Flying Knee+1","Blade Dance"],"picked":"Backflip+1","floor":23},{"not_picked":["Slice+1","Acrobatics","Deadly Poison"],"picked":"Bane+1","floor":28},{"not_picked":["Slice+1","Cloak And Dagger","Well Laid Plans"],"picked":"Catalyst","floor":29}],"player_experience":1264307,"relics_obtained":[{"floor":6,"key":"Mercury Hourglass"},{"floor":9,"key":"Dodecahedron"},{"floor":11,"key":"Letter Opener"},{"floor":23,"key":"Mummified Hand"},{"floor":26,"key":"Question Card"}],"event_choices":[{"damage_healed":0,"gold_gain":0,"player_choice":"Success","damage_taken":7,"relics_obtained":["Molten Egg 2"],"max_hp_gain":0,"max_hp_loss":0,"event_name":"Scrap Ooze","floor":2,"gold_loss":0},{"damage_healed":0,"gold_gain":175,"player_choice":"AGREE","damage_taken":0,"max_hp_gain":0,"max_hp_loss":0,"event_name":"Liars Game","floor":3,"gold_loss":0,"cards_obtained":["Doubt"]},{"damage_healed":0,"gold_gain":30,"player_choice":"Searched \u00272\u0027 times","damage_taken":0,"relics_obtained":["Art of War"],"max_hp_gain":0,"max_hp_loss":0,"event_name":"Dead Adventurer","floor":8,"gold_loss":0},{"damage_healed":0,"gold_gain":0,"player_choice":"Ignored","damage_taken":0,"max_hp_gain":0,"max_hp_loss":0,"event_name":"Ghosts","floor":19,"gold_loss":0},{"damage_healed":0,"gold_gain":0,"player_choice":"Joined the Cult","damage_taken":6,"max_hp_gain":0,"max_hp_loss":0,"event_name":"Nest","floor":20,"gold_loss":0,"cards_obtained":["RitualDagger"]},{"damage_healed":0,"gold_gain":0,"player_choice":"Gave Potion","damage_taken":0,"relics_obtained":["Paper Crane"],"max_hp_gain":0,"max_hp_loss":0,"event_name":"WeMeetAgain","floor":24,"gold_loss":0}],"is_beta":false,"boss_relics":[{"not_picked":["Runic Pyramid","Coffee Dripper"],"picked":"Cursed Key"}],"items_purged_floors":[4],"is_endless":false,"potions_floor_spawned":[7,10,11,14,18,22,23],"killed_by":"Champ","ascension_level":6}