{"gold_per_floor":[11,26,26,44,44,76,76,94,139,139],"floor_reached":10,"playtime":286,"items_purged":[],"score":92,"play_id":"2129469c-ac4d-4fda-9ae3-bae8a5061655","local_time":"20190305223725","is_ascension_mode":true,"campfire_choices":[{"data":"Zap","floor":7,"key":"SMITH"}],"neow_cost":"NO_GOLD","seed_source_timestamp":362948172102668,"circlet_count":0,"master_deck":["Strike_B","Strike_B","Strike_B","Defend_B","Defend_B","Defend_B","Defend_B","Zap+1","Dualcast","Loop","White Noise","Beam Cell","Melter","Self Repair"],"special_seed":0,"relics":["Cracked Core","Shuriken","Art of War"],"potions_floor_usage":[6,6],"damage_taken":[{"damage":7.0,"enemies":"Jaw Worm","floor":1.0,"turns":3.0},{"damage":7.0,"enemies":"2 Louse","floor":2.0,"turns":2.0},{"damage":1,"enemies":"Cultist","floor":4,"turns":3},{"damage":12,"enemies":"Gremlin Nob","floor":6,"turns":3},{"damage":12,"enemies":"Lots of Slimes","floor":8,"turns":4},{"damage":47,"enemies":"Lagavulin","floor":10,"turns":5}],"seed_played":"-1956755794711002264","potions_obtained":[{"floor":1.0,"key":"Weak Potion"},{"floor":4,"key":"FocusPotion"}],"is_trial":false,"path_per_floor":["M","M","?","M","?","E","R","M","T","E"],"character_chosen":"DEFECT","items_purchased":[],"campfire_rested":0,"item_purchase_floors":[],"current_hp_per_floor":[75,68,68,67,67,55,55,43,43,0],"gold":139,"neow_bonus":"TWENTY_PERCENT_HP_BONUS","is_prod":false,"is_daily":false,"chose_seed":false,"campfire_upgraded":1,"win_rate":0,"timestamp":1551850645,"path_taken":["M","M","?","M","?","E","R","?","T","E"],"build_version":"2019-01-23","purchased_purges":0,"victory":false,"max_hp_per_floor":[89,89,89,89,89,89,89,89,89,89],"card_choices":[{"not_picked":["Steam","Consume"],"picked":"Loop","floor":1.0},{"not_picked":["Ball Lightning","Barrage"],"picked":"White Noise","floor":2.0},{"not_picked":["Sweeping Beam","Lockon"],"picked":"Beam Cell","floor":4},{"not_picked":["Buffer","Conserve Battery"],"picked":"Melter","floor":6},{"not_picked":["Leap","Turbo"],"picked":"Self Repair","floor":8}],"player_experience":1648675,"relics_obtained":[{"floor":6,"key":"Shuriken"},{"floor":9,"key":"Art of War"}],"event_choices":[{"damage_healed":0.0,"max_hp_gain":0.0,"max_hp_loss":0.0,"gold_gain":0.0,"event_name":"The Cleric","player_choice":"Leave","floor":3.0,"gold_loss":0.0,"damage_taken":0.0},{"cards_removed":["Strike_B"],"damage_healed":0,"gold_gain":0,"player_choice":"Offered Basic","damage_taken":0,"max_hp_gain":0,"max_hp_loss":0,"event_name":"Bonfire Elementals","floor":5,"gold_loss":0}],"is_beta":false,"boss_relics":[],"items_purged_floors":[],"is_endless":false,"potions_floor_spawned":[1,4],"killed_by":"Lagavulin","ascension_level":7}