{"gold_per_floor":[114,129,129,12,12,12,42,42,42,72,137,152,182,197,197,297,297,312,312,327,342,342,372,372,50,75,90,90,120,120,150,150,250,250,265,280,295,295,22,52,52,82,82,82,112,27,42,92,92,92],"floor_reached":51,"playtime":6656,"items_purged":[],"score":884,"play_id":"005c6efe-bae0-4f8d-a0f3-bc37f286a035","local_time":"20190329120544","daily_mods":["SealedDeck","Uncertain Future","Elite Swarm"],"is_ascension_mode":false,"campfire_choices":[{"floor":6,"key":"REST"},{"data":"Envenom","floor":8,"key":"SMITH"},{"floor":15,"key":"REST"},{"floor":24,"key":"REST"},{"floor":28,"key":"REST"},{"floor":32,"key":"REST"},{"floor":41,"key":"REST"},{"floor":44,"key":"REST"},{"floor":49,"key":"REST"}],"neow_cost":"","seed_source_timestamp":0,"circlet_count":0,"master_deck":["Skewer","Dagger Throw+1","Underhanded Strike","Underhanded Strike","Acrobatics","Backflip","Dagger Throw","Terror+1","Prepared","Expertise","Caltrops","Endless Agony","Envenom+1","Grand Finale+1","Dodge and Roll","After Image","Well Laid Plans","Die Die Die+1","Tactician+1","Crippling Poison","Well Laid Plans","Adrenaline","Apotheosis","Noxious Fumes+1","Flying Knee+1","Underhanded Strike+1","Wraith Form v2+1","Bite+1","Bite+1","Bite+1","Bite+1","Bite+1","Night Terror","Storm of Steel","Poisoned Stab+1","Parasite","Bouncing Flask+1","Catalyst","Bullet Time","Grand Finale+1","Corpse Explosion","Bane+1","Outmaneuver","Dash+1","Outmaneuver+1"],"special_seed":17984,"relics":["Ring of the Snake","Meat on the Bone","Molten Egg 2","Girya","Snecko Eye","Frozen Egg 2","Regal Pillow","Ginger","Letter Opener","Lizard Tail","SsserpentHead","Lee\u0027s Waffle","Unceasing Top","Boot","Kunai","StoneCalendar"],"potions_floor_usage":[7,21,21,27,27,37,37,40,45,50],"damage_taken":[{"damage":0,"enemies":"2 Louse","floor":1,"turns":1},{"damage":0,"enemies":"Small Slimes","floor":2,"turns":1},{"damage":2,"enemies":"3 Sentries","floor":7,"turns":6},{"damage":31,"enemies":"Lagavulin","floor":10,"turns":3},{"damage":0,"enemies":"Cultist","floor":12,"turns":2},{"damage":23,"enemies":"3 Sentries","floor":13,"turns":4},{"damage":7,"enemies":"Blue Slaver","floor":14,"turns":2},{"damage":0,"enemies":"Slime Boss","floor":16,"turns":5},{"damage":0,"enemies":"Spheric Guardian","floor":18,"turns":2},{"damage":6,"enemies":"2 Thieves","floor":20,"turns":2},{"damage":7,"enemies":"3 Cultists","floor":21,"turns":3},{"damage":23,"enemies":"Slavers","floor":23,"turns":4},{"damage":19,"enemies":"Cultist and Chosen","floor":27,"turns":5},{"damage":51,"enemies":"Book of Stabbing","floor":29,"turns":4},{"damage":19,"enemies":"Slavers","floor":31,"turns":3},{"damage":40,"enemies":"Automaton","floor":33,"turns":7},{"damage":22,"enemies":"Orb Walker","floor":35,"turns":3},{"damage":20,"enemies":"3 Shapes","floor":36,"turns":3},{"damage":34,"enemies":"Writhing Mass","floor":37,"turns":5},{"damage":59,"enemies":"Reptomancer","floor":40,"turns":9},{"damage":27,"enemies":"Giant Head","floor":42,"turns":7},{"damage":50,"enemies":"Reptomancer","floor":45,"turns":7},{"damage":0,"enemies":"3 Darklings","floor":47,"turns":2},{"damage":100,"enemies":"Awakened One","floor":50,"turns":9}],"seed_played":"5108199104389933622","potions_obtained":[{"floor":1,"key":"GhostInAJar"},{"floor":2,"key":"Ancient Potion"},{"floor":12,"key":"SpeedPotion"},{"floor":14,"key":"SkillPotion"},{"floor":18,"key":"PowerPotion"},{"floor":21,"key":"Explosive Potion"},{"floor":23,"key":"SkillPotion"},{"floor":31,"key":"Swift Potion"},{"floor":36,"key":"GhostInAJar"},{"floor":37,"key":"Energy Potion"},{"floor":40,"key":"Ancient Potion"},{"floor":42,"key":"PowerPotion"},{"floor":47,"key":"AttackPotion"}],"is_trial":false,"path_per_floor":["M","M","?","$","?","R","E","R","T","E","?","M","E","M","R","B",null,"M","?","M","M","?","E","R","$","T","M","R","E","?","E","R","B",null,"M","M","M","?","$","E","R","E","T","R","E","$","M","?","R","B",null],"character_chosen":"THE_SILENT","items_purchased":["Caltrops","Endless Agony","Apotheosis","Noxious Fumes+1","Flying Knee+1","Lee\u0027s Waffle","Catalyst","Bane+1","Outmaneuver","Dash+1"],"campfire_rested":8,"item_purchase_floors":[4,4,25,25,25,39,39,46,46,46],"current_hp_per_floor":[70,70,56,56,56,70,68,68,68,37,37,39,30,37,58,60,70,70,70,64,59,46,37,59,59,59,42,75,36,36,41,75,44,75,59,42,38,38,82,53,82,58,58,82,44,44,50,50,82,40],"gold":92,"neow_bonus":"","is_prod":false,"is_daily":true,"chose_seed":false,"campfire_upgraded":1,"win_rate":0,"timestamp":1553861144,"path_taken":["M","M","?","$","?","R","E","R","T","E","?","M","E","M","R","BOSS","M","?","M","M","?","E","R","$","T","M","R","E","?","E","R","BOSS","M","M","M","?","$","E","R","E","T","R","E","?","M","?","R","BOSS"],"build_version":"2019-01-23","purchased_purges":0,"victory":true,"max_hp_per_floor":[70,70,70,70,70,70,70,70,70,70,70,70,70,70,70,70,70,70,70,70,70,75,75,75,75,75,75,75,75,75,75,75,75,75,75,75,75,75,82,82,82,82,82,82,82,82,82,82,82,82],"card_choices":[{"not_picked":["Bane","Footwork"],"picked":"Prepared","floor":1},{"not_picked":["PiercingWail","Blade Dance"],"picked":"Expertise","floor":2},{"not_picked":["A Thousand Cuts","Unload"],"picked":"Envenom","floor":7},{"not_picked":["Burst","Phantasmal Killer"],"picked":"Grand Finale+1","floor":10},{"not_picked":["Dagger Spray+1","Dagger Throw+1"],"picked":"Dodge and Roll","floor":12},{"not_picked":["Die Die Die+1","A Thousand Cuts"],"picked":"After Image","floor":13},{"not_picked":["Poisoned Stab+1","Masterful Stab+1"],"picked":"Well Laid Plans","floor":14},{"not_picked":["Envenom","A Thousand Cuts"],"picked":"Die Die Die+1","floor":16},{"not_picked":["All Out Attack+1","Dagger Spray+1"],"picked":"Tactician+1","floor":18},{"not_picked":["Cloak And Dagger","Acrobatics"],"picked":"Crippling Poison","floor":20},{"not_picked":["Flying Knee+1","Riddle With Holes+1"],"picked":"Well Laid Plans","floor":21},{"not_picked":["Malaise","Glass Knife+1"],"picked":"Adrenaline","floor":23},{"not_picked":["Backflip","Sucker Punch+1"],"picked":"Underhanded Strike+1","floor":27},{"not_picked":["After Image+1","Glass Knife+1"],"picked":"Wraith Form v2+1","floor":29},{"not_picked":["Unload+1","Die Die Die+1"],"picked":"Night Terror","floor":31},{"not_picked":["Malaise","Burst"],"picked":"Storm of Steel","floor":33},{"not_picked":["Caltrops+1","Sucker Punch+1"],"picked":"Poisoned Stab+1","floor":35},{"not_picked":["Dodge and Roll+1","Flechettes+1","Flying Knee+1"],"picked":"SKIP","floor":36},{"not_picked":["Blade Dance+1","Footwork+1"],"picked":"Bouncing Flask+1","floor":37},{"not_picked":["Die Die Die+1","Burst"],"picked":"Bullet Time","floor":40},{"not_picked":["After Image+1","Storm of Steel"],"picked":"Grand Finale+1","floor":42},{"not_picked":["Unload+1","Envenom+1"],"picked":"Corpse Explosion","floor":45},{"not_picked":["Dodge and Roll+1","Prepared+1"],"picked":"Outmaneuver+1","floor":47}],"player_experience":282248,"relics_obtained":[{"floor":7,"key":"Meat on the Bone"},{"floor":9,"key":"Molten Egg 2"},{"floor":10,"key":"Blood Vial"},{"floor":13,"key":"Girya"},{"floor":23,"key":"Frozen Egg 2"},{"floor":26,"key":"Regal Pillow"},{"floor":29,"key":"Ginger"},{"floor":31,"key":"Letter Opener"},{"floor":40,"key":"Unceasing Top"},{"floor":42,"key":"Boot"},{"floor":43,"key":"Kunai"},{"floor":45,"key":"StoneCalendar"}],"event_choices":[{"damage_healed":0,"gold_gain":0,"player_choice":"Entered Light","damage_taken":14,"max_hp_gain":0,"max_hp_loss":0,"event_name":"Shining Light","floor":3,"gold_loss":0,"cards_upgraded":["Dagger Throw","Terror"]},{"damage_healed":0,"gold_gain":0,"player_choice":"Leave","damage_taken":0,"max_hp_gain":0,"max_hp_loss":0,"event_name":"The Cleric","floor":5,"gold_loss":0},{"damage_healed":0,"gold_gain":65,"player_choice":"Gained Gold","damage_taken":0,"max_hp_gain":0,"max_hp_loss":0,"event_name":"Golden Wing","floor":11,"gold_loss":0},{"cards_removed":["Acrobatics"],"damage_healed":0,"gold_gain":0,"player_choice":"Elegance","damage_taken":0,"max_hp_gain":0,"max_hp_loss":0,"event_name":"Back to Basics","floor":19,"gold_loss":0},{"damage_healed":0,"gold_gain":0,"player_choice":"Shed Blood","damage_taken":18,"max_hp_gain":5,"max_hp_loss":0,"event_name":"Forgotten Altar","floor":22,"gold_loss":0},{"damage_healed":0,"gold_gain":0,"player_choice":"Became a vampire (Vial)","damage_taken":0,"max_hp_gain":0,"max_hp_loss":0,"event_name":"Vampires","floor":30,"relics_lost":["Blood Vial"],"gold_loss":0,"cards_obtained":["Bite","Bite","Bite","Bite","Bite"]},{"damage_healed":0,"gold_gain":0,"player_choice":"Trade","damage_taken":0,"relics_obtained":["SsserpentHead"],"max_hp_gain":0,"max_hp_loss":0,"event_name":"FaceTrader","floor":38,"gold_loss":0},{"cards_removed":["Acrobatics"],"damage_healed":0,"gold_gain":0,"player_choice":"Removed Skill","damage_taken":0,"max_hp_gain":0,"max_hp_loss":0,"event_name":"Falling","floor":48,"gold_loss":0}],"is_beta":false,"boss_relics":[{"not_picked":["Busted Crown","Empty Cage"],"picked":"Snecko Eye"},{"not_picked":["White Beast Statue","Runic Dome"],"picked":"Lizard Tail"}],"items_purged_floors":[],"is_endless":false,"potions_floor_spawned":[1,2,12,14,18,21,23,31,36,37,40,42,47],"ascension_level":0}