{"gold_per_floor":[112,8,8,8,26,52,52,69,69,101,101,112,112,125,125,201,201,214,229,18,18,18,44,44,44,44,63,13,13,28,61,61,135,135,145,145,145,161,213,213,223,241,323,323,341,368,468,500,500,500],"floor_reached":50,"playtime":3799,"items_purged":["Pain","Flechettes+1"],"score":995,"play_id":"ac3a013f-8d0b-46f4-a378-fe34d5421a43","local_time":"20190404015653","is_ascension_mode":true,"campfire_choices":[{"data":"Footwork","floor":7,"key":"SMITH"},{"data":"Caltrops","floor":15,"key":"SMITH"},{"floor":25,"key":"REST"},{"floor":29,"key":"REST"},{"floor":32,"key":"REST"},{"floor":40,"key":"REST"},{"floor":44,"key":"REST"},{"floor":49,"key":"REST"}],"neow_cost":"NONE","seed_source_timestamp":1647529029462250,"circlet_count":0,"master_deck":["AscendersBane","Defend_G+1","Defend_G+1","Defend_G+1","Defend_G+1","Defend_G+1","Strike_G+1","Survivor","Neutralize","Choke","Footwork+1","All Out Attack","Poisoned Stab","Caltrops+1","All Out Attack","Calculated Gamble+1","Dagger Throw","Tools of the Trade","Skewer+1","Well Laid Plans+1","Underhanded Strike","Acrobatics+1","Unload","RitualDagger","Tactician+1","Backflip+1","Prepared+1","Storm of Steel+1","Underhanded Strike+1","Acrobatics+1","Underhanded Strike","Acrobatics+1","Concentrate+1","Backflip+1","Footwork"],"relics":["Ring of the Snake","NeowsBlessing","Tingsha","Mercury Hourglass","Smiling Mask","Toxic Egg 2","WarpedTongs","Astrolabe","Lantern","Blood Vial","Pen Nib","Oddly Smooth Stone","Lizard Tail","Torii","Nunchaku","Shovel","Art of War"],"potions_floor_usage":[23,23,39,39,48],"damage_taken":[{"damage":0,"enemies":"Jaw Worm","floor":1,"turns":1},{"damage":0,"enemies":"2 Louse","floor":5,"turns":1},{"damage":0,"enemies":"Lagavulin","floor":6,"turns":1},{"damage":0,"enemies":"Cultist","floor":8,"turns":4},{"damage":7,"enemies":"3 Sentries","floor":10,"turns":5},{"damage":0,"enemies":"Looter","floor":12,"turns":3},{"damage":4,"enemies":"Gremlin Gang","floor":14,"turns":2},{"damage":23,"enemies":"Hexaghost","floor":16,"turns":8},{"damage":5,"enemies":"Chosen","floor":18,"turns":4},{"damage":29,"enemies":"2 Thieves","floor":19,"turns":3},{"damage":29,"enemies":"Book of Stabbing","floor":23,"turns":5},{"damage":12,"enemies":"Centurion and Healer","floor":27,"turns":6},{"damage":4,"enemies":"Chosen and Byrds","floor":30,"turns":3},{"damage":17,"enemies":"Slavers","floor":31,"turns":4},{"damage":25,"enemies":"Collector","floor":33,"turns":8},{"damage":15,"enemies":"3 Darklings","floor":35,"turns":3},{"damage":12,"enemies":"3 Shapes","floor":38,"turns":4},{"damage":29,"enemies":"2 Orb Walkers","floor":39,"turns":3},{"damage":15,"enemies":"3 Darklings","floor":41,"turns":4},{"damage":0,"enemies":"Sphere and 2 Shapes","floor":42,"turns":6},{"damage":1,"enemies":"Transient","floor":45,"turns":5},{"damage":6,"enemies":"Reptomancer","floor":46,"turns":5},{"damage":12,"enemies":"Mind Bloom Boss Battle","floor":47,"turns":7},{"damage":1,"enemies":"Giant Head","floor":48,"turns":6},{"damage":98,"enemies":"Time Eater","floor":50,"turns":9}],"seed_played":"5727395326445546515","potions_obtained":[{"floor":5,"key":"Explosive Potion"},{"floor":6,"key":"GamblersBrew"},{"floor":16,"key":"Fire Potion"},{"floor":19,"key":"Regen Potion"},{"floor":30,"key":"Poison Potion"},{"floor":33,"key":"SteroidPotion"},{"floor":38,"key":"Swift Potion"},{"floor":41,"key":"AttackPotion"},{"floor":45,"key":"GamblersBrew"},{"floor":47,"key":"Swift Potion"}],"is_trial":false,"path_per_floor":["?","?","M","?","M","?","$","?","?","?","?","?","M","?","?"],"character_chosen":"THE_SILENT","items_purchased":["Footwork","All Out Attack","Unload"],"campfire_rested":6,"item_purchase_floors":[2,2,20],"current_hp_per_floor":[63,63,49,49,49,49,49,49,49,42,42,42,42,38,38,15,56,51,22,22,22,16,1,1,22,22,12,12,33,31,16,37,14,56,43,43,43,33,6,27,14,16,16,37,38,34,24,25,46,0],"gold":500,"neow_bonus":"THREE_ENEMY_KILL","is_prod":false,"is_daily":false,"chose_seed":false,"campfire_upgraded":2,"win_rate":0,"timestamp":1554357413,"path_taken":["M","$","?","?","?","E","R","M","T","E","?","?","?","M","R","BOSS","M","M","?","?","?","E","?","R","T","M","$","R","M","E","R","BOSS","M","?","?","?","?","R","M","M","T","R","M","E","?","E","R","BOSS"],"build_version":"2019-01-23","purchased_purges":2,"victory":false,"max_hp_per_floor":[70,70,70,70,70,70,70,70,70,70,70,70,70,70,70,70,70,70,70,70,70,70,70,70,70,70,70,70,70,70,70,70,70,70,70,70,70,70,70,70,70,70,70,70,70,70,70,70,70,70],"card_choices":[{"not_picked":["Blade Dance","Dagger Spray"],"picked":"Choke","floor":1},{"not_picked":["Underhanded Strike","Prepared"],"picked":"Poisoned Stab","floor":5},{"not_picked":["Concentrate","Poisoned Stab"],"picked":"Caltrops","floor":6},{"not_picked":["Deadly Poison","Finisher","Prepared"],"picked":"SKIP","floor":8},{"not_picked":["Dodge and Roll","Catalyst"],"picked":"All Out Attack","floor":10},{"not_picked":["Deflect+1","Bouncing Flask+1"],"picked":"Calculated Gamble+1","floor":12},{"not_picked":["Bane","Slice"],"picked":"Dagger Throw","floor":14},{"not_picked":["Doppelganger+1","Corpse Explosion+1"],"picked":"Tools of the Trade","floor":16},{"not_picked":["Dagger Spray","Poisoned Stab+1"],"picked":"Underhanded Strike","floor":18},{"not_picked":["Backflip+1","Bane"],"picked":"Acrobatics+1","floor":19},{"not_picked":["Corpse Explosion+1","Eviscerate"],"picked":"Tactician+1","floor":23},{"not_picked":["Flying Knee","Deadly Poison+1"],"picked":"Backflip+1","floor":27},{"not_picked":["Dagger Spray","Caltrops"],"picked":"Prepared+1","floor":30},{"not_picked":["Blade Dance+1","Setup+1"],"picked":"Backflip+1","floor":31},{"not_picked":["Unload","Malaise+1"],"picked":"Storm of Steel+1","floor":33},{"not_picked":["Slice","Dagger Throw+1","Cloak And Dagger+1"],"picked":"SKIP","floor":35},{"not_picked":["Bane","Deflect+1"],"picked":"Underhanded Strike+1","floor":38},{"not_picked":["Choke","Dash"],"picked":"Acrobatics+1","floor":39},{"not_picked":["Bouncing Flask+1","Riddle With Holes+1"],"picked":"Underhanded Strike","floor":41},{"not_picked":["Riddle With Holes+1","Backflip+1"],"picked":"Acrobatics+1","floor":42},{"not_picked":["Poisoned Stab","Finisher+1"],"picked":"Concentrate+1","floor":45},{"not_picked":["Predator","Sucker Punch"],"picked":"Backflip+1","floor":46},{"not_picked":["Dodge and Roll+1","Terror+1"],"picked":"Footwork","floor":47},{"not_picked":["Bane","Leg Sweep+1","Outmaneuver+1"],"picked":"SKIP","floor":48}],"player_experience":1456039,"relics_obtained":[{"floor":6,"key":"Tingsha"},{"floor":9,"key":"Mercury Hourglass"},{"floor":10,"key":"Smiling Mask"},{"floor":11,"key":"Toxic Egg 2"},{"floor":23,"key":"Blood Vial"},{"floor":26,"key":"Pen Nib"},{"floor":31,"key":"Oddly Smooth Stone"},{"floor":39,"key":"Torii"},{"floor":46,"key":"Nunchaku"},{"floor":47,"key":"Shovel"},{"floor":48,"key":"Art of War"}],"event_choices":[{"damage_healed":0,"gold_gain":0,"player_choice":"Entered Light","damage_taken":14,"max_hp_gain":0,"max_hp_loss":0,"event_name":"Shining Light","floor":3,"gold_loss":0,"cards_upgraded":["Defend_G","Strike_G"]},{"cards_removed":["Strike_G"],"damage_healed":0,"gold_gain":0,"player_choice":"Offered Basic","damage_taken":0,"max_hp_gain":0,"max_hp_loss":0,"event_name":"Bonfire Elementals","floor":4,"gold_loss":0},{"damage_healed":0,"gold_gain":0,"player_choice":"Relic","damage_taken":0,"max_hp_gain":0,"max_hp_loss":0,"event_name":"Wheel of Change","floor":11,"gold_loss":0},{"damage_healed":0,"gold_gain":0,"player_choice":"Rummage","damage_taken":0,"relics_obtained":["WarpedTongs"],"max_hp_gain":0,"max_hp_loss":0,"event_name":"Accursed Blacksmith","floor":13,"gold_loss":0,"cards_obtained":["Pain"]},{"damage_healed":0,"gold_gain":0,"player_choice":"Opened","damage_taken":0,"relics_obtained":["Lantern"],"max_hp_gain":0,"max_hp_loss":0,"event_name":"The Mausoleum","floor":21,"gold_loss":0},{"damage_healed":0,"gold_gain":0,"player_choice":"Joined the Cult","damage_taken":6,"max_hp_gain":0,"max_hp_loss":0,"event_name":"Nest","floor":22,"gold_loss":0,"cards_obtained":["RitualDagger"]},{"damage_healed":0,"gold_gain":0,"player_choice":"Simplicity","damage_taken":0,"max_hp_gain":0,"max_hp_loss":0,"event_name":"Back to Basics","floor":24,"gold_loss":0,"cards_upgraded":["Defend_G","Defend_G","Defend_G","Defend_G"]},{"cards_removed":["Backflip"],"damage_healed":0,"gold_gain":0,"player_choice":"Removed Skill","damage_taken":0,"max_hp_gain":0,"max_hp_loss":0,"event_name":"Falling","floor":36,"gold_loss":0},{"damage_healed":0,"gold_gain":0,"player_choice":"Bought 0 Potions","damage_taken":0,"max_hp_gain":0,"max_hp_loss":0,"event_name":"The Woman in Blue","floor":37,"gold_loss":0},{"damage_healed":0,"gold_gain":0,"player_choice":"Fight","damage_taken":0,"max_hp_gain":0,"max_hp_loss":0,"event_name":"Mysterious Sphere","floor":39,"gold_loss":0},{"damage_healed":0,"gold_gain":0,"player_choice":"Fight","damage_taken":0,"max_hp_gain":0,"max_hp_loss":0,"event_name":"MindBloom","floor":47,"gold_loss":0}],"is_beta":false,"boss_relics":[{"not_picked":["Black Star","Orrery"],"picked":"Astrolabe"},{"not_picked":["Velvet Choker","Philosopher\u0027s Stone"],"picked":"Lizard Tail"}],"items_purged_floors":[20,28],"is_endless":false,"potions_floor_spawned":[5,6,8,16,19,30,33,38,41,45,47],"killed_by":"Time Eater","ascension_level":13}