{"gold_per_floor":[114,114,124,124,136,161,176,207,278,306,85,116,116,116,116,213,213,233,133,133,133,48,76,92,102,154,154,29,60,73,93,93,193,193,205,220,70,80,80,80,113,130,130,155,175,192,207,207,207,207,207,207,7,41,41],"floor_reached":55,"playtime":6833,"items_purged":["Defend_R","Defend_R","Defend_R","Strike_R","Strike_R"],"score":1064,"play_id":"3d67ba13-8879-45db-ae3b-691641ee2442","local_time":"20190203124416","is_ascension_mode":true,"campfire_choices":[{"data":"Iron Wave","floor":13,"key":"SMITH"},{"data":"Anger","floor":15,"key":"SMITH"},{"data":"Flex","floor":27,"key":"SMITH"},{"data":"Feed","floor":32,"key":"SMITH"},{"floor":40,"key":"RECALL"},{"data":"Anger","floor":49,"key":"SMITH"},{"data":"Clash","floor":52,"key":"SMITH"}],"neow_cost":"NONE","seed_source_timestamp":476126873159105,"circlet_count":0,"master_deck":["Strike_R","Strike_R+1","Clash+1","Anger+1","Anger+1","Clash+1","Iron Wave+1","Anger+1","Flex+1","Feed+1","Fiend Fire","Flex"],"relics":["Burning Blood","Mercury Hourglass","Shuriken","Whetstone","Sundial","Unceasing Top","Lantern","FossilizedHelix","Kunai","Busted Crown","Pen Nib","Dodecahedron","PreservedInsect","Dream Catcher","Empty Cage","Ancient Tea Set","Champion Belt","Pocketwatch","Pear"],"potions_floor_usage":[50,55,55],"damage_taken":[{"damage":10,"enemies":"Cultist","floor":1,"turns":5},{"damage":8,"enemies":"Small Slimes","floor":3,"turns":2},{"damage":0,"enemies":"Jaw Worm","floor":5,"turns":2},{"damage":14,"enemies":"Gremlin Nob","floor":6,"turns":3},{"damage":3,"enemies":"Blue Slaver","floor":7,"turns":2},{"damage":8,"enemies":"3 Sentries","floor":8,"turns":5},{"damage":6,"enemies":"Gremlin Nob","floor":10,"turns":3},{"damage":10,"enemies":"Lagavulin","floor":12,"turns":3},{"damage":35,"enemies":"Hexaghost","floor":16,"turns":5},{"damage":0,"enemies":"Chosen","floor":18,"turns":3},{"damage":0,"enemies":"Slavers","floor":23,"turns":2},{"damage":0,"enemies":"Shell Parasite","floor":24,"turns":1},{"damage":0,"enemies":"Sentry and Sphere","floor":25,"turns":2},{"damage":0,"enemies":"Book of Stabbing","floor":29,"turns":1},{"damage":0,"enemies":"Chosen and Byrds","floor":30,"turns":2},{"damage":0,"enemies":"Snake Plant","floor":31,"turns":2},{"damage":24,"enemies":"Champ","floor":33,"turns":3},{"damage":0,"enemies":"Orb Walker","floor":35,"turns":1},{"damage":0,"enemies":"3 Darklings","floor":36,"turns":2},{"damage":0,"enemies":"Writhing Mass","floor":38,"turns":2},{"damage":0,"enemies":"Giant Head","floor":41,"turns":2},{"damage":0,"enemies":"Sphere and 2 Shapes","floor":42,"turns":2},{"damage":6,"enemies":"Nemesis","floor":44,"turns":3},{"damage":0,"enemies":"Maw","floor":45,"turns":2},{"damage":0,"enemies":"Jaw Worm Horde","floor":46,"turns":2},{"damage":0,"enemies":"Transient","floor":47,"turns":2},{"damage":0,"enemies":"Awakened One","floor":50,"turns":3},{"damage":0,"enemies":"Shield and Spear","floor":54,"turns":1},{"damage":143,"enemies":"The Heart","floor":55,"turns":5}],"seed_played":"-8853878739546549025","potions_obtained":[{"floor":3,"key":"LiquidBronze"},{"floor":7,"key":"BloodPotion"},{"floor":8,"key":"SmokeBomb"},{"floor":25,"key":"AttackPotion"},{"floor":46,"key":"Fruit Juice"},{"floor":54,"key":"Dexterity Potion"}],"is_trial":false,"path_per_floor":["T","?","M","T","?","?","?","$","?","M","T"],"character_chosen":"IRONCLAD","items_purchased":["Lantern","Flex"],"campfire_rested":0,"item_purchase_floors":[11,53],"current_hp_per_floor":[84,84,82,82,88,80,83,81,81,81,81,77,77,77,77,48,88,88,88,88,88,88,88,88,88,88,88,88,88,91,91,91,73,91,91,91,91,91,82,82,88,95,95,95,95,95,95,95,95,104,104,104,104,114,0],"gold":41,"neow_bonus":"TEN_PERCENT_HP_BONUS","is_prod":false,"is_daily":false,"chose_seed":false,"campfire_upgraded":6,"win_rate":0,"timestamp":1549215856,"path_taken":["M","?","M","?","M","E","?","E","T","E","$","E","R","?","R","BOSS","M","$","?","?","?","E","M","M","T","R","?","E","M","M","R","BOSS","M","M","$","M","?","R","E","M","T","E","M","M","?","?","R","BOSS","R","$","E","BOSS"],"build_version":"2019-01-23","purchased_purges":5,"victory":false,"max_hp_per_floor":[88,88,88,88,88,88,88,88,88,88,88,88,88,88,88,88,88,88,88,88,88,88,88,88,88,88,88,88,88,91,91,91,91,91,91,91,91,91,91,91,91,95,95,95,95,95,95,95,95,104,104,104,104,114,114],"card_choices":[{"not_picked":["Cleave","Headbutt"],"picked":"Clash","floor":1},{"not_picked":["Dropkick","Spot Weakness","Heavy Blade"],"picked":"SKIP","floor":3},{"not_picked":["Second Wind","Demon Form"],"picked":"Anger","floor":5},{"not_picked":["Ghostly Armor","Shrug It Off"],"picked":"Anger","floor":6},{"not_picked":["Thunderclap","Whirlwind"],"picked":"Clash","floor":7},{"not_picked":["Bloodletting","Heavy Blade"],"picked":"Iron Wave","floor":8},{"not_picked":["Corruption","Dark Embrace","Perfected Strike"],"picked":"SKIP","floor":10},{"not_picked":["Warcry","Seeing Red"],"picked":"Anger","floor":12},{"not_picked":["Fire Breathing"],"picked":"SKIP","floor":18},{"not_picked":["Metallicize"],"picked":"SKIP","floor":23},{"not_picked":[],"picked":"Flex","floor":24},{"not_picked":["Disarm+1"],"picked":"SKIP","floor":25},{"not_picked":[],"picked":"Feed","floor":29},{"not_picked":["Twin Strike"],"picked":"SKIP","floor":30},{"not_picked":["Shockwave"],"picked":"SKIP","floor":31},{"not_picked":[],"picked":"Fiend Fire","floor":33},{"not_picked":["Combust+1"],"picked":"SKIP","floor":35},{"not_picked":["Infernal Blade"],"picked":"SKIP","floor":36},{"not_picked":["Wild Strike"],"picked":"SKIP","floor":38},{"not_picked":["Flame Barrier+1"],"picked":"SKIP","floor":41},{"not_picked":["Searing Blow"],"picked":"SKIP","floor":42},{"not_picked":["Twin Strike+1"],"picked":"SKIP","floor":44},{"not_picked":["Heavy Blade"],"picked":"SKIP","floor":45},{"not_picked":["True Grit+1"],"picked":"SKIP","floor":46},{"not_picked":["Rampage+1"],"picked":"SKIP","floor":47},{"not_picked":["Inflame"],"picked":"SKIP","floor":54}],"player_experience":198781,"relics_obtained":[{"floor":2,"key":"Mercury Hourglass"},{"floor":6,"key":"Shuriken"},{"floor":8,"key":"Whetstone"},{"floor":9,"key":"Sundial"},{"floor":10,"key":"Unceasing Top"},{"floor":12,"key":"FossilizedHelix"},{"floor":14,"key":"Kunai"},{"floor":23,"key":"Dodecahedron"},{"floor":26,"key":"PreservedInsect"},{"floor":29,"key":"Dream Catcher"},{"floor":41,"key":"Ancient Tea Set"},{"floor":44,"key":"Champion Belt"},{"floor":48,"key":"Pocketwatch"},{"floor":54,"key":"Pear"}],"event_choices":[{"damage_healed":0,"gold_gain":0,"player_choice":"Upgraded","damage_taken":0,"max_hp_gain":0,"max_hp_loss":0,"event_name":"Upgrade Shrine","floor":4,"gold_loss":0,"cards_upgraded":["Clash"]},{"cards_removed":["Defend_R"],"damage_healed":0,"gold_gain":0,"player_choice":"Elegance","damage_taken":0,"max_hp_gain":0,"max_hp_loss":0,"event_name":"Back to Basics","floor":20,"gold_loss":0},{"damage_healed":0,"gold_gain":0,"player_choice":"Ignored","damage_taken":0,"max_hp_gain":0,"max_hp_loss":0,"event_name":"Ghosts","floor":21,"gold_loss":0},{"damage_healed":0,"gold_gain":0,"player_choice":"Obtained Relic","damage_taken":0,"relics_obtained":["Pen Nib"],"max_hp_gain":0,"max_hp_loss":0,"event_name":"Addict","floor":22,"gold_loss":85},{"damage_healed":0,"gold_gain":0,"player_choice":"Damaged","damage_taken":9,"max_hp_gain":0,"max_hp_loss":0,"event_name":"Wheel of Change","floor":39,"gold_loss":0}],"is_beta":false,"boss_relics":[{"not_picked":["Calling Bell","Pandora\u0027s Box"],"picked":"Busted Crown"},{"not_picked":["Black Star","Snecko Eye"],"picked":"Empty Cage"}],"items_purged_floors":[11,19,28,37,53],"is_endless":false,"potions_floor_spawned":[3,7,8,10,12,25,29,35,38,45,46,54],"killed_by":"The Heart","ascension_level":2}