{"gold_per_floor":[119,131,148,165,165,165,188,188,188,220,231,231,231,244,244,343,343,363,374,394,408,36,36,36,36],"floor_reached":25,"playtime":1303,"items_purged":["Strike_B"],"score":322,"play_id":"ba3393ef-f11b-4e84-a09a-7aab07426753","local_time":"20190325232711","is_ascension_mode":true,"campfire_choices":[{"data":"Sunder","floor":6,"key":"SMITH"},{"data":"Zap","floor":8,"key":"SMITH"},{"floor":12,"key":"REST"},{"data":"Coolheaded","floor":15,"key":"SMITH"},{"floor":23,"key":"REST"}],"neow_cost":"NONE","seed_source_timestamp":863442734778516,"circlet_count":0,"master_deck":["Strike_B","Strike_B","Defend_B","Defend_B","Defend_B","Defend_B","Zap+1","Dualcast","Sunder+1","Cold Snap","FTL","Auto Shields","Compile Driver","Coolheaded+1","Ball Lightning","Cold Snap","Creative AI","Cold Snap","Glacier","Stack","Genetic Algorithm","Biased Cognition","Seek"],"relics":["Cracked Core","Odd Mushroom","Lantern","Pear","Runic Pyramid","MutagenicStrength"],"potions_floor_usage":[],"damage_taken":[{"damage":1,"enemies":"Small Slimes","floor":1,"turns":3},{"damage":0,"enemies":"2 Louse","floor":2,"turns":2},{"damage":1,"enemies":"Cultist","floor":3,"turns":3},{"damage":9,"enemies":"Blue Slaver","floor":4,"turns":4},{"damage":16,"enemies":"The Mushroom Lair","floor":7,"turns":3},{"damage":23,"enemies":"Lagavulin","floor":10,"turns":4},{"damage":2,"enemies":"Exordium Wildlife","floor":11,"turns":4},{"damage":9,"enemies":"3 Louse","floor":14,"turns":2},{"damage":23,"enemies":"The Guardian","floor":16,"turns":13},{"damage":15,"enemies":"3 Byrds","floor":18,"turns":4},{"damage":27,"enemies":"2 Thieves","floor":19,"turns":3},{"damage":2,"enemies":"Snecko","floor":20,"turns":6},{"damage":6,"enemies":"Centurion and Healer","floor":21,"turns":11},{"damage":22,"enemies":"Gremlin Leader","floor":25,"turns":6}],"seed_played":"-7425907020437051965","potions_obtained":[{"floor":1,"key":"PowerPotion"},{"floor":2,"key":"Fire Potion"},{"floor":11,"key":"Dexterity Potion"}],"is_trial":false,"path_per_floor":["?","?","?","M","?"],"character_chosen":"DEFECT","items_purchased":["Biased Cognition","Seek"],"campfire_rested":2,"item_purchase_floors":[22,22],"current_hp_per_floor":[74,74,73,64,57,57,41,41,41,28,26,53,53,44,44,21,74,59,32,30,24,24,51,51,29],"gold":36,"neow_bonus":"TEN_PERCENT_HP_BONUS","is_prod":false,"is_daily":false,"chose_seed":false,"campfire_upgraded":3,"win_rate":0,"timestamp":1553570831,"path_taken":["M","M","M","M","?","R","?","R","T","E","M","R","?","M","R","BOSS","M","?","M","M","$","R","?","E"],"build_version":"2019-01-23","purchased_purges":1,"victory":false,"max_hp_per_floor":[82,82,82,82,82,82,82,82,82,92,92,92,92,92,92,92,92,92,92,92,92,92,92,92,92],"card_choices":[{"not_picked":["Chill","Darkness"],"picked":"Sunder","floor":1},{"not_picked":["Steam","Self Repair"],"picked":"Cold Snap","floor":2},{"not_picked":["Sweeping Beam","Force Field"],"picked":"FTL","floor":3},{"not_picked":["Streamline","Beam Cell"],"picked":"Auto Shields","floor":4},{"not_picked":["Beam Cell","Barrage"],"picked":"Compile Driver","floor":7},{"not_picked":["Compile Driver","Reinforced Body"],"picked":"Coolheaded","floor":10},{"not_picked":["Streamline","Sweeping Beam"],"picked":"Ball Lightning","floor":11},{"not_picked":["Melter","Turbo"],"picked":"Cold Snap","floor":14},{"not_picked":["Core Surge","Rainbow"],"picked":"Creative AI","floor":16},{"not_picked":["Stack+1","Beam Cell"],"picked":"Cold Snap","floor":18},{"not_picked":["Steam Power","Steam"],"picked":"Glacier","floor":19},{"not_picked":["Streamline","Gash"],"picked":"Stack","floor":20},{"not_picked":["Turbo","Leap"],"picked":"Genetic Algorithm","floor":21}],"player_experience":1020787,"relics_obtained":[{"floor":7,"key":"Odd Mushroom"},{"floor":9,"key":"Lantern"},{"floor":10,"key":"Pear"}],"event_choices":[{"cards_removed":["Strike_B"],"damage_healed":0,"gold_gain":0,"player_choice":"Card Removal","damage_taken":7,"max_hp_gain":0,"max_hp_loss":0,"event_name":"Golden Wing","floor":5,"gold_loss":0},{"damage_healed":0,"gold_gain":0,"player_choice":"Fought Mushrooms","damage_taken":0,"max_hp_gain":0,"max_hp_loss":0,"event_name":"Mushrooms","floor":7,"gold_loss":0},{"damage_healed":0,"gold_gain":0,"player_choice":"Got Potions","damage_taken":0,"max_hp_gain":0,"max_hp_loss":0,"event_name":"Lab","floor":13,"gold_loss":0},{"damage_healed":0,"gold_gain":0,"player_choice":"Inject Mutagens","damage_taken":0,"relics_obtained":["MutagenicStrength"],"max_hp_gain":0,"max_hp_loss":0,"event_name":"Drug Dealer","floor":24,"gold_loss":0}],"is_beta":false,"boss_relics":[{"not_picked":["Eternal Feather","Astrolabe"],"picked":"Runic Pyramid"}],"items_purged_floors":[22],"is_endless":false,"potions_floor_spawned":[1,2,11,16,19,20,21],"killed_by":"Gremlin Leader","ascension_level":9}