{"gold_per_floor":[117,136,136,156,156,156,213,225,237,249,261],"floor_reached":11,"playtime":473,"items_purged":[],"score":67,"play_id":"f786622d-9b96-450d-909b-6a3b890bc5b4","local_time":"20180827114201","is_ascension_mode":true,"campfire_choices":[{"data":"Echo Form","floor":6,"key":"SMITH"},{"floor":10,"key":"REST"}],"neow_cost":"NONE","seed_source_timestamp":901447622937915,"circlet_count":0,"master_deck":["Strike_B","Strike_B","Defend_B","Defend_B+1","Defend_B+1","Defend_B","Zap","Dualcast+1","Genetic Algorithm","Conserve Battery","Stack+1","Stack","Echo Form+1","Loop","Normality"],"relics":["Cracked Core","MawBank","War Paint","Ornamental Fan"],"potions_floor_usage":[],"damage_taken":[{"damage":8,"enemies":"Small Slimes","floor":1,"turns":4},{"damage":0,"enemies":"Jaw Worm","floor":2,"turns":3},{"damage":1,"enemies":"2 Louse","floor":4,"turns":3},{"damage":48,"enemies":"3 Sentries","floor":7,"turns":15},{"damage":25,"enemies":"Gremlin Gang","floor":11,"turns":4}],"seed_played":"-5003061583547398493","potions_obtained":[{"floor":1,"key":"Strength Potion"},{"floor":7,"key":"FearPotion"}],"is_trial":false,"path_per_floor":["M","M","?","M","?","R","?","?","T","R"],"character_chosen":"DEFECT","items_purchased":[],"campfire_rested":1,"item_purchase_floors":[],"current_hp_per_floor":[67,67,52,51,51,51,3,3,3,25,0],"gold":261,"neow_bonus":"TRANSFORM_CARD","is_prod":false,"is_daily":false,"chose_seed":false,"campfire_upgraded":1,"win_rate":0,"timestamp":1535391721,"path_taken":["M","M","?","?","?","R","?","?","T","R","M"],"build_version":"2018-08-23v2","purchased_purges":0,"victory":false,"max_hp_per_floor":[75,75,75,75,75,75,75,75,75,75,75],"card_choices":[{"not_picked":["Chill","Beam Cell"],"picked":"Conserve Battery","floor":1},{"not_picked":["Undo","Hologram"],"picked":"Stack","floor":2},{"not_picked":["Compile Driver","Rebound"],"picked":"Stack","floor":4},{"not_picked":["Rebound","Streamline"],"picked":"Loop","floor":7}],"player_experience":350785,"relics_obtained":[{"floor":7,"key":"MawBank"},{"floor":9,"key":"Ornamental Fan"}],"event_choices":[{"event_name":"Shining Light","player_choice":"Entered Light","floor":3,"damage_taken":0},{"event_name":"Transmorgrifier","player_choice":"Transform","floor":5,"damage_taken":0},{"event_name":"Dead Adventurer","player_choice":"Searched \u00271\u0027 times","floor":7,"damage_taken":0},{"event_name":"Accursed Blacksmith","player_choice":"Rummage","floor":8,"damage_taken":0}],"is_beta":false,"boss_relics":[],"items_purged_floors":[],"is_endless":false,"potions_floor_spawned":[1,7],"killed_by":"Gremlin Gang","ascension_level":2}