{"gold_per_floor":[111,126,140,157,177,207,221,246,246,266,297,310,328,360,360,360],"floor_reached":16,"playtime":1240,"items_purged":[],"score":246,"play_id":"97c327e4-1c7e-4173-84a2-c94dbc472881","local_time":"20190330121833","is_ascension_mode":true,"campfire_choices":[{"floor":15,"key":"REST"}],"neow_cost":"NONE","seed_source_timestamp":1255385822094459,"circlet_count":0,"master_deck":["AscendersBane","Strike_R+1","Strike_R","Strike_R","Strike_R+1","Strike_R","Defend_R","Defend_R","Defend_R","Defend_R","Bash","Flame Barrier","Pommel Strike","Evolve","Uppercut","Feed","Pommel Strike","Clothesline","Clothesline","Clothesline","Metallicize"],"relics":["Burning Blood","Whetstone","Bottled Tornado","Juzu Bracelet","Bronze Scales","PreservedInsect"],"potions_floor_usage":[8,11,14,16,16],"damage_taken":[{"damage":0,"enemies":"Cultist","floor":1,"turns":4},{"damage":12,"enemies":"Small Slimes","floor":2,"turns":3},{"damage":0,"enemies":"2 Louse","floor":3,"turns":4},{"damage":12,"enemies":"Exordium Thugs","floor":4,"turns":4},{"damage":6,"enemies":"Looter","floor":5,"turns":4},{"damage":18,"enemies":"3 Sentries","floor":6,"turns":9},{"damage":15,"enemies":"Exordium Wildlife","floor":7,"turns":6},{"damage":26,"enemies":"Gremlin Nob","floor":8,"turns":4},{"damage":4,"enemies":"Gremlin Gang","floor":10,"turns":7},{"damage":30,"enemies":"Lagavulin","floor":11,"turns":8},{"damage":7,"enemies":"Large Slime","floor":12,"turns":5},{"damage":1,"enemies":"3 Louse","floor":13,"turns":4},{"damage":26,"enemies":"3 Sentries","floor":14,"turns":8},{"damage":51,"enemies":"Slime Boss","floor":16,"turns":11}],"seed_played":"2270754328849646698","potions_obtained":[{"floor":2,"key":"AttackPotion"},{"floor":3,"key":"Fire Potion"},{"floor":7,"key":"Weak Potion"},{"floor":10,"key":"Swift Potion"},{"floor":12,"key":"SteroidPotion"},{"floor":14,"key":"Dexterity Potion"}],"is_trial":false,"path_per_floor":[],"character_chosen":"IRONCLAD","items_purchased":[],"campfire_rested":1,"item_purchase_floors":[],"current_hp_per_floor":[78,72,78,72,72,60,54,37,37,42,21,20,28,11,40,0],"gold":360,"neow_bonus":"RANDOM_COMMON_RELIC","is_prod":false,"is_daily":false,"chose_seed":false,"campfire_upgraded":0,"win_rate":0,"timestamp":1553962713,"path_taken":["M","M","M","M","M","E","M","E","T","M","E","M","M","E","R","BOSS"],"build_version":"2019-01-23","purchased_purges":0,"victory":false,"max_hp_per_floor":[80,80,80,80,80,80,83,86,86,89,92,92,95,98,98,98],"card_choices":[{"not_picked":["Cleave","Havoc","Rupture"],"picked":"SKIP","floor":1},{"not_picked":["Warcry","Seeing Red"],"picked":"Flame Barrier","floor":2},{"not_picked":["Inflame","Sword Boomerang"],"picked":"Pommel Strike","floor":3},{"not_picked":["Heavy Blade","Cleave"],"picked":"Evolve","floor":4},{"not_picked":["Burning Pact","Wild Strike"],"picked":"Uppercut","floor":5},{"not_picked":["Pommel Strike","Headbutt"],"picked":"Feed","floor":6},{"not_picked":["Warcry","Headbutt"],"picked":"Pommel Strike","floor":7},{"not_picked":["Rupture","Havoc"],"picked":"Clothesline","floor":8},{"not_picked":["Wild Strike","Body Slam"],"picked":"Clothesline","floor":10},{"not_picked":["Second Wind","Berserk","Flex"],"picked":"SKIP","floor":11},{"not_picked":["Blood for Blood","Dropkick"],"picked":"Clothesline","floor":12},{"not_picked":["Pummel","True Grit"],"picked":"Metallicize","floor":13},{"not_picked":["Bloodletting","Corruption","Thunderclap"],"picked":"SKIP","floor":14}],"player_experience":1282334,"relics_obtained":[{"floor":6,"key":"Bottled Tornado"},{"floor":8,"key":"Juzu Bracelet"},{"floor":11,"key":"Bronze Scales"},{"floor":14,"key":"PreservedInsect"}],"event_choices":[],"is_beta":false,"boss_relics":[],"items_purged_floors":[],"is_endless":false,"potions_floor_spawned":[2,3,7,10,12,13,14],"killed_by":"Slime Boss","ascension_level":12}