{"gold_per_floor":[117,134,134,152,152,152,172,24,48,48,67,67,79,119,131,239,251,247,184,13,13,13,13,27,60,60,79,91,91,17,37,37,37],"floor_reached":33,"playtime":2635,"items_purged":[],"score":280,"play_id":"f90613b3-ed65-419b-8d26-5442d5a84038","local_time":"20181025134706","is_ascension_mode":false,"campfire_choices":[{"data":"Dualcast","floor":6,"key":"SMITH"},{"data":"Redo","floor":10,"key":"SMITH"},{"data":"Streamline","floor":13,"key":"SMITH"},{"floor":15,"key":"REST"},{"data":"Self Repair","floor":23,"key":"SMITH"},{"data":"Sunder","floor":29,"key":"SMITH"},{"floor":32,"key":"REST"}],"neow_cost":"NONE","seed_source_timestamp":1279880119795169,"circlet_count":0,"master_deck":["Strike_B","Defend_B","Defend_B","Defend_B","Defend_B","Zap","Dualcast+1","Self Repair+1","Leap","Auto Shields","Redo+1","Go for the Eyes","Streamline+1","Compile Driver","Core Surge","Rebound","Gash","Auto Shields","Beam Cell","Go for the Eyes","Cold Snap","Go for the Eyes","Sunder+1","Genetic Algorithm","Beam Cell+1","Go for the Eyes+1","Glacier+1","Compile Driver","Self Repair","Conserve Battery"],"relics":["Cracked Core","Juzu Bracelet","Bronze Scales","Regal Pillow","MawBank","Odd Mushroom","Orrery","Lantern","Bottled Tornado","Singing Bowl"],"potions_floor_usage":[24,25,27,27,28,33],"damage_taken":[{"damage":0,"enemies":"2 Louse","floor":1,"turns":2},{"damage":6,"enemies":"Cultist","floor":2,"turns":3},{"damage":6,"enemies":"Jaw Worm","floor":4,"turns":4},{"damage":25,"enemies":"Gremlin Gang","floor":7,"turns":6},{"damage":9,"enemies":"Exordium Wildlife","floor":11,"turns":6},{"damage":15,"enemies":"The Mushroom Lair","floor":14,"turns":4},{"damage":49,"enemies":"Hexaghost","floor":16,"turns":10},{"damage":8,"enemies":"2 Thieves","floor":18,"turns":4},{"damage":0,"enemies":"Chosen","floor":24,"turns":4},{"damage":54,"enemies":"Slavers","floor":25,"turns":6},{"damage":29,"enemies":"Sentry and Sphere","floor":27,"turns":8},{"damage":2,"enemies":"3 Cultists","floor":28,"turns":6},{"damage":2,"enemies":"Snecko","floor":31,"turns":5},{"damage":74,"enemies":"Collector","floor":33,"turns":6}],"seed_played":"-8139597561255256186","potions_obtained":[{"floor":4,"key":"Dexterity Potion"},{"floor":7,"key":"Swift Potion"},{"floor":11,"key":"Ancient Potion"},{"floor":16,"key":"SkillPotion"},{"floor":24,"key":"AttackPotion"},{"floor":27,"key":"GamblersBrew"},{"floor":31,"key":"Weak Potion"}],"is_trial":false,"path_per_floor":["M","M","?","M","?","R","M","$","T","R","M","T","R","?","R","B",null,"M","?","$","?","$","R","M","E","T","M","M","R","$","M","R"],"character_chosen":"DEFECT","items_purchased":["Bronze Scales","Lantern","Go for the Eyes","Self Repair"],"campfire_rested":2,"item_purchase_floors":[8,20,20,30],"current_hp_per_floor":[82,82,82,82,82,82,64,64,64,64,62,62,62,54,82,40,82,81,81,81,81,81,81,82,38,38,19,27,27,27,35,74,0],"gold":37,"neow_bonus":"TEN_PERCENT_HP_BONUS","is_prod":false,"is_daily":false,"chose_seed":false,"campfire_upgraded":5,"win_rate":0,"timestamp":1540496826,"path_taken":["M","M","?","?","?","R","M","?","T","R","M","?","R","?","R","BOSS","M","?","$","?","$","R","M","E","T","M","M","R","$","M","R","BOSS"],"build_version":"2018-10-18","purchased_purges":0,"victory":false,"max_hp_per_floor":[82,82,82,82,82,82,82,82,82,82,82,82,82,82,82,82,82,82,82,82,82,82,82,82,82,82,82,82,82,82,82,82,82],"card_choices":[{"not_picked":["Barrage","Hello World"],"picked":"Self Repair","floor":1},{"not_picked":["Coolheaded","Beam Cell"],"picked":"Leap","floor":2},{"not_picked":["Chill","Streamline"],"picked":"Redo","floor":4},{"not_picked":["Compile Driver","Gash"],"picked":"Go for the Eyes","floor":7},{"not_picked":["Cold Snap","Hello World"],"picked":"Streamline","floor":11},{"not_picked":["Streamline","Heatsinks"],"picked":"Compile Driver","floor":14},{"not_picked":["Thunder Strike","Fission"],"picked":"Core Surge","floor":16},{"not_picked":["Streamline","Coolheaded"],"picked":"Rebound","floor":17},{"not_picked":["Conserve Battery","Ball Lightning"],"picked":"Gash","floor":17},{"not_picked":["Undo","Redo"],"picked":"Auto Shields","floor":17},{"not_picked":["Compile Driver","Machine Learning"],"picked":"Beam Cell","floor":17},{"not_picked":["Doom and Gloom","Leap"],"picked":"Go for the Eyes","floor":17},{"not_picked":["Streamline","Ball Lightning"],"picked":"Cold Snap","floor":18},{"not_picked":["Streamline","Turbo+1"],"picked":"Beam Cell+1","floor":24},{"not_picked":["Blizzard","Darkness"],"picked":"Go for the Eyes+1","floor":25},{"not_picked":["Consume","Rip and Tear"],"picked":"Glacier+1","floor":27},{"not_picked":["Double Energy","Rainbow"],"picked":"Compile Driver","floor":28},{"not_picked":["Darkness","Barrage"],"picked":"Conserve Battery","floor":31}],"player_experience":827208,"relics_obtained":[{"floor":9,"key":"Regal Pillow"},{"floor":12,"key":"MawBank"},{"floor":14,"key":"Odd Mushroom"},{"floor":25,"key":"Bottled Tornado"},{"floor":26,"key":"Singing Bowl"}],"event_choices":[{"damage_healed":0,"gold_gain":0,"cards_transformed":["Strike_B"],"player_choice":"Transformed","damage_taken":0,"max_hp_gain":0,"max_hp_loss":0,"event_name":"Transmorgrifier","floor":3,"gold_loss":0,"cards_obtained":["Auto Shields"]},{"damage_healed":0,"gold_gain":0,"player_choice":"Box","damage_taken":0,"relics_obtained":["Juzu Bracelet"],"max_hp_gain":0,"max_hp_loss":0,"event_name":"Big Fish","floor":5,"gold_loss":0,"cards_obtained":["Regret"]},{"damage_healed":0,"gold_gain":0,"player_choice":"Fought Mushrooms","damage_taken":0,"max_hp_gain":0,"max_hp_loss":0,"event_name":"Mushrooms","floor":14,"gold_loss":0},{"cards_removed":["Regret"],"damage_healed":0,"gold_gain":0,"player_choice":"Gave Gold","damage_taken":0,"max_hp_gain":0,"max_hp_loss":0,"event_name":"Beggar","floor":19,"gold_loss":75},{"damage_healed":0,"gold_gain":0,"cards_transformed":["Strike_B","Strike_B"],"player_choice":"Became Test Subject","damage_taken":0,"max_hp_gain":0,"max_hp_loss":0,"event_name":"Drug Dealer","floor":21,"gold_loss":0,"cards_obtained":["Sunder","Genetic Algorithm"]}],"is_beta":false,"boss_relics":[{"not_picked":["Runic Pyramid","Lizard Tail"],"picked":"Orrery"}],"items_purged_floors":[],"is_endless":false,"potions_floor_spawned":[4,7,11,16,24,27,31],"killed_by":"Collector","ascension_level":0}