{"gold_per_floor":[119,44,64,79,79,79,79,94,175,175,189,136,162,181,181,277,277,291,390,390,390,390,390,390,74,98,124,70,87,100,100,100,199,199,217,236,253,269,269,269],"floor_reached":40,"playtime":1919,"items_purged":["Defend_R"],"score":487,"play_id":"fa671f1b-7c6d-457f-9034-b1c6ad6c6c46","local_time":"20190110140753","is_ascension_mode":true,"campfire_choices":[{"data":"Evolve","floor":6.0,"key":"SMITH"},{"data":"True Grit","floor":15.0,"key":"SMITH"},{"data":"Barricade","floor":23.0,"key":"SMITH"},{"floor":32.0,"key":"REST"}],"neow_cost":"NONE","seed_source_timestamp":0,"circlet_count":0,"master_deck":["Strike_R+1","Strike_R+1","Strike_R+1","Strike_R+1","Defend_R+1","Defend_R+1","Perfected Strike+1","Pommel Strike","Evolve+1","Barricade+1","True Grit+1","Shrug It Off+1","Impervious","Body Slam","Ghostly Armor+1","Shrug It Off+1","Perfected Strike+1","Double Tap","Corruption+1","Whirlwind+1","Barricade+1","Uppercut+1"],"special_seed":0,"relics":["Burning Blood","Omamori","Boot","Mummified Hand","WarpedTongs","Bottled Lightning","Empty Cage","MutagenicStrength","Molten Egg 2","War Paint","Ancient Tea Set","Astrolabe"],"potions_floor_usage":[40,40],"damage_taken":[{"damage":5.0,"enemies":"Small Slimes","floor":1.0,"turns":4.0},{"damage":8.0,"enemies":"2 Louse","floor":3.0,"turns":2.0},{"damage":1.0,"enemies":"Cultist","floor":4.0,"turns":3.0},{"damage":11.0,"enemies":"Looter","floor":8.0,"turns":2.0},{"damage":3.0,"enemies":"3 Louse","floor":11.0,"turns":3.0},{"damage":31.0,"enemies":"Lagavulin","floor":13.0,"turns":5.0},{"damage":4.0,"enemies":"2 Fungi Beasts","floor":14.0,"turns":3.0},{"damage":34.0,"enemies":"Hexaghost","floor":16.0,"turns":11.0},{"damage":14.0,"enemies":"Shell Parasite","floor":18.0,"turns":7.0},{"damage":18.0,"enemies":"Gremlin Leader","floor":27.0,"turns":7.0},{"damage":0.0,"enemies":"3 Byrds","floor":29.0,"turns":5.0},{"damage":32.0,"enemies":"3 Cultists","floor":30.0,"turns":6.0},{"damage":9.0,"enemies":"Champ","floor":33.0,"turns":11.0},{"damage":26.0,"enemies":"3 Darklings","floor":35.0,"turns":9.0},{"damage":2.0,"enemies":"3 Shapes","floor":36.0,"turns":5.0},{"damage":0.0,"enemies":"Maw","floor":37.0,"turns":7.0},{"damage":19.0,"enemies":"Transient","floor":38.0,"turns":5.0},{"damage":0,"enemies":"Giant Head","floor":40,"turns":8}],"seed_played":"46794937704411101","potions_obtained":[{"floor":3.0,"key":"AttackPotion"},{"floor":8.0,"key":"Regen Potion"},{"floor":13.0,"key":"Dexterity Potion"},{"floor":33.0,"key":"SpeedPotion"}],"is_trial":false,"path_per_floor":["M","$","M","M","?","R","?","M","T","?","M","$","E","M","R","B",null,"M","?","?","?","?","R","?","$","T","E","$","M","M","$","R","B",null,"M","M","M","M","?","E"],"character_chosen":"IRONCLAD","items_purchased":["True Grit","Molten Egg 2","Ghostly Armor","Perfected Strike+1"],"campfire_rested":1,"item_purchase_floors":[12,25,25,28],"current_hp_per_floor":[80,80,78,80,80,80,62,57,57,57,60,60,35,37,37,9,80,72,72,72,72,72,72,72,72,72,60,60,66,40,40,64,61,80,60,64,70,57,77,77],"gold":269,"neow_bonus":"RANDOM_COMMON_RELIC","is_prod":false,"is_daily":false,"chose_seed":false,"campfire_upgraded":3,"win_rate":0,"timestamp":1547158073,"path_taken":["M","$","M","M","?","R","?","M","T","?","?","$","E","M","R","BOSS","M","?","?","?","?","R","?","$","T","E","$","M","M","?","R","BOSS","M","M","M","M","?","E"],"build_version":"2019-01-03v4","purchased_purges":1,"victory":false,"max_hp_per_floor":[80,80,80,80,80,80,80,80,80,80,80,80,80,80,80,80,80,80,80,80,80,80,80,80,80,80,80,80,80,80,80,80,80,80,80,80,80,80,80,80],"card_choices":[{"not_picked":["Cleave","Twin Strike"],"picked":"Perfected Strike","floor":1.0},{"not_picked":["Spot Weakness","Headbutt"],"picked":"Pommel Strike","floor":3.0},{"not_picked":["Sword Boomerang","Body Slam"],"picked":"Evolve","floor":4.0},{"not_picked":["Heavy Blade","Pommel Strike"],"picked":"Wild Strike","floor":8.0},{"not_picked":["Clash","Havoc"],"picked":"Barricade","floor":11.0},{"not_picked":["Intimidate","Demon Form"],"picked":"Shrug It Off","floor":13.0},{"not_picked":["Corruption","Shrug It Off"],"picked":"Twin Strike","floor":14.0},{"not_picked":["Bludgeon","Double Tap"],"picked":"Impervious","floor":16.0},{"not_picked":["Sword Boomerang","Twin Strike"],"picked":"Body Slam","floor":18.0},{"not_picked":["Iron Wave+1","Power Through"],"picked":"Shrug It Off+1","floor":27.0},{"not_picked":["True Grit","Rupture","Second Wind"],"picked":"SKIP","floor":29.0},{"not_picked":["Body Slam+1","Shrug It Off","Heavy Blade+1"],"picked":"SKIP","floor":30.0},{"not_picked":["Reaper+1","Berserk"],"picked":"Double Tap","floor":33.0},{"not_picked":["Wild Strike+1","Searing Blow+1","Shockwave+1"],"picked":"SKIP","floor":35.0},{"not_picked":["Searing Blow+1","Anger+1"],"picked":"Uppercut+1","floor":36.0},{"not_picked":["Heavy Blade+1","Evolve","True Grit+1"],"picked":"SKIP","floor":37.0},{"not_picked":["Twin Strike+1","Clash+1","Warcry+1"],"picked":"SKIP","floor":38.0}],"player_experience":200689,"relics_obtained":[{"floor":9.0,"key":"Mummified Hand"},{"floor":13.0,"key":"Bottled Lightning"},{"floor":26.0,"key":"War Paint"},{"floor":27.0,"key":"Ancient Tea Set"}],"event_choices":[{"damage_healed":0.0,"max_hp_gain":0.0,"max_hp_loss":0.0,"gold_gain":0.0,"event_name":"Living Wall","player_choice":"Grow","floor":5.0,"gold_loss":0.0,"damage_taken":0.0,"cards_upgraded":["Perfected Strike"]},{"damage_healed":0.0,"max_hp_gain":0.0,"max_hp_loss":0.0,"gold_gain":0.0,"event_name":"Scrap Ooze","player_choice":"Success","floor":7.0,"gold_loss":0.0,"damage_taken":18.0,"relics_obtained":["Boot"]},{"damage_healed":0.0,"max_hp_gain":0.0,"max_hp_loss":0.0,"gold_gain":0.0,"event_name":"Accursed Blacksmith","player_choice":"Rummage","floor":10.0,"gold_loss":0.0,"damage_taken":0.0,"relics_obtained":["WarpedTongs"],"cards_obtained":["Pain"]},{"damage_healed":0.0,"max_hp_gain":0.0,"max_hp_loss":0.0,"gold_gain":99.0,"event_name":"Nest","player_choice":"Stole From Cult","floor":19.0,"gold_loss":0.0,"damage_taken":0.0},{"damage_healed":0.0,"max_hp_gain":0.0,"max_hp_loss":0.0,"gold_gain":0.0,"event_name":"Vampires","player_choice":"Ignored","floor":20.0,"gold_loss":0.0,"damage_taken":0.0},{"damage_healed":0.0,"max_hp_gain":0.0,"max_hp_loss":0.0,"gold_gain":0.0,"event_name":"Back to Basics","player_choice":"Simplicity","floor":21.0,"gold_loss":0.0,"damage_taken":0.0,"cards_upgraded":["Strike_R","Strike_R","Strike_R","Strike_R","Strike_R","Defend_R","Defend_R"]},{"damage_healed":0.0,"max_hp_gain":0.0,"max_hp_loss":0.0,"gold_gain":0.0,"event_name":"Ghosts","player_choice":"Ignored","floor":22.0,"gold_loss":0.0,"damage_taken":0.0},{"damage_healed":0.0,"max_hp_gain":0.0,"max_hp_loss":0.0,"gold_gain":0.0,"event_name":"Drug Dealer","player_choice":"Inject Mutagens","floor":24.0,"gold_loss":0.0,"damage_taken":0.0,"relics_obtained":["MutagenicStrength"]},{"damage_healed":20.0,"max_hp_gain":0.0,"max_hp_loss":0.0,"gold_gain":0.0,"event_name":"Winding Halls","player_choice":"Writhe","floor":39.0,"gold_loss":0.0,"damage_taken":0.0,"cards_obtained":["Writhe"]}],"is_beta":false,"boss_relics":[{"not_picked":["Fusion Hammer","White Beast Statue"],"picked":"Empty Cage"},{"not_picked":["Runic Cube","Coffee Dripper"],"picked":"Astrolabe"}],"items_purged_floors":[2],"is_endless":false,"potions_floor_spawned":[3,8,13,18,33,35,38],"killed_by":"Giant Head","ascension_level":4}