{"path_per_floor":["M","M","?","M","M","E","R","M","T","$","E","R","M","$","R","B",null,"M","M","?","M","M","R","?","M","T","M","R","M","R","?","R"],"character_chosen":"THE_SILENT","items_purchased":["Poison Potion","Bouncing Flask","Dodge and Roll","Noxious Fumes"],"gold_per_floor":[119,133,133,148,162,195,195,209,209,37,69,69,79,8,8,111,111,131,146,61,77,94,94,144,163,188,200,200,213,213,213,213],"floor_reached":33,"campfire_rested":3,"playtime":2639,"current_hp_per_floor":[77,73,70,69,54,41,41,34,34,34,29,29,24,24,47,17,77,66,58,58,55,26,49,49,43,43,35,35,35,58,53,53],"items_purged":[],"gold":213,"play_id":"a3c5d7a4-4a57-4ad4-b27f-451b471b11d8","is_prod":false,"is_daily":false,"campfire_rituals":0,"campfire_upgraded":4,"is_hardmode":false,"path_taken":["M","?","?","M","M","E","R","?","T","$","E","R","M","$","R","BOSS","M","M","?","M","M","R","?","M","T","M","R","M","R","?","R","BOSS"],"build_version":"2018-01-11-PROD2","purchased_purges":0,"victory":false,"master_deck":["Defend_G","Defend_G","Defend_G","Defend_G","Defend_G","Survivor","Neutralize","Burst","Deadly Poison","Catalyst","Leg Sweep","Finisher","Bullet Time","Bouncing Flask","Dodge and Roll","Backflip","Acrobatics","Noxious Fumes","Deflect","Adrenaline","Well Laid Plans","Poisoned Stab","Deadly Poison","Acrobatics","PiercingWail","Poisoned Stab","Blur","Infinite Blades","Bouncing Flask","Bite_G","Bite_G","Bite_G","Bite_G","Bite_G"],"max_hp_per_floor":[77,77,77,77,77,77,77,77,77,77,77,77,77,77,77,77,77,77,77,77,77,77,77,77,77,77,77,77,77,77,53,53],"relics":["Ring of the Snake","Strawberry","Toolbox","Gremlin Horn","Dream Catcher","Mummified Hand","Sozu","Ancient Tea Set","Omamori"],"campfire_meditates":0,"card_choices":[{"not_picked":["Riddle With Holes","Slice"],"picked":"Burst"},{"not_picked":["Poisoned Stab","Distraction"],"picked":"Deadly Poison"},{"not_picked":["Backflip","Blade Dance"],"picked":"Catalyst"},{"not_picked":["Terror","Outmaneuver"],"picked":"Leg Sweep"},{"not_picked":["Sucker Punch","Riddle With Holes"],"picked":"Finisher"},{"not_picked":["Acrobatics","Heel Hook"],"picked":"Bullet Time"},{"not_picked":["Acrobatics","Flying Knee"],"picked":"Backflip"},{"not_picked":["Endless Agony","Outmaneuver"],"picked":"Acrobatics"},{"not_picked":["Dagger Spray","Endless Agony"],"picked":"Deflect"},{"not_picked":["Phantasmal Killer","Unload"],"picked":"Adrenaline"},{"not_picked":["Dagger Spray","Predator"],"picked":"Well Laid Plans"},{"not_picked":["Bane","Eviscerate"],"picked":"Poisoned Stab"},{"not_picked":["Endless Agony","Dodge and Roll"],"picked":"Deadly Poison"},{"not_picked":["Heel Hook","Outmaneuver"],"picked":"Acrobatics"},{"not_picked":["Choke","Backstab"],"picked":"PiercingWail"},{"not_picked":["Dodge and Roll","Prepared"],"picked":"Poisoned Stab"},{"not_picked":["Quick Slash","Flying Knee"],"picked":"Blur"},{"not_picked":["Flying Knee","Sucker Punch"],"picked":"Infinite Blades"},{"not_picked":["Dodge and Roll","Quick Slash"],"picked":"Bouncing Flask"}],"player_experience":57501,"potions_floor_usage":[6,11,16,16],"damage_taken":[{"damage":0,"enemies":"Blue Slaver","floor":1,"turns":6},{"damage":4,"enemies":"Jaw Worm","floor":2,"turns":6},{"damage":1,"enemies":"Cultist","floor":4,"turns":4},{"damage":15,"enemies":"Large Slime","floor":5,"turns":9},{"damage":13,"enemies":"Gremlin Nob","floor":6,"turns":6},{"damage":7,"enemies":"Exordium Thugs","floor":8,"turns":4},{"damage":5,"enemies":"Lagavulin","floor":11,"turns":4},{"damage":5,"enemies":"Looter","floor":13,"turns":3},{"damage":30,"enemies":"Slime Boss","floor":16,"turns":8},{"damage":11,"enemies":"Chosen","floor":18,"turns":4},{"damage":8,"enemies":"2 Thieves","floor":19,"turns":5},{"damage":3,"enemies":"Snecko","floor":21,"turns":3},{"damage":29,"enemies":"Chosen and Byrds","floor":22,"turns":8},{"damage":6,"enemies":"3 Cultists","floor":25,"turns":5},{"damage":8,"enemies":"Snecko","floor":27,"turns":4},{"damage":0,"enemies":"Snake Plant","floor":29,"turns":4},{"damage":64,"enemies":"Collector","floor":33,"turns":5}],"event_choices":[{"event_name":"Scrap Ooze","player_choice":"success","floor":3,"damage_taken":3},{"event_name":"Addict","player_choice":"Obtained Relic","floor":20,"damage_taken":0},{"event_name":"The Joust","player_choice":"Bet on Murderer","floor":24,"damage_taken":0},{"event_name":"Vampires","player_choice":"Became a vampire","floor":31,"damage_taken":0}],"boss_relics":[{"not_picked":["Runic Dome","Calling Bell"],"picked":"Sozu"}],"potions_floor_spawned":[1,2,11,13,18,19,21,29],"seed_played":"-3795472580095671311","killed_by":"Collector","is_trial":false}