{"gold_per_floor":[110,130,430,443,455,455,485,485,485,465,496,506,524,7,7,107,107,125,125,144,174,192,223,138,138,162,188,202,4,21,21,21,116,116,136,181,181,181,193,193,218,218,245,260,0,0,11,43,43,43],"floor_reached":51,"playtime":2299,"items_purged":["Regret"],"score":993,"play_id":"3facf7b5-e2b9-4003-b9d4-a51eb4397b4b","local_time":"20180905225300","is_ascension_mode":true,"campfire_choices":[{"data":"Rainbow","floor":6,"key":"SMITH"},{"floor":8,"key":"REST"},{"floor":15,"key":"REST"},{"floor":25,"key":"REST"},{"floor":32,"key":"REST"},{"floor":40,"key":"REST"},{"floor":42,"key":"REST"},{"data":"Enlightenment","floor":46,"key":"SMITH"},{"data":"Barrage","floor":49,"key":"SMITH"}],"neow_cost":"NONE","seed_source_timestamp":11418886099205,"circlet_count":0,"master_deck":["Strike_B","Strike_B","Strike_B","Defend_B","Defend_B","Defend_B","Defend_B","Zap","Dualcast","Rip and Tear","Redo","Steam","Rainbow+1","Static Discharge","Turbo","Go for the Eyes","Genetic Algorithm","Reboot","Coolheaded+1","Beam Cell","Conserve Battery","Go for the Eyes","Turbo+1","Ball Lightning","BootSequence","Enlightenment+1","Go for the Eyes","Turbo","Reboot","Turbo","Blizzard+1","Bandage Up","Chaos+1","Defragment","Chill","Darkness+1","Barrage+1"],"relics":["FrozenCore","Pen Nib","Old Coin","Letter Opener","Pantograph","Cables","Bronze Scales","Calipers","Inserter","Tiny Chest","Vajra","Thread and Needle","Blood Vial","Unceasing Top","Incense Burner","Shuriken","DataDisk","Red Mask","StoneCalendar"],"potions_floor_usage":[7,12,13,23,33,39,41,41,50],"damage_taken":[{"damage":8,"enemies":"2 Louse","floor":1,"turns":2},{"damage":0,"enemies":"Small Slimes","floor":2,"turns":2},{"damage":9,"enemies":"Jaw Worm","floor":4,"turns":2},{"damage":2,"enemies":"Large Slime","floor":5,"turns":4},{"damage":21,"enemies":"3 Sentries","floor":7,"turns":7},{"damage":31,"enemies":"Gremlin Nob","floor":11,"turns":4},{"damage":0,"enemies":"Lots of Slimes","floor":12,"turns":1},{"damage":4,"enemies":"Exordium Wildlife","floor":13,"turns":4},{"damage":30,"enemies":"Slime Boss","floor":16,"turns":6},{"damage":6,"enemies":"Spheric Guardian","floor":18,"turns":3},{"damage":4,"enemies":"Chosen","floor":20,"turns":3},{"damage":21,"enemies":"Snake Plant","floor":22,"turns":3},{"damage":25,"enemies":"Book of Stabbing","floor":23,"turns":5},{"damage":21,"enemies":"Gremlin Leader","floor":27,"turns":5},{"damage":20,"enemies":"Sentry and Sphere","floor":28,"turns":4},{"damage":0,"enemies":"Centurion and Healer","floor":30,"turns":3},{"damage":18,"enemies":"Collector","floor":33,"turns":10},{"damage":0,"enemies":"Orb Walker","floor":35,"turns":2},{"damage":23,"enemies":"Mysterious Sphere","floor":36,"turns":6},{"damage":28,"enemies":"3 Shapes","floor":39,"turns":5},{"damage":11,"enemies":"2 Orb Walkers","floor":41,"turns":5},{"damage":0,"enemies":"Spire Growth","floor":44,"turns":5},{"damage":0,"enemies":"3 Darklings","floor":47,"turns":2},{"damage":0,"enemies":"Giant Head","floor":48,"turns":8},{"damage":12,"enemies":"Awakened One","floor":50,"turns":9}],"seed_played":"-6883490280545477515","potions_obtained":[{"floor":1,"key":"Block Potion"},{"floor":2,"key":"FearPotion"},{"floor":7,"key":"Explosive Potion"},{"floor":16,"key":"Swift Potion"},{"floor":20,"key":"SkillPotion"},{"floor":28,"key":"SteroidPotion"},{"floor":33,"key":"SpeedPotion"},{"floor":39,"key":"PowerPotion"},{"floor":41,"key":"Strength Potion"}],"is_trial":false,"path_per_floor":["M","M","?","M","M","R","E","R","T","?","E","M","M","$","R","B",null,"M","?","M","?","M","E","?","R","T","E","M","$","M","$","R","B",null,"M","?","?","?","M","R","E","R","T","M","?","R","M","E","R","B"],"character_chosen":"DEFECT","items_purchased":["Bronze Scales","Calipers","BootSequence","Enlightenment","Go for the Eyes"],"campfire_rested":6,"item_purchase_floors":[14,14,29,29,29],"current_hp_per_floor":[67,67,67,58,56,56,35,57,57,57,26,26,22,22,44,39,75,69,69,65,65,44,19,19,41,41,22,4,4,6,6,28,37,75,75,52,52,45,19,41,36,58,58,64,64,64,70,75,75,63],"gold":43,"neow_bonus":"RANDOM_COMMON_RELIC","is_prod":false,"is_daily":false,"chose_seed":false,"campfire_upgraded":3,"win_rate":0,"timestamp":1536209580,"path_taken":["M","M","?","M","M","R","E","R","T","?","E","M","?","$","R","BOSS","M","?","M","?","?","E","?","R","T","E","M","?","M","$","R","BOSS","M","?","?","?","M","R","E","R","T","?","?","R","M","E","R","BOSS"],"build_version":"2018-08-30","purchased_purges":1,"victory":true,"max_hp_per_floor":[75,75,75,75,75,75,75,75,75,75,75,75,75,75,75,75,75,75,75,75,75,75,75,75,75,75,75,75,75,75,75,75,75,75,75,75,75,75,75,75,75,75,75,75,75,75,75,75,75,75],"card_choices":[{"not_picked":["Reprogram","Hello World"],"picked":"Rip and Tear","floor":1},{"not_picked":["Tempest","Stack"],"picked":"Redo","floor":2},{"not_picked":["Hologram","Aggregate"],"picked":"Steam","floor":4},{"not_picked":["Conserve Battery","White Noise"],"picked":"Rainbow","floor":5},{"not_picked":["Streamline","Conserve Battery"],"picked":"Static Discharge","floor":7},{"not_picked":["Fission","Rip and Tear"],"picked":"Turbo","floor":11},{"not_picked":["FTL","Sweeping Beam"],"picked":"Go for the Eyes","floor":12},{"not_picked":["Stack","Reprogram"],"picked":"Genetic Algorithm","floor":13},{"not_picked":["Biased Cognition","Meteor Strike"],"picked":"Reboot","floor":16},{"not_picked":["Hello World+1","Barrage"],"picked":"Coolheaded+1","floor":18},{"not_picked":["Capacitor","Reprogram"],"picked":"Beam Cell","floor":20},{"not_picked":["Loop","Reinforced Body"],"picked":"Conserve Battery","floor":22},{"not_picked":["Leap","Hyperbeam"],"picked":"Go for the Eyes","floor":23},{"not_picked":["Biased Cognition","Hologram"],"picked":"Turbo+1","floor":27},{"not_picked":["Leap","Heatsinks"],"picked":"Ball Lightning","floor":28},{"not_picked":["Go for the Eyes","Conserve Battery"],"picked":"Turbo","floor":30},{"not_picked":["Seek","Meteor Strike"],"picked":"Reboot","floor":33},{"not_picked":["Beam Cell","Fusion"],"picked":"Turbo","floor":35},{"not_picked":["Redo+1","Reinforced Body"],"picked":"Blizzard+1","floor":36},{"not_picked":["Impatience","Swift Strike"],"picked":"Bandage Up","floor":37},{"not_picked":["Turbo","Barrage"],"picked":"Chaos+1","floor":39},{"not_picked":["FTL+1","Rebound"],"picked":"Defragment","floor":41},{"not_picked":["Turbo","Streamline"],"picked":"Chill","floor":44},{"not_picked":["Steam+1","Beam Cell"],"picked":"Darkness+1","floor":47},{"not_picked":["Sweeping Beam","Coolheaded"],"picked":"Barrage","floor":48}],"player_experience":470425,"relics_obtained":[{"floor":7,"key":"Letter Opener"},{"floor":9,"key":"Pantograph"},{"floor":11,"key":"Cables"},{"floor":23,"key":"Vajra"},{"floor":26,"key":"Blood Vial"},{"floor":27,"key":"Unceasing Top"},{"floor":36,"key":"Incense Burner"},{"floor":41,"key":"Shuriken"},{"floor":43,"key":"DataDisk"},{"floor":48,"key":"StoneCalendar"}],"event_choices":[{"event_name":"Big Fish","player_choice":"Box","floor":3,"damage_taken":0},{"event_name":"World of Goop","player_choice":"Left","floor":10,"damage_taken":0},{"event_name":"Purifier","player_choice":"One Purge","floor":19,"damage_taken":0},{"event_name":"The Mausoleum","player_choice":"Yes","floor":21,"damage_taken":0},{"event_name":"Addict","player_choice":"Obtained Relic","floor":24,"damage_taken":0},{"event_name":"Mysterious Sphere","player_choice":"Fight","floor":36,"damage_taken":0},{"event_name":"SensoryStone","player_choice":"Memory 1","floor":37,"damage_taken":0},{"event_name":"Wheel of Change","player_choice":"Damage","floor":38,"damage_taken":0},{"event_name":"Tomb of Lord Red Mask","player_choice":"Paid","floor":45,"damage_taken":0}],"is_beta":false,"boss_relics":[{"not_picked":["Orrery","Runic Dome"],"picked":"Inserter"},{"not_picked":["Fusion Hammer","Velvet Choker"],"picked":"FrozenCore"}],"items_purged_floors":[14],"is_endless":false,"potions_floor_spawned":[1,2,7,16,20,28,33,39,41],"ascension_level":3}