{"path_per_floor":["M","M","M","M","M","R","M","$","T","M","R","M","?","M","R","B",null,"M","M","M","?","?","R","M","T","T"],"character_chosen":"THE_SILENT","items_purchased":["Deadly Poison","Mind Blast"],"gold_per_floor":[110,123,142,153,164,164,177,26,51,70,70,83,48,61,61,162,162,174,191,210,210,210,210,228,228,228],"floor_reached":27,"campfire_rested":2,"playtime":1795,"current_hp_per_floor":[69,64,64,54,51,51,42,42,42,25,25,23,40,37,58,44,70,36,41,23,23,23,44,16,16,16],"items_purged":[],"gold":228,"play_id":"73786141-667b-48c2-a776-caba84390c79","is_prod":false,"is_daily":false,"campfire_rituals":0,"campfire_upgraded":2,"is_hardmode":false,"path_taken":["M","M","M","M","M","R","M","$","T","M","R","M","?","M","R","BOSS","M","M","M","?","?","R","M","?","T","M"],"build_version":"2018-01-18-PROD4","purchased_purges":0,"victory":false,"master_deck":["Defend_G","Defend_G","Defend_G","Defend_G","Defend_G","Strike_G","Strike_G","Strike_G","Strike_G","Strike_G","Survivor","Neutralize","Deadly Poison","Dodge and Roll","Acrobatics","Acrobatics","Distraction","Noxious Fumes","Deadly Poison","Mind Blast","Poisoned Stab","Noxious Fumes","Prepared","Night Terror","PiercingWail","Crippling Poison","Prepared","Bouncing Flask","Escape Plan"],"max_hp_per_floor":[70,70,70,70,70,70,70,70,70,70,70,70,70,70,70,70,70,70,70,70,70,70,70,70,70,70],"relics":["Ring of the Snake","War Paint","Black Star","Paper Crane","Tingsha"],"campfire_meditates":0,"card_choices":[{"not_picked":["Choke","Bane"],"picked":"Deadly Poison"},{"not_picked":["Predator","Flying Knee"],"picked":"Dodge and Roll"},{"not_picked":["Finisher","Deflect"],"picked":"Acrobatics"},{"not_picked":["Dagger Spray","Bane"],"picked":"Acrobatics"},{"not_picked":["Skewer","Dagger Spray"],"picked":"Distraction"},{"not_picked":["Malaise","Dagger Throw"],"picked":"Noxious Fumes"},{"not_picked":["Outmaneuver","Glass Knife"],"picked":"Poisoned Stab"},{"not_picked":["Sucker Punch","Blade Dance"],"picked":"Noxious Fumes"},{"not_picked":["Dagger Spray","Sucker Punch"],"picked":"Prepared"},{"not_picked":["Phantasmal Killer","Adrenaline"],"picked":"Night Terror"},{"not_picked":["Dodge and Roll","Choke"],"picked":"PiercingWail"},{"not_picked":["Riddle With Holes","Dagger Spray"],"picked":"Crippling Poison"},{"not_picked":["Dagger Throw","Sucker Punch"],"picked":"Prepared"},{"not_picked":["Backflip","Sucker Punch"],"picked":"Escape Plan"}],"player_experience":68378,"potions_floor_usage":[7,19,20],"damage_taken":[{"damage":1,"enemies":"2 Louse","floor":1,"turns":5},{"damage":5,"enemies":"Jaw Worm","floor":2,"turns":5},{"damage":0,"enemies":"Small Slimes","floor":3,"turns":4},{"damage":10,"enemies":"3 Louse","floor":4,"turns":7},{"damage":3,"enemies":"Looter","floor":5,"turns":4},{"damage":9,"enemies":"2 Fungi Beasts","floor":7,"turns":4},{"damage":17,"enemies":"Exordium Thugs","floor":10,"turns":4},{"damage":2,"enemies":"Looter","floor":12,"turns":3},{"damage":3,"enemies":"3 Louse","floor":14,"turns":4},{"damage":14,"enemies":"The Guardian","floor":16,"turns":7},{"damage":34,"enemies":"3 Byrds","floor":18,"turns":5},{"damage":10,"enemies":"Shell Parasite","floor":19,"turns":5},{"damage":33,"enemies":"Centurion and Healer","floor":20,"turns":8},{"damage":28,"enemies":"3 Cultists","floor":24,"turns":6},{"damage":17,"enemies":"Snecko","floor":27,"turns":5}],"event_choices":[{"event_name":"The Cleric","player_choice":"Healed","floor":13,"damage_taken":0},{"event_name":"The Library","player_choice":"Read","floor":21,"damage_taken":0},{"event_name":"Upgrade Shrine","player_choice":"Upgraded","floor":22,"damage_taken":0}],"boss_relics":[{"not_picked":["Tiny House","Question Card"],"picked":"Black Star"}],"potions_floor_spawned":[1,10,12,14,16,18],"seed_played":"-8538703128456198989","killed_by":"Snecko","is_trial":false}