{"gold_per_floor":[116,128,128,1,17,17,28,45,45,64,83,83,103,113,113,217,217,230,0,16,31,48,48,61,61,85,85,95,114,124,143,143,143],"floor_reached":33,"playtime":1469,"items_purged":[],"score":251,"play_id":"848f1b79-915c-41c1-97f4-b3b90f64923d","local_time":"20190325152715","is_ascension_mode":false,"campfire_choices":[{"data":"Fission","floor":6,"key":"SMITH"},{"data":"Creative AI","floor":15,"key":"SMITH"},{"floor":23,"key":"REST"},{"data":"Defragment","floor":27,"key":"SMITH"},{"floor":32,"key":"REST"}],"neow_cost":"NONE","seed_source_timestamp":457652482990930,"circlet_count":0,"master_deck":["Strike_B","Strike_B","Strike_B","Strike_B","Defend_B","Defend_B","Defend_B","Defend_B","Zap","Dualcast","Fission+1","Conserve Battery","Stack","Defragment+1","Cold Snap","Ball Lightning","Barrage","Go for the Eyes","Auto Shields","Go for the Eyes","Cold Snap","Creative AI+1","Electrodynamics","Chill","Coolheaded","Cold Snap","Hologram","Go for the Eyes","Defragment+1","Buffer","Darkness","Coolheaded+1"],"relics":["Cracked Core"],"potions_floor_usage":[11,13,24,29,30,33],"damage_taken":[{"damage":1,"enemies":"Cultist","floor":1,"turns":3},{"damage":3,"enemies":"Small Slimes","floor":2,"turns":3},{"damage":0,"enemies":"2 Louse","floor":5,"turns":3},{"damage":1,"enemies":"2 Fungi Beasts","floor":7,"turns":3},{"damage":0,"enemies":"Exordium Wildlife","floor":8,"turns":2},{"damage":4,"enemies":"3 Louse","floor":10,"turns":3},{"damage":0,"enemies":"Large Slime","floor":11,"turns":3},{"damage":5,"enemies":"Gremlin Gang","floor":13,"turns":4},{"damage":0,"enemies":"Blue Slaver","floor":14,"turns":2},{"damage":17,"enemies":"Slime Boss","floor":16,"turns":7},{"damage":23,"enemies":"2 Thieves","floor":18,"turns":3},{"damage":4,"enemies":"Spheric Guardian","floor":20,"turns":4},{"damage":9,"enemies":"Centurion and Healer","floor":21,"turns":11},{"damage":12,"enemies":"Snake Plant","floor":22,"turns":6},{"damage":5,"enemies":"Snecko","floor":24,"turns":5},{"damage":6,"enemies":"Centurion and Healer","floor":28,"turns":4},{"damage":9,"enemies":"Shelled Parasite and Fungi","floor":29,"turns":6},{"damage":3,"enemies":"Snake Plant","floor":30,"turns":4},{"damage":8,"enemies":"Centurion and Healer","floor":31,"turns":7},{"damage":62,"enemies":"Collector","floor":33,"turns":7}],"seed_played":"3056049008891124387","potions_obtained":[{"floor":5,"key":"Ancient Potion"},{"floor":7,"key":"FairyPotion"},{"floor":8,"key":"Block Potion"},{"floor":11,"key":"SkillPotion"},{"floor":21,"key":"FearPotion"},{"floor":22,"key":"LiquidBronze"},{"floor":28,"key":"SmokeBomb"},{"floor":29,"key":"Block Potion"},{"floor":30,"key":"GamblersBrew"}],"is_trial":false,"path_per_floor":["M","M","?","$","M","R","M","M","T","M","M","?","M","M","R","B",null,"M","?","M","M","M","R","M","?","T","R","M","M","M","M","R","B"],"character_chosen":"DEFECT","items_purchased":["Defragment","Cold Snap"],"campfire_rested":2,"item_purchase_floors":[4,4],"current_hp_per_floor":[74,71,75,75,75,75,74,74,74,70,70,70,65,65,65,48,75,52,52,48,39,27,49,44,44,44,44,38,29,26,18,40,0],"gold":143,"neow_bonus":"ONE_RANDOM_RARE_CARD","is_prod":false,"is_daily":false,"chose_seed":false,"campfire_upgraded":3,"win_rate":0,"timestamp":1553549235,"path_taken":["M","M","?","?","M","R","M","?","T","?","M","?","M","M","R","BOSS","M","?","M","M","M","R","M","?","T","R","M","M","M","M","R","BOSS"],"build_version":"2019-01-23","purchased_purges":0,"victory":false,"max_hp_per_floor":[75,75,75,75,75,75,75,75,75,75,75,75,75,75,75,75,75,75,75,75,75,75,75,75,75,75,75,75,75,75,75,75,75],"card_choices":[{"not_picked":["Rebound","Chaos"],"picked":"Conserve Battery","floor":1},{"not_picked":["Redo","Gash"],"picked":"Stack","floor":2},{"not_picked":["Stack","Conserve Battery"],"picked":"Ball Lightning","floor":5},{"not_picked":["Rebound","Beam Cell"],"picked":"Barrage","floor":7},{"not_picked":["Genetic Algorithm","Melter"],"picked":"Go for the Eyes","floor":8},{"not_picked":["Heatsinks","Stack"],"picked":"Auto Shields","floor":10},{"not_picked":["Sweeping Beam","Rip and Tear"],"picked":"Go for the Eyes","floor":11},{"not_picked":["Ball Lightning","Reinforced Body"],"picked":"Cold Snap","floor":13},{"not_picked":["Recycle","Undo"],"picked":"Creative AI","floor":14},{"not_picked":["Reboot","Rainbow"],"picked":"Electrodynamics","floor":16},{"not_picked":["Turbo+1","Static Discharge"],"picked":"Chill","floor":18},{"not_picked":["Ball Lightning","Beam Cell+1"],"picked":"Coolheaded","floor":20},{"not_picked":["Skim+1","Storm"],"picked":"Cold Snap","floor":21},{"not_picked":["Beam Cell","Leap"],"picked":"Hologram","floor":22},{"not_picked":["Beam Cell","Recycle+1"],"picked":"Go for the Eyes","floor":24},{"not_picked":["Auto Shields+1","Stack"],"picked":"Defragment+1","floor":28},{"not_picked":["Redo","Rebound"],"picked":"Buffer","floor":29},{"not_picked":["Doom and Gloom","Rip and Tear"],"picked":"Darkness","floor":30},{"not_picked":["Doom and Gloom","Leap"],"picked":"Coolheaded+1","floor":31}],"player_experience":1694563,"relics_obtained":[],"event_choices":[{"damage_healed":4,"gold_gain":0,"player_choice":"Full Heal","damage_taken":0,"max_hp_gain":0,"max_hp_loss":0,"event_name":"Wheel of Change","floor":3,"gold_loss":0},{"damage_healed":0,"gold_gain":0,"player_choice":"Searched \u00270\u0027 times","damage_taken":0,"max_hp_gain":0,"max_hp_loss":0,"event_name":"Dead Adventurer","floor":12,"gold_loss":0},{"damage_healed":0,"gold_gain":0,"player_choice":"Paid Fearfully","damage_taken":0,"max_hp_gain":0,"max_hp_loss":0,"event_name":"Masked Bandits","floor":19,"gold_loss":230},{"damage_healed":0,"gold_gain":0,"player_choice":"Ignored","damage_taken":0,"max_hp_gain":0,"max_hp_loss":0,"event_name":"Ghosts","floor":25,"gold_loss":0}],"is_beta":false,"boss_relics":[{"not_picked":["Orrery","Black Star","Fusion Hammer"]}],"items_purged_floors":[],"is_endless":false,"potions_floor_spawned":[5,7,8,11,21,22,28,29,30],"killed_by":"Collector","ascension_level":0}