{"gold_per_floor":[118,137,148,148,80,95,111,126,126,146,18,31,31,45,45,140,140,156,81,94,110,110,110,1,1,26,44,44],"floor_reached":28,"playtime":797,"items_purged":[],"score":216,"play_id":"c50c28ef-106f-4ccc-948c-92e670a87ab3","local_time":"20190217155435","is_ascension_mode":false,"campfire_choices":[{"data":"Redo","floor":15,"key":"SMITH"},{"data":"Zap","floor":23,"key":"SMITH"},{"data":"Loop","floor":25,"key":"SMITH"}],"neow_cost":"NONE","seed_source_timestamp":165594022548674,"circlet_count":0,"master_deck":["Strike_B","Strike_B","Defend_B","Defend_B","Defend_B","Defend_B","Zap+1","Dualcast","Redo+1","Gash","Consume","Sunder","Rip and Tear","Leap","Core Surge","Ball Lightning","Hologram","Self Repair","Beam Cell","Redo","Thunder Strike","Go for the Eyes","Stack","Redo+1","Loop+1","FTL","Leap+1"],"relics":["Cracked Core"],"potions_floor_usage":[12,12,14,27],"damage_taken":[{"damage":5,"enemies":"Jaw Worm","floor":1,"turns":4},{"damage":0,"enemies":"Cultist","floor":2,"turns":2},{"damage":0,"enemies":"2 Louse","floor":3,"turns":2},{"damage":10,"enemies":"Looter","floor":6,"turns":3},{"damage":10,"enemies":"Exordium Wildlife","floor":7,"turns":3},{"damage":4,"enemies":"Lots of Slimes","floor":8,"turns":3},{"damage":4,"enemies":"Blue Slaver","floor":10,"turns":3},{"damage":7,"enemies":"Large Slime","floor":12,"turns":4},{"damage":0,"enemies":"Exordium Wildlife","floor":14,"turns":1},{"damage":46,"enemies":"Hexaghost","floor":16,"turns":9},{"damage":37,"enemies":"3 Byrds","floor":18,"turns":4},{"damage":25,"enemies":"Spheric Guardian","floor":20,"turns":4},{"damage":8,"enemies":"Snecko","floor":21,"turns":5},{"damage":44,"enemies":"3 Cultists","floor":27,"turns":5},{"damage":26,"enemies":"Centurion and Healer","floor":28,"turns":4}],"seed_played":"2346132175539059343","potions_obtained":[{"floor":1,"key":"Fire Potion"},{"floor":2,"key":"Dexterity Potion"},{"floor":7,"key":"Swift Potion"},{"floor":16,"key":"FairyPotion"},{"floor":18,"key":"LiquidBronze"}],"is_trial":false,"path_per_floor":["M","M","M","?","$","M","M","M","T","M","$","M","$","M","R","B",null,"M","?","M","M","?","R","$","R","T","M","M"],"character_chosen":"DEFECT","items_purchased":["Sunder","Hologram","Self Repair","Loop","FTL"],"campfire_rested":0,"item_purchase_floors":[5,11,11,24,24],"current_hp_per_floor":[77,77,77,77,77,67,57,53,53,49,49,49,49,56,56,10,82,45,45,27,26,53,53,53,53,53,16,0],"gold":44,"neow_bonus":"TEN_PERCENT_HP_BONUS","is_prod":false,"is_daily":false,"chose_seed":false,"campfire_upgraded":3,"win_rate":0,"timestamp":1550444075,"path_taken":["M","M","M","?","$","M","M","M","T","?","$","M","?","M","R","BOSS","M","?","M","M","?","R","$","R","T","M","M"],"build_version":"2019-01-23","purchased_purges":0,"victory":false,"max_hp_per_floor":[82,82,82,82,82,82,82,82,82,82,82,82,82,82,82,82,82,82,82,82,82,82,82,82,82,82,82,82],"card_choices":[{"not_picked":["Hello World","Storm"],"picked":"Redo","floor":1},{"not_picked":["Hologram","Darkness"],"picked":"Gash","floor":2},{"not_picked":["Doom and Gloom","Undo"],"picked":"Consume","floor":3},{"not_picked":["Conserve Battery","Sweeping Beam"],"picked":"Rip and Tear","floor":6},{"not_picked":["Recycle","Streamline"],"picked":"Leap","floor":7},{"not_picked":["Auto Shields","Compile Driver"],"picked":"Core Surge","floor":8},{"not_picked":["Doom and Gloom","Steam"],"picked":"Ball Lightning","floor":10},{"not_picked":["Coolheaded","Reinforced Body"],"picked":"Beam Cell","floor":12},{"not_picked":["Self Repair","Consume"],"picked":"Redo","floor":14},{"not_picked":["Meteor Strike","Multi-Cast"],"picked":"Thunder Strike","floor":16},{"not_picked":["Steam Power","Leap"],"picked":"Go for the Eyes","floor":18},{"not_picked":["Hello World","Conserve Battery"],"picked":"Stack","floor":20},{"not_picked":["Cold Snap","Leap"],"picked":"Redo+1","floor":21},{"not_picked":["Redo","Darkness+1"],"picked":"Leap+1","floor":27}],"player_experience":1503838,"relics_obtained":[],"event_choices":[{"cards_removed":["Strike_B"],"damage_healed":0,"gold_gain":0,"player_choice":"Card Removal","damage_taken":0,"max_hp_gain":0,"max_hp_loss":0,"event_name":"Wheel of Change","floor":4,"gold_loss":0},{"cards_removed":["Strike_B"],"damage_healed":0,"gold_gain":0,"player_choice":"Gave Gold","damage_taken":0,"max_hp_gain":0,"max_hp_loss":0,"event_name":"Beggar","floor":19,"gold_loss":75},{"damage_healed":27,"gold_gain":0,"player_choice":"Heal","damage_taken":0,"max_hp_gain":0,"max_hp_loss":0,"event_name":"The Library","floor":22,"gold_loss":0}],"is_beta":false,"boss_relics":[{"not_picked":["Fusion Hammer","Astrolabe","Nuclear Battery"]}],"items_purged_floors":[],"is_endless":false,"potions_floor_spawned":[1,2,7,8,10,16,18],"killed_by":"Centurion and Healer","ascension_level":0}