{"gold_per_floor":[110,130,144,94,94,94,111,111,111,125,158,47,79,89,89,186,186,204,221,252,263,263,263,292,19,91,91,91,101,101,36,36,141,141,154,154,172,172],"floor_reached":38,"playtime":2968,"items_purged":["Pain"],"score":550,"play_id":"967c6688-17a4-4c5f-a46d-f289b6e83328","local_time":"20190321210634","is_ascension_mode":true,"campfire_choices":[{"data":"Carnage","floor":6,"key":"SMITH"},{"floor":15,"key":"REST"},{"floor":23,"key":"REST"},{"floor":28,"key":"REST"},{"floor":30,"key":"REST"},{"floor":32,"key":"REST"}],"neow_cost":"NONE","seed_source_timestamp":507742030887320,"circlet_count":0,"master_deck":["Strike_R","Strike_R","Strike_R","Strike_R","Strike_R","Defend_R","Defend_R","Defend_R","Defend_R","Bash","Corruption+1","Carnage+1","Feel No Pain","Pommel Strike","Headbutt","Warcry","Rampage","Infernal Blade","Dark Embrace","Headbutt","Evolve","Fiend Fire","True Grit+1","Armaments","Shockwave","Flex","True Grit","Havoc","Fiend Fire","Decay","Impervious","Carnage","Feel No Pain","Ghostly Armor","Warcry","Second Wind","Double Tap","Wild Strike+1","Body Slam","Parasite"],"relics":["Burning Blood","Dream Catcher","WarpedTongs","Paper Frog","Pantograph","Bronze Scales","Sozu","Red Mask","Boot","Matryoshka","Membership Card","Mummified Hand","Blue Candle","Fusion Hammer"],"potions_floor_usage":[10,16,38],"damage_taken":[{"damage":3,"enemies":"2 Louse","floor":1,"turns":5},{"damage":1,"enemies":"Cultist","floor":2,"turns":3},{"damage":7,"enemies":"Small Slimes","floor":3,"turns":3},{"damage":17,"enemies":"Exordium Wildlife","floor":7,"turns":4},{"damage":24,"enemies":"Large Slime","floor":10,"turns":5},{"damage":27,"enemies":"Lagavulin","floor":11,"turns":7},{"damage":14,"enemies":"3 Sentries","floor":13,"turns":8},{"damage":7,"enemies":"3 Louse","floor":14,"turns":2},{"damage":67,"enemies":"The Guardian","floor":16,"turns":13},{"damage":7,"enemies":"Shell Parasite","floor":18,"turns":2},{"damage":28,"enemies":"2 Thieves","floor":19,"turns":4},{"damage":36,"enemies":"Masked Bandits","floor":20,"turns":5},{"damage":7,"enemies":"Snake Plant","floor":21,"turns":3},{"damage":26,"enemies":"Book of Stabbing","floor":24,"turns":4},{"damage":14,"enemies":"3 Cultists","floor":29,"turns":4},{"damage":29,"enemies":"Automaton","floor":33,"turns":9},{"damage":31,"enemies":"3 Darklings","floor":35,"turns":5},{"damage":0,"enemies":"Orb Walker","floor":37,"turns":2},{"damage":59,"enemies":"Writhing Mass","floor":38,"turns":4}],"seed_played":"-7264977035544197315","potions_obtained":[{"floor":1,"key":"Fire Potion"},{"floor":13,"key":"Poison Potion"},{"floor":14,"key":"SneckoOil"},{"floor":16,"key":"PowerPotion"}],"is_trial":false,"path_per_floor":["?","?","M","?","T","?","?"],"character_chosen":"IRONCLAD","items_purchased":["Pommel Strike","Infernal Blade","Membership Card","Fiend Fire","Ghostly Armor","Warcry"],"campfire_rested":5,"item_purchase_floors":[4,12,25,25,31,31],"current_hp_per_floor":[75,80,79,79,79,79,68,68,68,50,29,29,21,20,44,8,62,61,39,9,8,8,32,12,12,12,12,36,28,52,52,76,57,74,49,49,55,0],"gold":172,"neow_bonus":"RANDOM_COMMON_RELIC","is_prod":false,"is_daily":false,"chose_seed":false,"campfire_upgraded":1,"win_rate":0,"timestamp":1553216794,"path_taken":["M","M","M","$","?","R","M","?","T","M","E","$","E","M","R","BOSS","M","?","?","M","?","R","E","$","T","?","R","M","R","$","R","BOSS","M","?","M","M"],"build_version":"2019-01-23","purchased_purges":1,"victory":false,"max_hp_per_floor":[80,80,80,80,80,80,80,80,80,80,80,80,80,80,80,80,80,80,80,80,80,80,80,80,80,80,80,80,80,80,80,80,80,80,80,80,80,80],"card_choices":[{"not_picked":["Hemokinesis","Armaments"],"picked":"Corruption","floor":1},{"not_picked":["Wild Strike","Thunderclap"],"picked":"Carnage","floor":2},{"not_picked":["Shrug It Off","True Grit"],"picked":"Feel No Pain","floor":3},{"not_picked":["Pommel Strike","Sword Boomerang"],"picked":"Headbutt","floor":7},{"not_picked":["Sword Boomerang","Clothesline"],"picked":"Warcry","floor":10},{"not_picked":["Havoc","Searing Blow"],"picked":"Rampage","floor":11},{"not_picked":["Bloodletting","Fire Breathing"],"picked":"Dark Embrace","floor":13},{"not_picked":["Sentinel","Heavy Blade"],"picked":"Headbutt","floor":14},{"not_picked":["Cleave","Second Wind"],"picked":"Evolve","floor":15},{"not_picked":["Demon Form","Juggernaut"],"picked":"Fiend Fire","floor":16},{"not_picked":["Pommel Strike","Battle Trance"],"picked":"True Grit","floor":18},{"not_picked":["Dual Wield","Body Slam"],"picked":"Armaments","floor":19},{"not_picked":["Heavy Blade","Power Through+1"],"picked":"Shockwave","floor":20},{"not_picked":["Bludgeon","Thunderclap"],"picked":"Flex","floor":21},{"not_picked":["Flex","Pommel Strike"],"picked":"True Grit","floor":23},{"not_picked":["Iron Wave","Combust+1"],"picked":"Havoc","floor":24},{"not_picked":["Clothesline","Perfected Strike"],"picked":"Impervious","floor":28},{"not_picked":["Rupture","Uppercut"],"picked":"Carnage","floor":29},{"not_picked":["Havoc","Body Slam"],"picked":"Feel No Pain","floor":30},{"not_picked":["Iron Wave","Heavy Blade"],"picked":"Second Wind","floor":32},{"not_picked":["Demon Form","Immolate"],"picked":"Double Tap","floor":33},{"not_picked":["Evolve","Anger+1"],"picked":"Wild Strike+1","floor":35},{"not_picked":["Clothesline","Heavy Blade"],"picked":"Body Slam","floor":37}],"player_experience":857870,"relics_obtained":[{"floor":9,"key":"Paper Frog"},{"floor":11,"key":"Pantograph"},{"floor":13,"key":"Bronze Scales"},{"floor":20,"key":"Red Mask"},{"floor":22,"key":"Boot"},{"floor":24,"key":"Matryoshka"},{"floor":26,"key":"Mummified Hand"},{"floor":26,"key":"Blue Candle"}],"event_choices":[{"damage_healed":0,"gold_gain":0,"player_choice":"Grow","damage_taken":0,"max_hp_gain":0,"max_hp_loss":0,"event_name":"Living Wall","floor":5,"gold_loss":0,"cards_upgraded":["Corruption"]},{"damage_healed":0,"gold_gain":0,"player_choice":"Rummage","damage_taken":0,"relics_obtained":["WarpedTongs"],"max_hp_gain":0,"max_hp_loss":0,"event_name":"Accursed Blacksmith","floor":8,"gold_loss":0,"cards_obtained":["Pain"]},{"damage_healed":0,"gold_gain":0,"player_choice":"Fought Bandits","damage_taken":0,"max_hp_gain":0,"max_hp_loss":0,"event_name":"Masked Bandits","floor":20,"gold_loss":0},{"damage_healed":0,"gold_gain":0,"player_choice":"Smashed Altar","damage_taken":0,"max_hp_gain":0,"max_hp_loss":0,"event_name":"Forgotten Altar","floor":27,"gold_loss":0,"cards_obtained":["Decay"]},{"damage_healed":0,"gold_gain":0,"player_choice":"Upgraded","damage_taken":0,"max_hp_gain":0,"max_hp_loss":0,"event_name":"Upgrade Shrine","floor":36,"gold_loss":0,"cards_upgraded":["True Grit"]}],"is_beta":false,"boss_relics":[{"not_picked":["Velvet Choker","Coffee Dripper"],"picked":"Sozu"},{"not_picked":["Runic Pyramid","Tiny House"],"picked":"Fusion Hammer"}],"items_purged_floors":[12],"is_endless":false,"potions_floor_spawned":[1,13,14,16,18,33,37],"killed_by":"Writhing Mass","ascension_level":6}