{"gold_per_floor":[119,119,119,119,44,78,78,89,89,122,122,135,146,47,47,47],"floor_reached":16,"playtime":477,"items_purged":["Regret"],"score":119,"play_id":"ff648fa4-f7e6-4bdd-b173-d35395c0eb90","local_time":"20180825195420","is_ascension_mode":true,"campfire_choices":[{"floor":7.0,"key":"REST"},{"floor":11,"key":"REST"},{"floor":15,"key":"REST"}],"neow_cost":"NONE","seed_source_timestamp":0,"circlet_count":0,"master_deck":["Defend_G","Defend_G","Defend_G","Defend_G","Defend_G","Strike_G","Strike_G","Strike_G","Survivor","Neutralize","Sucker Punch","Bane","Blade Dance","Distraction","Storm of Steel","Dagger Spray","Dagger Spray","Sucker Punch","Slice"],"special_seed":0,"relics":["Runic Dome","Question Card","Bottled Flame","Nunchaku","Tingsha"],"potions_floor_usage":[16],"damage_taken":[{"damage":4.0,"enemies":"Small Slimes","floor":1.0,"turns":4.0},{"damage":27.0,"enemies":"3 Sentries","floor":6.0,"turns":9.0},{"damage":3.0,"enemies":"2 Louse","floor":8.0,"turns":2.0},{"damage":35.0,"enemies":"Lagavulin","floor":10.0,"turns":11.0},{"damage":9,"enemies":"Jaw Worm","floor":12,"turns":3},{"damage":8,"enemies":"Large Slime","floor":13,"turns":4},{"damage":0,"enemies":"The Guardian","floor":16,"turns":3}],"seed_played":"-676211168788853830","potions_obtained":[{"floor":1.0,"key":"PowerPotion"},{"floor":6.0,"key":"FearPotion"},{"floor":13,"key":"AttackPotion"}],"is_trial":false,"path_per_floor":["M","?","?","?","$","E","R","M","T","E","R","M","M","$","R"],"character_chosen":"THE_SILENT","items_purchased":["Sucker Punch","Slice"],"campfire_rested":3,"item_purchase_floors":[14,14],"current_hp_per_floor":[66,66,66,66,66,39,60,57,57,22,43,34,26,26,47,47],"gold":47,"neow_bonus":"BOSS_RELIC","is_prod":false,"is_daily":false,"chose_seed":false,"campfire_upgraded":0,"win_rate":0,"timestamp":1535248460,"path_taken":["M","?","?","?","$","E","R","M","T","E","R","M","M","$","R","BOSS"],"build_version":"2018-08-23v2","purchased_purges":1,"victory":false,"max_hp_per_floor":[70,70,70,70,70,70,70,70,70,70,70,70,70,70,70,70],"card_choices":[{"not_picked":["Setup","Slice"],"picked":"Sucker Punch","floor":1.0},{"not_picked":["Doppelganger","Quick Slash","Bane"],"picked":"Blade Dance","floor":6.0},{"not_picked":["Acrobatics","PiercingWail","Footwork"],"picked":"Distraction","floor":8.0},{"not_picked":["Flying Knee","Flechettes","Escape Plan"],"picked":"Storm of Steel","floor":10.0},{"not_picked":["Slice","Outmaneuver","Catalyst"],"picked":"Dagger Spray","floor":12},{"not_picked":["Outmaneuver","Backflip","Quick Slash"],"picked":"Dagger Spray","floor":13}],"player_experience":342969,"relics_obtained":[{"floor":6.0,"key":"Bottled Flame"},{"floor":9.0,"key":"Nunchaku"},{"floor":10.0,"key":"Tingsha"}],"event_choices":[{"event_name":"Living Wall","player_choice":"Change","floor":2.0,"damage_taken":0.0},{"event_name":"Purifier","player_choice":"One Purge","floor":3.0,"damage_taken":0.0},{"event_name":"Big Fish","player_choice":"Box","floor":4.0,"damage_taken":0.0}],"is_beta":false,"boss_relics":[],"items_purged_floors":[5],"is_endless":false,"potions_floor_spawned":[1,6,13],"killed_by":"The Guardian","ascension_level":2}