{"gold_per_floor":[118,193,193,75,90,90,123,138,138,148,148,161,161,174,174,277,277,287,212,212,226,75,75,105,121,169,169,197,214,214,225,225,321,321,341,301,311,331,331],"floor_reached":39,"playtime":1504,"items_purged":[],"score":617,"play_id":"14492612-c75f-4bc6-bc0e-7db6eeffaf67","local_time":"20181030144850","is_ascension_mode":true,"campfire_choices":[{"data":"Demon Form","floor":6,"key":"SMITH"},{"floor":13,"key":"REST"},{"floor":15,"key":"REST"},{"data":"Armaments","floor":23,"key":"SMITH"},{"data":"Limit Break","floor":32,"key":"SMITH"}],"neow_cost":"NONE","seed_source_timestamp":1716729913314985,"circlet_count":0,"master_deck":["Defend_R","Defend_R","Defend_R+1","Defend_R","Bash","Demon Form+1","Whirlwind","Pummel","Shrug It Off","Warcry+1","Heavy Blade","Twin Strike","Reaper","Cleave","Impervious","Armaments+1","Bite","Bite","Bite","Bite","Bite","Armaments+1","Limit Break+1","Body Slam+1","Twin Strike","Necronomicurse","Flame Barrier","Exhume+1","Body Slam+1","Body Slam+1","Pummel"],"relics":["Black Blood","PreservedInsect","War Paint","Letter Opener","Orichalcum","Sozu","Mango","Pen Nib","Necronomicon","Mercury Hourglass","Mummified Hand"],"potions_floor_usage":[7,10,24],"damage_taken":[{"damage":11,"enemies":"Jaw Worm","floor":1,"turns":4},{"damage":0,"enemies":"Cultist","floor":5,"turns":4},{"damage":17,"enemies":"Gremlin Nob","floor":7,"turns":4},{"damage":1,"enemies":"2 Louse","floor":8,"turns":2},{"damage":14,"enemies":"Blue Slaver","floor":10,"turns":5},{"damage":6,"enemies":"Looter","floor":12,"turns":3},{"damage":11,"enemies":"Exordium Thugs","floor":14,"turns":4},{"damage":45,"enemies":"Hexaghost","floor":16,"turns":8},{"damage":8,"enemies":"Shell Parasite","floor":18,"turns":4},{"damage":5,"enemies":"3 Byrds","floor":21,"turns":5},{"damage":45,"enemies":"Book of Stabbing","floor":24,"turns":7},{"damage":32,"enemies":"Cultist and Chosen","floor":25,"turns":8},{"damage":12,"enemies":"Gremlin Leader","floor":28,"turns":4},{"damage":39,"enemies":"Centurion and Healer","floor":29,"turns":5},{"damage":19,"enemies":"Snake Plant","floor":31,"turns":5},{"damage":49,"enemies":"Automaton","floor":33,"turns":7},{"damage":19,"enemies":"3 Darklings","floor":35,"turns":3},{"damage":43,"enemies":"Orb Walker","floor":37,"turns":5},{"damage":25,"enemies":"Transient","floor":38,"turns":5},{"damage":102,"enemies":"Writhing Mass","floor":39,"turns":4}],"seed_played":"-7879166007264993666","potions_obtained":[{"floor":1,"key":"Dexterity Potion"},{"floor":5,"key":"EssenceOfSteel"},{"floor":10,"key":"EssenceOfSteel"}],"is_trial":false,"path_per_floor":["M","?","T","$","M","R","E","M","T","M","?","M","R","M","R","B",null,"M","?","?","M","$","R","E","M","T","?","E","M","T","M","R","B",null,"M","?","M","M"],"character_chosen":"IRONCLAD","items_purchased":["Pummel","Shrug It Off","Limit Break"],"campfire_rested":2,"item_purchase_floors":[4,4,22],"current_hp_per_floor":[67,56,56,56,62,62,51,56,56,48,30,30,54,49,73,47,72,70,70,56,56,56,56,43,35,35,19,64,57,57,58,58,31,60,51,51,51,49,0],"gold":331,"neow_bonus":"ONE_RANDOM_RARE_CARD","is_prod":false,"is_daily":false,"chose_seed":false,"campfire_upgraded":3,"win_rate":0,"timestamp":1540932530,"path_taken":["M","?","?","?","?","R","E","M","T","M","?","M","R","M","R","BOSS","M","?","?","M","$","R","E","M","T","?","E","M","?","M","R","BOSS","M","?","M","?","M"],"build_version":"2018-10-25v2","purchased_purges":0,"victory":false,"max_hp_per_floor":[80,80,80,80,80,80,80,80,80,80,80,80,80,80,80,80,80,80,80,56,56,56,56,70,70,70,70,70,70,70,70,70,70,70,70,70,70,70,70],"card_choices":[{"not_picked":["True Grit","Havoc"],"picked":"Whirlwind","floor":1},{"not_picked":["Anger","Thunderclap"],"picked":"Warcry","floor":5},{"not_picked":["Blood for Blood","Wild Strike"],"picked":"Heavy Blade","floor":7},{"not_picked":["Clash","Warcry"],"picked":"Twin Strike","floor":8},{"not_picked":["Cleave","Shrug It Off"],"picked":"Reaper","floor":10},{"not_picked":["Pommel Strike","Power Through"],"picked":"Cleave","floor":12},{"not_picked":["Clash","Body Slam","Headbutt"],"picked":"SKIP","floor":14},{"not_picked":["Dark Embrace","Offering"],"picked":"Impervious","floor":16},{"not_picked":["Thunderclap+1","Havoc"],"picked":"Armaments","floor":18},{"not_picked":["Havoc","Perfected Strike"],"picked":"Armaments+1","floor":21},{"not_picked":["Clothesline","Carnage"],"picked":"Body Slam+1","floor":24},{"not_picked":["Clash","Rupture"],"picked":"Twin Strike","floor":25},{"not_picked":["Carnage","Thunderclap+1","Body Slam"],"picked":"SKIP","floor":28},{"not_picked":["Flex","Body Slam"],"picked":"Flame Barrier","floor":29},{"not_picked":["Perfected Strike","Sever Soul","Corruption"],"picked":"SKIP","floor":31},{"not_picked":["Offering","Fiend Fire"],"picked":"Exhume","floor":33},{"not_picked":["True Grit+1","Sword Boomerang+1"],"picked":"Body Slam+1","floor":35},{"not_picked":["Shrug It Off","Thunderclap"],"picked":"Body Slam+1","floor":37},{"not_picked":["Body Slam+1","Twin Strike"],"picked":"Pummel","floor":38}],"player_experience":975715,"relics_obtained":[{"floor":3,"key":"PreservedInsect"},{"floor":7,"key":"War Paint"},{"floor":9,"key":"Letter Opener"},{"floor":24,"key":"Mango"},{"floor":26,"key":"Pen Nib"},{"floor":27,"key":"Necronomicon"},{"floor":28,"key":"Mercury Hourglass"},{"floor":30,"key":"Mummified Hand"}],"event_choices":[{"damage_healed":0,"gold_gain":75,"player_choice":"Gather Gold","damage_taken":11,"max_hp_gain":0,"max_hp_loss":0,"event_name":"World of Goop","floor":2,"gold_loss":0},{"damage_healed":0,"gold_gain":0,"player_choice":"Success","damage_taken":18,"relics_obtained":["Orichalcum"],"max_hp_gain":0,"max_hp_loss":0,"event_name":"Scrap Ooze","floor":11,"gold_loss":0},{"cards_removed":["Strike_R"],"damage_healed":0,"gold_gain":0,"player_choice":"Gave Gold","damage_taken":0,"max_hp_gain":0,"max_hp_loss":0,"event_name":"Beggar","floor":19,"gold_loss":75},{"damage_healed":0,"gold_gain":0,"player_choice":"Became a vampire","damage_taken":0,"max_hp_gain":0,"max_hp_loss":24,"event_name":"Vampires","floor":20,"gold_loss":0,"cards_obtained":["Bite","Bite","Bite","Bite","Bite"]},{"damage_healed":0,"gold_gain":0,"player_choice":"Obtained Book","damage_taken":16,"max_hp_gain":0,"max_hp_loss":0,"event_name":"Cursed Tome","floor":27,"gold_loss":0},{"damage_healed":0,"gold_gain":0,"player_choice":"Upgrade","damage_taken":0,"max_hp_gain":0,"max_hp_loss":0,"event_name":"Designer","floor":36,"gold_loss":40,"cards_upgraded":["Exhume"]}],"is_beta":false,"boss_relics":[{"not_picked":["Lizard Tail","Astrolabe"],"picked":"Sozu"},{"not_picked":["Eternal Feather","White Beast Statue"],"picked":"Black Blood"}],"items_purged_floors":[],"is_endless":false,"potions_floor_spawned":[1,5,10,18,24,28,35,38],"killed_by":"Writhing Mass","ascension_level":8}