{"gold_per_floor":[215,33,33,47,60,60,79,111,111,126,126,126,15,30,30,130,130,142,142,142,142,142,173,173,39,89,89,115,115,115,115,115,212,212,231,231,1230,768,768,768,646,646,646,671,365,365,365,365,365,365,365,365,241,273,273],"floor_reached":56,"playtime":3245,"items_purged":["Strike_R","Strike_R","Normality","Normality","Defend_R","Defend_R"],"score":1446,"play_id":"3286c058-ef9b-46b1-befd-e31b0e537c14","local_time":"20190107163036","is_ascension_mode":true,"campfire_choices":[{"data":"True Grit","floor":6.0,"key":"SMITH"},{"data":"Searing Blow","floor":12.0,"key":"SMITH"},{"data":"Searing Blow+1","floor":15.0,"key":"SMITH"},{"data":"Searing Blow+2","floor":24.0,"key":"SMITH"},{"data":"Searing Blow+3","floor":27.0,"key":"SMITH"},{"data":"Searing Blow+4","floor":29.0,"key":"SMITH"},{"data":"Searing Blow+5","floor":32.0,"key":"SMITH"},{"data":"Searing Blow+6","floor":40.0,"key":"SMITH"},{"data":"Searing Blow+7","floor":42.0,"key":"SMITH"},{"floor":49,"key":"RECALL"},{"data":"Searing Blow+8","floor":52,"key":"SMITH"}],"neow_cost":"NONE","seed_source_timestamp":515620947453603,"circlet_count":0,"master_deck":["Strike_R","Strike_R","Defend_R+1","Defend_R","Searing Blow+9","True Grit+1","Headbutt","Battle Trance","Clothesline","Evolve","Inflame","Double Tap+1","Shame","Ghostly Armor+1","Disarm","Thunderclap","Writhe","Offering","Dramatic Entrance","Carnage"],"special_seed":0,"relics":["Burning Blood","Bag of Marbles","Happy Flower","Pen Nib","Mercury Hourglass","Velvet Choker","Enchiridion","Ornamental Fan","Thread and Needle","Du-Vu Doll","Bronze Scales","Juzu Bracelet","Meat on the Bone","Coffee Dripper","Membership Card","Ancient Tea Set","Bag of Preparation","Girya","Strange Spoon","War Paint","Strawberry"],"potions_floor_usage":[55,55,55],"damage_taken":[{"damage":8.0,"enemies":"2 Louse","floor":1.0,"turns":5.0},{"damage":8.0,"enemies":"Jaw Worm","floor":4.0,"turns":5.0},{"damage":0.0,"enemies":"Small Slimes","floor":5.0,"turns":2.0},{"damage":14.0,"enemies":"2 Fungi Beasts","floor":7.0,"turns":4.0},{"damage":63.0,"enemies":"Lagavulin","floor":8.0,"turns":9.0},{"damage":8.0,"enemies":"Large Slime","floor":10.0,"turns":6.0},{"damage":2.0,"enemies":"Looter","floor":14.0,"turns":2.0},{"damage":0.0,"enemies":"Slime Boss","floor":16.0,"turns":5.0},{"damage":11.0,"enemies":"2 Thieves","floor":18.0,"turns":2.0},{"damage":7.0,"enemies":"Colosseum Slavers","floor":20.0,"turns":2.0},{"damage":23.0,"enemies":"Slavers","floor":23.0,"turns":4.0},{"damage":11.0,"enemies":"Book of Stabbing","floor":28.0,"turns":3.0},{"damage":32.0,"enemies":"Automaton","floor":33.0,"turns":6.0},{"damage":0.0,"enemies":"3 Shapes","floor":35.0,"turns":3.0},{"damage":30,"enemies":"Nemesis","floor":44,"turns":5},{"damage":44,"enemies":"Awakened One","floor":50,"turns":6},{"damage":8,"enemies":"Shield and Spear","floor":54,"turns":5},{"damage":80,"enemies":"The Heart","floor":55,"turns":5}],"seed_played":"-6900054170160509423","potions_obtained":[{"floor":1.0,"key":"AttackPotion"},{"floor":4.0,"key":"SpeedPotion"},{"floor":8.0,"key":"LiquidBronze"},{"floor":16.0,"key":"SteroidPotion"},{"floor":23.0,"key":"GamblersBrew"},{"floor":33.0,"key":"Strength Potion"},{"floor":35.0,"key":"Energy Potion"},{"floor":54,"key":"LiquidBronze"}],"is_trial":false,"path_per_floor":["M","$","?","M","M","R","M","E","T","M","?","R","$","M","R","B",null,"M","?","?","?","T","E","R","$","T","R","E","R","?","$","R","B",null,"M","?","?","$","?","R","$","R","T","E","$","?","?","?","R","B",null,"R","$","E","B",null],"character_chosen":"IRONCLAD","items_purchased":["Bag of Marbles","True Grit","Inflame","Disarm","Membership Card","Ancient Tea Set","Bag of Preparation","Regen Potion","Dramatic Entrance","Strange Spoon","Carnage","War Paint","Swift Potion"],"campfire_rested":0,"item_purchase_floors":[2,2,13,25,38,38,38,38,41,45,45,45,53],"current_hp_per_floor":[78,78,71,69,75,75,67,10,10,8,5,5,5,9,9,15,80,75,59,58,58,58,41,41,41,41,41,36,36,36,36,36,22,80,80,80,80,80,80,80,80,80,80,56,56,56,56,56,56,30,80,80,80,85,23],"gold":273,"neow_bonus":"HUNDRED_GOLD","is_prod":false,"is_daily":false,"chose_seed":false,"campfire_upgraded":10,"win_rate":0,"timestamp":1546907436,"path_taken":["M","$","?","M","M","R","M","E","T","M","?","R","$","M","R","BOSS","M","?","?","?","?","E","R","$","T","R","E","R","?","$","R","BOSS","M","?","?","$","?","R","$","R","T","E","$","?","?","?","R","BOSS","R","$","E","BOSS"],"build_version":"2019-01-03v4","purchased_purges":6,"victory":true,"max_hp_per_floor":[80,80,80,80,80,80,80,80,80,80,80,80,80,80,80,80,80,80,80,80,80,80,80,80,80,80,80,80,80,80,80,80,80,80,80,80,80,80,80,80,80,80,80,80,80,80,80,80,80,80,80,80,80,87,87],"card_choices":[{"not_picked":["Perfected Strike","Second Wind"],"picked":"Searing Blow","floor":1.0},{"not_picked":["Clash","Sword Boomerang"],"picked":"Headbutt","floor":4.0},{"not_picked":["Uppercut","Heavy Blade","Brutality"],"picked":"SKIP","floor":5.0},{"not_picked":["Entrench","Warcry"],"picked":"Battle Trance","floor":7.0},{"not_picked":["True Grit","Entrench"],"picked":"Clothesline","floor":8.0},{"not_picked":["Feel No Pain","Metallicize"],"picked":"Evolve","floor":10.0},{"not_picked":["Thunderclap","True Grit","Metallicize"],"picked":"SKIP","floor":14.0},{"not_picked":["Impervious","Berserk"],"picked":"Double Tap","floor":16.0},{"not_picked":["Flame Barrier","Perfected Strike","Power Through"],"picked":"SKIP","floor":18.0},{"not_picked":["Flex","Body Slam+1"],"picked":"Ghostly Armor+1","floor":23.0},{"not_picked":["Clothesline+1","Rampage+1"],"picked":"Thunderclap","floor":28.0},{"not_picked":["Fiend Fire","Berserk"],"picked":"Offering","floor":33.0},{"not_picked":["Cleave+1","Blood for Blood+1","Twin Strike+1"],"picked":"SKIP","floor":35.0},{"not_picked":["True Grit","Berserk","Iron Wave+1"],"picked":"SKIP","floor":44},{"not_picked":["Thunderclap+1","Havoc+1","Anger"],"picked":"SKIP","floor":54}],"player_experience":161592,"relics_obtained":[{"floor":8.0,"key":"Happy Flower"},{"floor":9.0,"key":"Pen Nib"},{"floor":19.0,"key":"Enchiridion"},{"floor":22.0,"key":"Thread and Needle"},{"floor":23.0,"key":"Du-Vu Doll"},{"floor":26.0,"key":"Bronze Scales"},{"floor":28.0,"key":"Juzu Bracelet"},{"floor":44,"key":"Girya"},{"floor":54,"key":"Strawberry"}],"event_choices":[{"cards_removed":["Bash"],"damage_healed":0.0,"max_hp_gain":0.0,"max_hp_loss":0.0,"gold_gain":0.0,"event_name":"Golden Wing","player_choice":"Card Removal","floor":3.0,"gold_loss":0.0,"damage_taken":7.0},{"damage_healed":0.0,"max_hp_gain":0.0,"max_hp_loss":0.0,"gold_gain":0.0,"event_name":"Scrap Ooze","player_choice":"Success","floor":11.0,"gold_loss":0.0,"damage_taken":3.0,"relics_obtained":["Mercury Hourglass"]},{"damage_healed":0.0,"max_hp_gain":0.0,"max_hp_loss":0.0,"gold_gain":0.0,"event_name":"Cursed Tome","player_choice":"Obtained Book","floor":19.0,"gold_loss":0.0,"damage_taken":16.0},{"damage_healed":0.0,"max_hp_gain":0.0,"max_hp_loss":0.0,"gold_gain":0.0,"event_name":"Colosseum","player_choice":"Fight","floor":20.0,"gold_loss":0.0,"damage_taken":0.0},{"damage_healed":0.0,"max_hp_gain":0.0,"max_hp_loss":0.0,"gold_gain":0.0,"event_name":"Colosseum","player_choice":"Fled From Nobs","floor":20.0,"gold_loss":0.0,"damage_taken":0.0},{"damage_healed":0.0,"max_hp_gain":0.0,"max_hp_loss":0.0,"gold_gain":0.0,"event_name":"Addict","player_choice":"Stole Relic","floor":21.0,"gold_loss":0.0,"damage_taken":0.0,"relics_obtained":["Ornamental Fan"],"cards_obtained":["Shame"]},{"damage_healed":0.0,"max_hp_gain":0.0,"max_hp_loss":0.0,"gold_gain":0.0,"event_name":"The Mausoleum","player_choice":"Opened","floor":30.0,"gold_loss":0.0,"damage_taken":0.0,"relics_obtained":["Meat on the Bone"],"cards_obtained":["Writhe"]},{"damage_healed":0.0,"max_hp_gain":0.0,"max_hp_loss":0.0,"gold_gain":0.0,"event_name":"Wheel of Change","player_choice":"Full Heal","floor":36.0,"gold_loss":0.0,"damage_taken":0.0},{"damage_healed":0.0,"max_hp_gain":0.0,"max_hp_loss":0.0,"gold_gain":999.0,"event_name":"MindBloom","player_choice":"Gold","floor":37.0,"gold_loss":0.0,"damage_taken":0.0,"cards_obtained":["Normality","Normality"]},{"cards_removed":["Strike_R"],"damage_healed":0.0,"max_hp_gain":0.0,"max_hp_loss":0.0,"gold_gain":0.0,"event_name":"Falling","player_choice":"Removed Attack","floor":39.0,"gold_loss":0.0,"damage_taken":0.0},{"damage_healed":0,"gold_gain":0,"player_choice":"Ignored","damage_taken":0,"max_hp_gain":0,"max_hp_loss":0,"event_name":"Mysterious Sphere","floor":46,"gold_loss":0},{"damage_healed":0,"gold_gain":0,"player_choice":"Bought 0 Potions","damage_taken":0,"max_hp_gain":0,"max_hp_loss":0,"event_name":"The Woman in Blue","floor":47,"gold_loss":0},{"damage_healed":0,"gold_gain":0,"player_choice":"Ignored","damage_taken":0,"max_hp_gain":0,"max_hp_loss":0,"event_name":"Tomb of Lord Red Mask","floor":48,"gold_loss":0}],"is_beta":false,"boss_relics":[{"not_picked":["Philosopher\u0027s Stone","Runic Cube"],"picked":"Velvet Choker"},{"not_picked":["Black Blood","Fusion Hammer"],"picked":"Coffee Dripper"}],"items_purged_floors":[13,25,38,41,45,53],"is_endless":false,"potions_floor_spawned":[1,4,8,16,23,33,35,54],"ascension_level":2}