{"gold_per_floor":[111,211,226,240,258,269,167,179,230,230,247,264,264,276,276,380,380,395,412,110,122,140,140,140,150,201,220,239,239,254,224,224,224],"floor_reached":33,"playtime":5811,"items_purged":["Strike_R"],"score":249,"play_id":"b68a6372-dea9-4428-a97b-0547559a6105","local_time":"20190331145329","is_ascension_mode":false,"campfire_choices":[{"floor":10,"key":"REST"},{"data":"Body Slam","floor":15,"key":"SMITH"},{"data":"Barricade","floor":23,"key":"SMITH"},{"floor":32,"key":"REST"}],"neow_cost":"NONE","seed_source_timestamp":94187924900900,"circlet_count":0,"master_deck":["Strike_R","Defend_R","Defend_R","Defend_R+1","Defend_R+1","Bash","Berserk","Rampage","Iron Wave","Flex","Body Slam+1","Rampage","Juggernaut","Iron Wave","Barricade+1","Flex+1","Fiend Fire","Disarm","Infernal Blade","Fire Breathing","Demon Form","Iron Wave"],"relics":["Burning Blood","Ancient Tea Set","War Paint","Runic Pyramid","Bronze Scales","Anchor"],"potions_floor_usage":[8,11,14,16,21,22,25,28,30,33,33],"damage_taken":[{"damage":7,"enemies":"2 Louse","floor":1,"turns":3},{"damage":5,"enemies":"Cultist","floor":3,"turns":4},{"damage":0,"enemies":"Small Slimes","floor":4,"turns":3},{"damage":5,"enemies":"Looter","floor":5,"turns":3},{"damage":7,"enemies":"3 Louse","floor":6,"turns":3},{"damage":16,"enemies":"Gremlin Gang","floor":8,"turns":7},{"damage":3,"enemies":"Red Slaver","floor":11,"turns":4},{"damage":14,"enemies":"3 Louse","floor":12,"turns":4},{"damage":10,"enemies":"Large Slime","floor":14,"turns":5},{"damage":32,"enemies":"Hexaghost","floor":16,"turns":9},{"damage":11,"enemies":"Shell Parasite","floor":18,"turns":6},{"damage":0,"enemies":"Chosen","floor":19,"turns":4},{"damage":17,"enemies":"Snecko","floor":21,"turns":5},{"damage":9,"enemies":"Cultist and Chosen","floor":22,"turns":6},{"damage":4,"enemies":"Shelled Parasite and Fungi","floor":25,"turns":5},{"damage":26,"enemies":"Snecko","floor":27,"turns":4},{"damage":37,"enemies":"Sentry and Sphere","floor":28,"turns":6},{"damage":8,"enemies":"Snake Plant","floor":30,"turns":4},{"damage":46,"enemies":"Collector","floor":33,"turns":5}],"seed_played":"1712570452193937177","potions_obtained":[{"floor":3,"key":"LiquidBronze"},{"floor":5,"key":"Fire Potion"},{"floor":8,"key":"Swift Potion"},{"floor":12,"key":"Block Potion"},{"floor":16,"key":"Weak Potion"},{"floor":21,"key":"SkillPotion"},{"floor":27,"key":"FearPotion"},{"floor":28,"key":"SkillPotion"},{"floor":31,"key":"AttackPotion"},{"floor":31,"key":"Dexterity Potion"}],"is_trial":false,"path_per_floor":["M","?","M","M","M","M","?","M","T","R","M","M","?","M","R","B",null,"M","M","$","M","M","R","?","M","T","M","M","?","M","?","R","B"],"character_chosen":"IRONCLAD","items_purchased":["Bronze Scales","EssenceOfSteel"],"campfire_rested":2,"item_purchase_floors":[20,20],"current_hp_per_floor":[79,79,80,80,80,79,79,69,69,80,80,72,72,68,68,42,80,75,80,80,69,66,66,66,68,68,48,17,17,15,15,39,0],"gold":224,"neow_bonus":"ONE_RANDOM_RARE_CARD","is_prod":false,"is_daily":false,"chose_seed":false,"campfire_upgraded":2,"win_rate":0.0,"timestamp":1554058409,"path_taken":["M","?","?","?","?","M","?","?","T","R","M","?","?","M","R","BOSS","M","M","$","M","M","R","?","M","T","M","M","?","?","?","R","BOSS"],"build_version":"2019-01-23","purchased_purges":1,"victory":false,"max_hp_per_floor":[80,80,80,80,80,80,80,80,80,80,80,80,80,80,80,80,80,80,80,80,80,80,80,80,80,80,80,80,80,80,80,80,80],"card_choices":[{"not_picked":["Thunderclap","Iron Wave"],"picked":"Rampage","floor":1},{"not_picked":["Thunderclap","Rampage"],"picked":"Iron Wave","floor":3},{"not_picked":["Second Wind","Body Slam","Cleave"],"picked":"SKIP","floor":4},{"not_picked":["Seeing Red","Feel No Pain"],"picked":"Flex","floor":5},{"not_picked":["Clothesline","Feel No Pain","Rupture"],"picked":"SKIP","floor":6},{"not_picked":["Juggernaut","Cleave"],"picked":"Body Slam","floor":8},{"not_picked":["Whirlwind","Twin Strike"],"picked":"Rampage","floor":11},{"not_picked":["Dropkick","Uppercut","Anger"],"picked":"SKIP","floor":12},{"not_picked":["Entrench","Corruption","Twin Strike"],"picked":"SKIP","floor":14},{"not_picked":["Demon Form","Impervious"],"picked":"Juggernaut","floor":16},{"not_picked":["Feel No Pain","Rampage"],"picked":"Iron Wave","floor":18},{"not_picked":["Perfected Strike","Blood for Blood","Clothesline"],"picked":"SKIP","floor":19},{"not_picked":["Battle Trance+1","Warcry"],"picked":"Barricade","floor":21},{"not_picked":["Armaments","Perfected Strike"],"picked":"Flex+1","floor":22},{"not_picked":["Entrench","Cleave"],"picked":"Infernal Blade","floor":25},{"not_picked":["Power Through","Pummel"],"picked":"Fire Breathing","floor":27},{"not_picked":["Dropkick+1","Blood for Blood","Rupture"],"picked":"SKIP","floor":28},{"not_picked":["Sever Soul","Carnage"],"picked":"Iron Wave","floor":30}],"player_experience":58763,"relics_obtained":[{"floor":9,"key":"War Paint"},{"floor":26,"key":"Anchor"}],"event_choices":[{"damage_healed":0,"gold_gain":100,"player_choice":"Pray","damage_taken":0,"max_hp_gain":0,"max_hp_loss":0,"event_name":"Golden Shrine","floor":2,"gold_loss":0},{"damage_healed":0,"gold_gain":0,"player_choice":"Paid Gold","damage_taken":0,"relics_obtained":["Ancient Tea Set"],"max_hp_gain":0,"max_hp_loss":0,"event_name":"WeMeetAgain","floor":7,"gold_loss":102},{"cards_removed":["Strike_R"],"damage_healed":0,"gold_gain":0,"player_choice":"Forget","damage_taken":0,"max_hp_gain":0,"max_hp_loss":0,"event_name":"Living Wall","floor":13,"gold_loss":0},{"damage_healed":0,"gold_gain":0,"cards_transformed":["Strike_R","Strike_R"],"player_choice":"Became Test Subject","damage_taken":0,"max_hp_gain":0,"max_hp_loss":0,"event_name":"Drug Dealer","floor":24,"gold_loss":0,"cards_obtained":["Fiend Fire","Disarm"]},{"damage_healed":0,"gold_gain":0,"player_choice":"1 cards matched","damage_taken":0,"max_hp_gain":0,"max_hp_loss":0,"event_name":"Match and Keep!","floor":29,"gold_loss":0,"cards_obtained":["Demon Form"]},{"damage_healed":0,"gold_gain":0,"player_choice":"Bought 2 Potions","damage_taken":0,"max_hp_gain":0,"max_hp_loss":0,"event_name":"The Woman in Blue","floor":31,"gold_loss":0}],"is_beta":false,"boss_relics":[{"not_picked":["Coffee Dripper","Velvet Choker"],"picked":"Runic Pyramid"}],"items_purged_floors":[20],"is_endless":false,"potions_floor_spawned":[3,5,8,12,16,21,27,28],"killed_by":"Collector","ascension_level":0}