{"path_per_floor":["M","$","M","M","?","R","M","R","T","M","M","R","M","E","R","B",null,"M","M","?","$","M","R","E","R","T","E","M","?","M","M","R","B",null,"M","?","M"],"character_chosen":"IRONCLAD","items_purchased":["Evolve","Mercury Hourglass","Flash of Steel"],"gold_per_floor":[109,38,55,71,71,71,87,87,138,150,164,164,181,215,215,310,310,326,346,346,5,17,17,47,47,101,131,148,148,161,172,172,276,276,287,339,353],"floor_reached":38,"campfire_rested":6,"playtime":3034,"current_hp_per_floor":[35,35,36,44,44,68,44,44,44,26,32,71,69,58,80,45,80,54,47,32,32,28,68,36,76,76,42,56,56,60,55,85,46,85,61,36,37],"items_purged":[],"gold":353,"play_id":"bd09a466-5ce7-4866-ad04-b0333c26ecec","is_prod":false,"is_daily":false,"campfire_rituals":0,"campfire_upgraded":1,"is_hardmode":false,"path_taken":["M","?","?","M","?","R","?","R","T","M","M","R","M","E","R","BOSS","M","M","?","$","M","R","E","R","T","E","?","?","?","M","R","BOSS","M","?","M","M"],"build_version":"2018-01-11-PROD2","purchased_purges":0,"victory":false,"master_deck":["Strike_R","Strike_R","Strike_R","Strike_R","Strike_R","Defend_R","Defend_R","Defend_R","Defend_R","Bash","Perfected Strike","Evolve","Metallicize","Wild Strike","Cleave","Seeing Red","Power Through","Pommel Strike","Offering","Brutality","Perfected Strike","Warcry","Flash of Steel","Intimidate","Fire Breathing","Perfected Strike","Flame Barrier","Combust","Offering","Bloodletting","Metallicize","Power Through","Twin Strike","Warcry","Wild Strike","Twin Strike","Dual Wield"],"max_hp_per_floor":[80,80,80,80,80,80,80,80,80,80,80,80,80,80,80,80,80,80,80,85,85,85,85,85,85,85,85,85,85,85,85,85,85,85,85,85,85],"relics":["Burning Blood","Bird Faced Urn","Regal Pillow","Anchor","Question Card","Mercury Hourglass","Letter Opener","Lantern","Ancient Tea Set","Orrery","Gambling Chip"],"campfire_meditates":0,"card_choices":[{"not_picked":["Twin Strike","Cleave"],"picked":"Perfected Strike"},{"not_picked":["Clothesline","Headbutt"],"picked":"Metallicize"},{"not_picked":["Thunderclap","Twin Strike"],"picked":"Wild Strike"},{"not_picked":["Clothesline","Dual Wield"],"picked":"Seeing Red"},{"not_picked":["Perfected Strike","Shrug It Off"],"picked":"Power Through"},{"not_picked":["Thunderclap","Power Through"],"picked":"Pommel Strike"},{"not_picked":["Intimidate","Disarm"],"picked":"Offering"},{"not_picked":["Fiend Fire","Immolate"],"picked":"Brutality"},{"not_picked":["Havoc","Headbutt","Whirlwind"],"picked":"Perfected Strike"},{"not_picked":["Flex","Clash","Sword Boomerang"],"picked":"Warcry"},{"not_picked":["Body Slam","Anger","True Grit"],"picked":"Intimidate"},{"not_picked":["Clash","Cleave","Shrug It Off"],"picked":"Fire Breathing"},{"not_picked":["Evolve","Sword Boomerang","Disarm"],"picked":"Perfected Strike"},{"not_picked":["Heavy Blade","Body Slam","Rampage"],"picked":"Flame Barrier"},{"not_picked":["Reaper","Warcry","Twin Strike"],"picked":"Combust"},{"not_picked":["Double Tap","Fiend Fire","Dark Embrace"],"picked":"Offering"},{"not_picked":["Dual Wield","Iron Wave","Shockwave"],"picked":"Bloodletting"},{"not_picked":["Armaments","Anger","Body Slam"],"picked":"Metallicize"},{"not_picked":["Anger","Cleave","Immolate"],"picked":"Power Through"},{"not_picked":["Body Slam","Warcry","True Grit"],"picked":"Twin Strike"},{"not_picked":["Hemokinesis","Flex","Whirlwind"],"picked":"Warcry"},{"not_picked":["Bloodletting","Thunderclap","Cleave"],"picked":"Wild Strike"},{"not_picked":["Thunderclap","Disarm","Iron Wave"],"picked":"Twin Strike"},{"not_picked":["Havoc","Hemokinesis","Pummel"],"picked":"Dual Wield"}],"player_experience":60140,"potions_floor_usage":[37],"damage_taken":[{"damage":11.0,"enemies":"Blue Slaver","floor":1.0,"turns":5.0},{"damage":7.0,"enemies":"Small Slimes","floor":3.0,"turns":5.0},{"damage":2.0,"enemies":"Cultist","floor":4.0,"turns":4.0},{"damage":32.0,"enemies":"Exordium Thugs","floor":7.0,"turns":5.0},{"damage":28.0,"enemies":"Lots of Slimes","floor":10.0,"turns":5.0},{"damage":4.0,"enemies":"Large Slime","floor":11.0,"turns":5.0},{"damage":12.0,"enemies":"2 Fungi Beasts","floor":13.0,"turns":4.0},{"damage":21.0,"enemies":"3 Sentries","floor":14.0,"turns":7.0},{"damage":42.0,"enemies":"Slime Boss","floor":16.0,"turns":11.0},{"damage":38.0,"enemies":"3 Byrds","floor":18.0,"turns":8.0},{"damage":15.0,"enemies":"Spheric Guardian","floor":19.0,"turns":3.0},{"damage":12.0,"enemies":"Snecko","floor":22.0,"turns":5.0},{"damage":42.0,"enemies":"Book of Stabbing","floor":24.0,"turns":6.0},{"damage":46.0,"enemies":"Slavers","floor":27.0,"turns":6.0},{"damage":12.0,"enemies":"Centurion and Healer","floor":28.0,"turns":5.0},{"damage":4.0,"enemies":"3 Cultists","floor":30.0,"turns":4.0},{"damage":19.0,"enemies":"Slaver and Parasite","floor":31.0,"turns":5.0},{"damage":53.0,"enemies":"Collector","floor":33.0,"turns":9.0},{"damage":40.0,"enemies":"3 Shapes","floor":35.0,"turns":5.0},{"damage":37.0,"enemies":"Mysterious Sphere","floor":36.0,"turns":3.0},{"damage":9,"enemies":"3 Darklings","floor":37,"turns":3}],"event_choices":[{"event_name":"Match and Keep!","player_choice":"2 cards matched","floor":5.0,"damage_taken":0.0},{"event_name":"Forgotten Altar","player_choice":"Shed Blood","floor":20.0,"damage_taken":0.0},{"event_name":"Fountain of Cleansing","player_choice":"Removed Curse","floor":29.0,"damage_taken":0.0},{"event_name":"Mysterious Sphere","player_choice":"Fight","floor":36.0,"damage_taken":0.0}],"boss_relics":[],"potions_floor_spawned":[3,7,13,16,19,27,31,35],"seed_played":"3243310953639560987","killed_by":"4 Shapes","is_trial":false}