{"path_per_floor":["M","?","?","M","M","R","E","M","T","$","T","?","M","M","R","B",null,"M","?","M","?","M","R","T","M","T","R","M","$","E","?","R","B",null,"M","M","?","M","?","R","$","?","T","M","M","?","T","M","R","B"],"character_chosen":"IRONCLAD","items_purchased":["Art of War","Blind","Feel No Pain","Bag of Preparation"],"gold_per_floor":[119,119,119,140,155,155,191,205,231,12,12,87,110,133,133,258,258,274,174,193,118,132,132,156,177,204,204,218,18,56,56,56,177,177,201,215,215,228,228,228,5,5,5,19,35,35,113,137,137,137],"floor_reached":51,"campfire_rested":3,"playtime":2656,"current_hp_per_floor":[80,80,60,65,66,66,63,64,64,64,64,53,46,24,48,7,80,45,45,28,28,25,25,25,22,22,46,50,50,33,33,59,27,84,56,64,64,70,70,70,70,70,70,83,75,75,75,80,80,86],"items_purged":["Normality","Corruption"],"gold":137,"score":644,"play_id":"78509479-9e00-49f5-b6e7-b28820f7c044","is_prod":false,"is_daily":false,"is_ascension_mode":false,"campfire_upgraded":4,"path_taken":["M","?","?","M","M","R","E","?","T","$","?","?","M","M","R","BOSS","M","?","?","?","M","R","?","M","T","R","?","?","E","?","R","BOSS","M","M","?","M","?","R","$","?","T","M","M","?","?","M","R","BOSS"],"build_version":"2018-02-22-PROD2","purchased_purges":2,"victory":true,"master_deck":["Inflame","Whirlwind+1","Bloodletting","Pommel Strike","Iron Wave","Infernal Blade","Disarm","Dark Embrace+1","Anger","Blood for Blood","True Grit","Headbutt","Corruption+1","Twin Strike","Thunderclap","Sentinel","J.A.X.","Armaments+1","Flex","Warcry","Offering+1","Metallicize","Blind","Impervious","Shockwave+1","Rupture+1","Feel No Pain+1","Rage+1","Wild Strike+1","Spot Weakness"],"max_hp_per_floor":[80,80,80,80,80,80,80,80,80,80,80,80,80,80,80,80,80,80,80,80,80,80,80,80,80,80,80,80,80,82,82,84,84,84,84,84,84,86,86,86,86,86,86,86,86,86,86,86,86,86],"relics":["Burning Blood","Ancient Tea Set","Golden Idol","Omamori","Dream Catcher","Art of War","Bird Faced Urn","Pandora\u0027s Box","Blood Vial","Lantern","Singing Bowl","Orichalcum","Philosopher\u0027s Stone","Bag of Preparation","Calipers","Tiny Chest"],"card_choices":[{"not_picked":["Cleave","Metallicize"],"picked":"Inflame"},{"not_picked":["Thunderclap","Havoc"],"picked":"Whirlwind"},{"not_picked":["Blood for Blood","Corruption"],"picked":"Bloodletting"},{"not_picked":["Second Wind","Havoc"],"picked":"Corruption"},{"not_picked":["Intimidate","Evolve"],"picked":"Pommel Strike"},{"not_picked":["Headbutt","Searing Blow"],"picked":"Iron Wave"},{"not_picked":["Flame Barrier","Immolate"],"picked":"Infernal Blade"},{"not_picked":["Body Slam","Intimidate"],"picked":"Disarm"},{"not_picked":["Limit Break","Bludgeon"],"picked":"Dark Embrace"},{"not_picked":["Shockwave","Pummel"],"picked":"Sentinel"},{"not_picked":["Iron Wave","Flex"],"picked":"Armaments"},{"not_picked":["Whirlwind","Pommel Strike"],"picked":"Flex"},{"not_picked":["Cleave","Dropkick"],"picked":"Warcry"},{"not_picked":["Flame Barrier","Rage"],"picked":"Offering"},{"not_picked":["Cleave","Rampage"],"picked":"Metallicize"},{"not_picked":["Bludgeon","Dark Embrace"],"picked":"Impervious"},{"not_picked":["Warcry","Headbutt"],"picked":"Shockwave"},{"not_picked":["Twin Strike","Thunderclap"],"picked":"Rupture"},{"not_picked":["Clothesline","Thunderclap"],"picked":"Rage"},{"not_picked":["Hemokinesis","Body Slam"],"picked":"Wild Strike"},{"not_picked":["Shockwave","Anger"],"picked":"Spot Weakness"}],"player_experience":174267,"potions_floor_usage":[7,8,16,28,30,30,45,45,50],"damage_taken":[{"damage":1,"enemies":"2 Louse","floor":1,"turns":3},{"damage":1,"enemies":"Cultist","floor":4,"turns":4},{"damage":5,"enemies":"Jaw Worm","floor":5,"turns":4},{"damage":9,"enemies":"Gremlin Nob","floor":7,"turns":3},{"damage":5,"enemies":"Looter","floor":8,"turns":2},{"damage":15,"enemies":"Blue Slaver","floor":13,"turns":2},{"damage":32,"enemies":"Gremlin Gang","floor":14,"turns":3},{"damage":51,"enemies":"The Guardian","floor":16,"turns":11},{"damage":43,"enemies":"2 Thieves","floor":18,"turns":3},{"damage":25,"enemies":"Chosen","floor":20,"turns":4},{"damage":17,"enemies":"Snecko","floor":22,"turns":4},{"damage":19,"enemies":"Sentry and Sphere","floor":25,"turns":4},{"damage":4,"enemies":"Snake Plant","floor":28,"turns":2},{"damage":35,"enemies":"Slavers","floor":30,"turns":5},{"damage":48,"enemies":"Automaton","floor":33,"turns":6},{"damage":40,"enemies":"3 Darklings","floor":35,"turns":4},{"damage":6,"enemies":"Orb Walker","floor":36,"turns":3},{"damage":12,"enemies":"3 Darklings","floor":38,"turns":4},{"damage":7,"enemies":"Maw","floor":44,"turns":6},{"damage":21,"enemies":"Sphere and 2 Shapes","floor":45,"turns":5},{"damage":15,"enemies":"4 Shapes","floor":48,"turns":4},{"damage":12,"enemies":"Donu and Deca","floor":50,"turns":4}],"event_choices":[{"event_name":"Accursed Blacksmith","player_choice":"Rummage","floor":2,"damage_taken":0},{"event_name":"Golden Idol","player_choice":"Take Damage","floor":3,"damage_taken":0},{"event_name":"World of Goop","player_choice":"Gather Gold","floor":12,"damage_taken":0},{"event_name":"Drug Dealer","player_choice":"Got JAXXED","floor":19,"damage_taken":0},{"event_name":"Beggar","player_choice":"Gave Gold","floor":21,"damage_taken":0},{"event_name":"The Mausoleum","player_choice":"Yes","floor":31,"damage_taken":0},{"event_name":"Tomb of Lord Red Mask","player_choice":"Ignored","floor":37,"damage_taken":0},{"event_name":"Purifier","player_choice":"One Purge","floor":42,"damage_taken":0},{"event_name":"Upgrade Shrine","player_choice":"Upgraded","floor":46,"damage_taken":0}],"boss_relics":[{"not_picked":["Sozu","Runic Pyramid"],"picked":"Pandora\u0027s Box"},{"not_picked":["Eternal Feather","Orrery"],"picked":"Philosopher\u0027s Stone"}],"potions_floor_spawned":[1,7,14,20,25,28,33,36,44,45],"seed_played":"-3093288892241538311","ascension_level":0,"is_trial":false}