{"gold_per_floor":[109,119,137,312,323,323,338,355,355,355,27,27,27,37,37,139,139,156,85,105,105,305,338,354,370,370,388,388,313,313,330,330,330],"floor_reached":33,"playtime":1035,"items_purged":[],"score":261,"play_id":"c7732d5b-f3ac-4fff-a3d4-8b4ccf11a7a3","local_time":"20190203130312","is_ascension_mode":false,"campfire_choices":[{"data":"Fiend Fire","floor":6.0,"key":"SMITH"},{"data":"Apotheosis","floor":12.0,"key":"SMITH"},{"floor":15.0,"key":"REST"},{"floor":28,"key":"REST"},{"floor":30,"key":"REST"},{"floor":32,"key":"REST"}],"neow_cost":"NONE","seed_source_timestamp":434313314598855,"circlet_count":0,"master_deck":["Strike_R","Strike_R","Strike_R","Strike_R","Strike_R","Defend_R","Defend_R","Defend_R","Defend_R","Bash","Fiend Fire+1","Flex","Flex","Pommel Strike","Twin Strike","Uppercut","Shrug It Off","Apotheosis+1","Body Slam","Flash of Steel","Demon Form","Immolate","Whirlwind","Shrug It Off","Flex","Burning Pact","Corruption","Cleave","Uppercut+1","Pommel Strike","Cleave"],"special_seed":0,"relics":["Burning Blood"],"potions_floor_usage":[23,23,23,27,33],"damage_taken":[{"damage":6.0,"enemies":"Jaw Worm","floor":1.0,"turns":3.0},{"damage":5.0,"enemies":"Small Slimes","floor":2.0,"turns":3.0},{"damage":0.0,"enemies":"Cultist","floor":3.0,"turns":2.0},{"damage":6.0,"enemies":"Exordium Wildlife","floor":5.0,"turns":3.0},{"damage":10.0,"enemies":"3 Louse","floor":7.0,"turns":4.0},{"damage":28.0,"enemies":"Lots of Slimes","floor":8.0,"turns":4.0},{"damage":4.0,"enemies":"2 Fungi Beasts","floor":14.0,"turns":3.0},{"damage":42.0,"enemies":"Hexaghost","floor":16.0,"turns":7.0},{"damage":8.0,"enemies":"Spheric Guardian","floor":18.0,"turns":4.0},{"damage":26.0,"enemies":"Shell Parasite","floor":20.0,"turns":4.0},{"damage":18,"enemies":"Book of Stabbing","floor":23,"turns":5},{"damage":17,"enemies":"Centurion and Healer","floor":24,"turns":6},{"damage":15,"enemies":"Snecko","floor":25,"turns":3},{"damage":0,"enemies":"Snake Plant","floor":27,"turns":4},{"damage":33,"enemies":"Chosen and Byrds","floor":31,"turns":6},{"damage":78,"enemies":"Automaton","floor":33,"turns":6}],"seed_played":"-1067560874761858344","potions_obtained":[{"floor":3.0,"key":"GamblersBrew"},{"floor":5.0,"key":"PowerPotion"},{"floor":8.0,"key":"Regen Potion"},{"floor":14.0,"key":"PowerPotion"},{"floor":16.0,"key":"PowerPotion"},{"floor":20.0,"key":"FearPotion"},{"floor":23,"key":"SteroidPotion"},{"floor":31,"key":"Strength Potion"}],"is_trial":false,"path_per_floor":["M","M","M","?","M","R","M","M","T","?","$","R","$","M","R","B",null,"M","$","M","?","?","E","M","M","T","M","R","?","R","M","R","B"],"character_chosen":"IRONCLAD","items_purchased":["Apotheosis","Body Slam","Flash of Steel","Shrug It Off","Flex"],"campfire_rested":4,"item_purchase_floors":[11,11,11,19,19],"current_hp_per_floor":[80,80,80,80,80,80,76,54,54,54,54,54,54,65,80,44,80,78,78,58,43,43,31,20,11,11,17,42,42,67,40,65,0],"gold":330,"neow_bonus":"ONE_RANDOM_RARE_CARD","is_prod":false,"is_daily":false,"chose_seed":false,"campfire_upgraded":2,"win_rate":0,"timestamp":1549224192,"path_taken":["M","M","M","?","M","R","M","M","T","?","$","R","$","M","R","BOSS","M","?","M","?","?","E","M","?","T","M","R","?","R","M","R","BOSS"],"build_version":"2019-01-23","purchased_purges":0,"victory":false,"max_hp_per_floor":[80,80,80,80,80,80,80,80,80,80,80,80,80,80,80,80,80,80,80,80,85,85,85,85,85,85,85,85,85,85,85,85,85],"card_choices":[{"not_picked":["Twin Strike","Body Slam"],"picked":"Flex","floor":1.0},{"not_picked":["Clothesline","Warcry"],"picked":"Flex","floor":2.0},{"not_picked":["Thunderclap","Armaments"],"picked":"Pommel Strike","floor":3.0},{"not_picked":["Warcry","Clash"],"picked":"Twin Strike","floor":5.0},{"not_picked":["Heavy Blade","Body Slam"],"picked":"Uppercut","floor":7.0},{"not_picked":["Heavy Blade","Clothesline"],"picked":"Shrug It Off","floor":8.0},{"not_picked":["Second Wind","Body Slam"],"picked":"Demon Form","floor":14.0},{"not_picked":["Dark Embrace","Bludgeon"],"picked":"Immolate","floor":16.0},{"not_picked":["Intimidate","Clothesline"],"picked":"Whirlwind","floor":18.0},{"not_picked":["Armaments","Iron Wave"],"picked":"Burning Pact","floor":20.0},{"not_picked":["Iron Wave","Pommel Strike"],"picked":"Corruption","floor":23},{"not_picked":["Headbutt","Rampage"],"picked":"Cleave","floor":24},{"not_picked":["Warcry","Clash+1"],"picked":"Uppercut+1","floor":25},{"not_picked":["Wild Strike","Havoc"],"picked":"Pommel Strike","floor":27},{"not_picked":["Headbutt","Disarm"],"picked":"Cleave","floor":31}],"player_experience":1381007,"relics_obtained":[],"event_choices":[{"damage_healed":0.0,"max_hp_gain":0.0,"max_hp_loss":0.0,"gold_gain":175.0,"event_name":"Liars Game","player_choice":"AGREE","floor":4.0,"gold_loss":0.0,"damage_taken":0.0,"cards_obtained":["Doubt"]},{"damage_healed":0.0,"max_hp_gain":0.0,"max_hp_loss":0.0,"gold_gain":0.0,"event_name":"The Woman in Blue","player_choice":"Bought 0 Potions","floor":10.0,"gold_loss":0.0,"damage_taken":0.0},{"damage_healed":0.0,"max_hp_gain":5.0,"max_hp_loss":0.0,"gold_gain":0.0,"event_name":"Forgotten Altar","player_choice":"Shed Blood","floor":21.0,"gold_loss":0.0,"damage_taken":20.0},{"damage_healed":0.0,"max_hp_gain":0.0,"max_hp_loss":0.0,"gold_gain":250.0,"event_name":"The Joust","player_choice":"Bet on Owner","floor":22.0,"gold_loss":50.0,"damage_taken":0.0},{"cards_removed":["Doubt"],"damage_healed":0,"gold_gain":0,"player_choice":"Gave Gold","damage_taken":0,"max_hp_gain":0,"max_hp_loss":0,"event_name":"Beggar","floor":29,"gold_loss":75}],"is_beta":false,"boss_relics":[{"not_picked":["Snecko Eye","Ectoplasm","Calling Bell"]}],"items_purged_floors":[],"is_endless":false,"potions_floor_spawned":[3,5,8,14,16,20,23,31],"killed_by":"Automaton","ascension_level":0}