{"gold_per_floor":[118,193,193,193,193,193,213,224,224,224,149,180,180,190,190,190],"floor_reached":16,"playtime":413,"items_purged":["Strike_R"],"score":98,"play_id":"9eec6a97-3f6a-4b4f-83e1-b6dffe803842","local_time":"20190211012658","is_ascension_mode":false,"campfire_choices":[{"data":"Anger","floor":6,"key":"SMITH"},{"data":"Defend_R","floor":10,"key":"SMITH"},{"floor":13,"key":"REST"},{"data":"Defend_R","floor":15,"key":"SMITH"}],"neow_cost":"NONE","seed_source_timestamp":305977900322877,"circlet_count":0,"master_deck":["Strike_R+1","Strike_R","Strike_R+1","Strike_R","Defend_R+1","Defend_R+1","Defend_R","Defend_R","Bash","Anger+1","Flex+1"],"relics":["Burning Blood","NeowsBlessing","CultistMask","Letter Opener","Toxic Egg 2"],"potions_floor_usage":[14],"damage_taken":[{"damage":0,"enemies":"2 Louse","floor":1,"turns":1},{"damage":0,"enemies":"Small Slimes","floor":7,"turns":1},{"damage":0,"enemies":"Cultist","floor":8,"turns":1},{"damage":16,"enemies":"Gremlin Nob","floor":12,"turns":3},{"damage":6,"enemies":"Exordium Thugs","floor":14,"turns":4},{"damage":85,"enemies":"Hexaghost","floor":16,"turns":10}],"seed_played":"-2492513019800767932","potions_obtained":[{"floor":1,"key":"Weak Potion"},{"floor":14,"key":"EssenceOfSteel"}],"is_trial":false,"path_per_floor":["?","?","?","?","M"],"character_chosen":"IRONCLAD","items_purchased":[],"campfire_rested":1,"item_purchase_floors":[],"current_hp_per_floor":[80,69,69,53,53,53,59,65,65,65,65,55,79,79,79,0],"gold":190,"neow_bonus":"THREE_ENEMY_KILL","is_prod":false,"is_daily":false,"chose_seed":false,"campfire_upgraded":3,"win_rate":0,"timestamp":1549866418,"path_taken":["M","?","?","?","?","R","M","?","T","R","$","E","R","M","R","BOSS"],"build_version":"2019-01-23","purchased_purges":1,"victory":false,"max_hp_per_floor":[80,80,80,80,80,80,80,80,80,80,80,80,80,80,80,80],"card_choices":[{"not_picked":["Entrench","Spot Weakness"],"picked":"Anger","floor":1},{"not_picked":["Seeing Red","Uppercut","Twin Strike"],"picked":"SKIP","floor":7},{"not_picked":["Sword Boomerang","Heavy Blade","Seeing Red"],"picked":"SKIP","floor":8},{"not_picked":["Feel No Pain","Twin Strike","Clothesline"],"picked":"SKIP","floor":12},{"not_picked":["Flame Barrier+1","Searing Blow"],"picked":"Flex+1","floor":14}],"player_experience":405475,"relics_obtained":[{"floor":9,"key":"Letter Opener"},{"floor":12,"key":"Toxic Egg 2"}],"event_choices":[{"damage_healed":0,"gold_gain":75,"player_choice":"Gather Gold","damage_taken":11,"max_hp_gain":0,"max_hp_loss":0,"event_name":"World of Goop","floor":2,"gold_loss":0},{"damage_healed":0,"gold_gain":0,"player_choice":"Ignored","damage_taken":0,"max_hp_gain":0,"max_hp_loss":0,"event_name":"Liars Game","floor":3,"gold_loss":0},{"damage_healed":0,"gold_gain":0,"player_choice":"Entered Light","damage_taken":16,"max_hp_gain":0,"max_hp_loss":0,"event_name":"Shining Light","floor":4,"gold_loss":0,"cards_upgraded":["Strike_R","Strike_R"]},{"damage_healed":0,"gold_gain":0,"player_choice":"Trade","damage_taken":0,"relics_obtained":["CultistMask"],"max_hp_gain":0,"max_hp_loss":0,"event_name":"FaceTrader","floor":5,"gold_loss":0}],"is_beta":false,"boss_relics":[],"items_purged_floors":[11],"is_endless":false,"potions_floor_spawned":[1,14],"killed_by":"Hexaghost","ascension_level":0}