{"gold_per_floor":[117,67,67,77,91,91,126,126,126,160,160,176,191,203,203,305,305,324,337,337,356,368,368,395,412,488,505,46,74,91,91,91,196,196,212,212,228,245,245,276,303,328,366,393,44,44],"floor_reached":46,"playtime":49631,"items_purged":["Strike_G"],"score":810,"play_id":"8beb9db3-dc26-47a3-9b0b-c7f409972e58","local_time":"20190329123708","is_ascension_mode":true,"campfire_choices":[{"data":"Neutralize","floor":6,"key":"SMITH"},{"floor":8,"key":"REST"},{"floor":11,"key":"REST"},{"data":"Footwork","floor":15,"key":"SMITH"},{"floor":23,"key":"REST"},{"data":"Noxious Fumes","floor":32,"key":"SMITH"}],"neow_cost":"NONE","seed_source_timestamp":1120917423896748,"circlet_count":0,"master_deck":["AscendersBane","Defend_G","Defend_G","Defend_G","Defend_G","Defend_G","Strike_G","Strike_G","Survivor","Neutralize+1","Cloak And Dagger","Poisoned Stab","Footwork+1","Dodge and Roll","Dagger Spray","Backflip","Well Laid Plans","Doppelganger","Crippling Poison","Adrenaline","Noxious Fumes+1","Leg Sweep","Caltrops","Noxious Fumes","Deflect+1","Dodge and Roll","Caltrops+1","Backflip+1","Deflect+1"],"relics":["Ring of the Serpent","Bronze Scales","PreservedInsect","Matryoshka","Meat on the Bone","Oddly Smooth Stone","Strawberry","Pantograph","Ninja Scroll","MutagenicStrength","WristBlade","Bag of Preparation","MawBank","Boot","Bag of Marbles","TwistedFunnel","Anchor"],"potions_floor_usage":[22],"damage_taken":[{"damage":4,"enemies":"Small Slimes","floor":1,"turns":4},{"damage":0,"enemies":"2 Louse","floor":4,"turns":4},{"damage":0,"enemies":"Cultist","floor":5,"turns":4},{"damage":48,"enemies":"Gremlin Nob","floor":7,"turns":7},{"damage":25,"enemies":"Lagavulin","floor":10,"turns":10},{"damage":0,"enemies":"Blue Slaver","floor":12,"turns":4},{"damage":0,"enemies":"Exordium Wildlife","floor":13,"turns":4},{"damage":0,"enemies":"Lots of Slimes","floor":14,"turns":3},{"damage":4,"enemies":"The Guardian","floor":16,"turns":17},{"damage":5,"enemies":"Spheric Guardian","floor":18,"turns":9},{"damage":0,"enemies":"3 Byrds","floor":19,"turns":5},{"damage":26,"enemies":"Snake Plant","floor":21,"turns":7},{"damage":34,"enemies":"Cultist and Chosen","floor":22,"turns":9},{"damage":11,"enemies":"Book of Stabbing","floor":24,"turns":8},{"damage":3,"enemies":"Shelled Parasite and Fungi","floor":25,"turns":7},{"damage":2,"enemies":"Centurion and Healer","floor":27,"turns":8},{"damage":12,"enemies":"Gremlin Leader","floor":29,"turns":7},{"damage":4,"enemies":"Chosen and Byrds","floor":30,"turns":5},{"damage":37,"enemies":"Automaton","floor":33,"turns":12},{"damage":12,"enemies":"3 Darklings","floor":35,"turns":7},{"damage":4,"enemies":"Orb Walker","floor":37,"turns":4},{"damage":19,"enemies":"Sphere and 2 Shapes","floor":38,"turns":8},{"damage":24,"enemies":"Giant Head","floor":40,"turns":10},{"damage":6,"enemies":"Jaw Worm Horde","floor":42,"turns":5},{"damage":24,"enemies":"Writhing Mass","floor":44,"turns":6},{"damage":28,"enemies":"Transient","floor":46,"turns":4}],"seed_played":"1845710370827441964","potions_obtained":[{"floor":7,"key":"Block Potion"},{"floor":10,"key":"SteroidPotion"},{"floor":35,"key":"LiquidBronze"}],"is_trial":false,"path_per_floor":["?","?","M","?","?","?","M","?","T","M"],"character_chosen":"THE_SILENT","items_purchased":["Pantograph","Caltrops","Weak Potion","TwistedFunnel","Anchor"],"campfire_rested":3,"item_purchase_floors":[28,28,28,45,45],"current_hp_per_floor":[59,59,59,59,59,59,11,32,32,7,28,40,40,40,40,36,62,57,57,57,43,21,42,43,40,47,45,45,45,41,41,41,41,68,56,56,52,45,45,33,33,39,39,27,27,0],"gold":44,"neow_bonus":"RANDOM_COMMON_RELIC","is_prod":false,"is_daily":false,"chose_seed":false,"campfire_upgraded":3,"win_rate":0,"timestamp":1553877428,"path_taken":["M","?","?","M","M","R","E","R","T","E","R","?","M","M","R","BOSS","M","M","?","M","M","R","E","M","T","M","$","E","M","?","R","BOSS","M","?","M","?","?","E","?","M","T","?","$","M"],"build_version":"2019-01-23","purchased_purges":1,"victory":false,"max_hp_per_floor":[70,70,70,70,70,70,70,70,70,70,70,70,70,70,70,70,70,70,70,70,70,70,70,70,70,77,77,77,77,77,77,77,77,77,77,77,77,77,77,77,77,77,77,77,77,77],"card_choices":[{"not_picked":["Quick Slash","Blade Dance"],"picked":"Cloak And Dagger","floor":1},{"not_picked":["Endless Agony","Escape Plan"],"picked":"Poisoned Stab","floor":4},{"not_picked":["Quick Slash","Flying Knee"],"picked":"Footwork","floor":5},{"not_picked":["Finisher","Distraction"],"picked":"Dodge and Roll","floor":7},{"not_picked":["Expertise","Accuracy"],"picked":"Dagger Spray","floor":10},{"not_picked":["Deadly Poison","Dagger Spray"],"picked":"Backflip","floor":12},{"not_picked":["Dagger Spray","Outmaneuver"],"picked":"Slice","floor":13},{"not_picked":["Endless Agony","Acrobatics"],"picked":"Well Laid Plans","floor":14},{"not_picked":["Night Terror","Storm of Steel"],"picked":"Doppelganger","floor":16},{"not_picked":["Deadly Poison","Outmaneuver","Poisoned Stab"],"picked":"SKIP","floor":18},{"not_picked":["Outmaneuver","Setup","Riddle With Holes"],"picked":"SKIP","floor":19},{"not_picked":["Dagger Spray","Acrobatics+1","Quick Slash"],"picked":"SKIP","floor":21},{"not_picked":["Flying Knee+1","Flechettes"],"picked":"Crippling Poison","floor":22},{"not_picked":["Catalyst","Caltrops"],"picked":"Adrenaline","floor":24},{"not_picked":["Backflip+1","Cloak And Dagger"],"picked":"Noxious Fumes","floor":25},{"not_picked":["Finisher","Predator"],"picked":"Leg Sweep","floor":27},{"not_picked":["Heel Hook","Prepared","Slice"],"picked":"SKIP","floor":29},{"not_picked":["Deadly Poison+1","Concentrate"],"picked":"Noxious Fumes","floor":30},{"not_picked":["Bane","Underhanded Strike"],"picked":"Deflect+1","floor":35},{"not_picked":["Blade Dance","Eviscerate"],"picked":"Dodge and Roll","floor":37},{"not_picked":["Blade Dance","Prepared+1","Eviscerate+1"],"picked":"SKIP","floor":38},{"not_picked":["Doppelganger","Acrobatics"],"picked":"Caltrops+1","floor":40},{"not_picked":["Caltrops","Distraction"],"picked":"Backflip+1","floor":42},{"not_picked":["Eviscerate","Slice"],"picked":"Deflect+1","floor":44}],"player_experience":1150815,"relics_obtained":[{"floor":7,"key":"PreservedInsect"},{"floor":9,"key":"Matryoshka"},{"floor":10,"key":"Meat on the Bone"},{"floor":24,"key":"Oddly Smooth Stone"},{"floor":26,"key":"Strawberry"},{"floor":29,"key":"Ninja Scroll"},{"floor":40,"key":"Bag of Preparation"},{"floor":41,"key":"MawBank"},{"floor":41,"key":"Boot"},{"floor":43,"key":"Bag of Marbles"}],"event_choices":[{"cards_removed":["Strike_G"],"damage_healed":0,"gold_gain":0,"player_choice":"Card Removal","damage_taken":0,"max_hp_gain":0,"max_hp_loss":0,"event_name":"The Cleric","floor":2,"gold_loss":50},{"cards_removed":["Strike_G"],"damage_healed":0,"gold_gain":0,"player_choice":"Offered Basic","damage_taken":0,"max_hp_gain":0,"max_hp_loss":0,"event_name":"Bonfire Elementals","floor":3,"gold_loss":0},{"damage_healed":0,"gold_gain":0,"player_choice":"Ignored","damage_taken":0,"max_hp_gain":0,"max_hp_loss":0,"event_name":"The Mausoleum","floor":20,"gold_loss":0},{"damage_healed":0,"gold_gain":0,"player_choice":"Inject Mutagens","damage_taken":0,"relics_obtained":["MutagenicStrength"],"max_hp_gain":0,"max_hp_loss":0,"event_name":"Drug Dealer","floor":31,"gold_loss":0},{"damage_healed":0,"gold_gain":0,"player_choice":"0 cards matched","damage_taken":0,"max_hp_gain":0,"max_hp_loss":0,"event_name":"Match and Keep!","floor":36,"gold_loss":0,"cards_obtained":[]},{"cards_removed":["Slice"],"damage_healed":0,"gold_gain":0,"player_choice":"Removed Attack","damage_taken":0,"max_hp_gain":0,"max_hp_loss":0,"event_name":"Falling","floor":39,"gold_loss":0}],"is_beta":false,"boss_relics":[{"not_picked":["Runic Dome","Calling Bell"],"picked":"Ring of the Serpent"},{"not_picked":["Empty Cage","Tiny House"],"picked":"WristBlade"}],"items_purged_floors":[28],"is_endless":false,"potions_floor_spawned":[7,10,12,14,16,18,19,21,35,44],"killed_by":"Transient","ascension_level":12}