{"gold_per_floor":[109,109,87,100,111,111,139,156,156,0,0,10,29,44,44,149,149,165,165,90,100,118,118,129,163,163,163,163,174,192,92,92,191,191,210,227,227,241,257,257,272,76,130,149,249,249,48,66,66,66],"floor_reached":51,"playtime":2768,"items_purged":["Strike_R","Strike_R"],"score":806,"play_id":"8796d9d2-9a3a-4134-8942-b6aa03f327c4","local_time":"20190120112146","is_ascension_mode":true,"campfire_choices":[{"data":"Armaments","floor":6.0,"key":"SMITH"},{"floor":15.0,"key":"REST"},{"floor":23.0,"key":"REST"},{"floor":27.0,"key":"REST"},{"floor":32.0,"key":"REST"},{"floor":40.0,"key":"REST"},{"floor":46,"key":"REST"},{"floor":49,"key":"REST"}],"neow_cost":"NONE","seed_source_timestamp":0,"circlet_count":0,"master_deck":["Defend_R+1","Defend_R","Defend_R","Bash+1","Armaments+1","True Grit","Whirlwind","Reaper","Inflame","Burning Pact","Thunderclap","Limit Break","Inflame+1","Clothesline","Shrug It Off","Thunderclap","Dual Wield","Feed","Sword Boomerang+1","Bloodletting+1","Infernal Blade+1","Apotheosis"],"special_seed":0,"relics":["Burning Blood","Ginger","StoneCalendar","Fusion Hammer","Incense Burner","Meat on the Bone","Empty Cage","Orichalcum","Bird Faced Urn","ClockworkSouvenir"],"potions_floor_usage":[50],"damage_taken":[{"damage":6.0,"enemies":"Cultist","floor":1.0,"turns":4.0},{"damage":0.0,"enemies":"Jaw Worm","floor":4.0,"turns":5.0},{"damage":3.0,"enemies":"Small Slimes","floor":5.0,"turns":4.0},{"damage":24.0,"enemies":"Gremlin Nob","floor":7.0,"turns":4.0},{"damage":8.0,"enemies":"3 Louse","floor":8.0,"turns":4.0},{"damage":6.0,"enemies":"Looter","floor":12.0,"turns":5.0},{"damage":51.0,"enemies":"Gremlin Gang","floor":13.0,"turns":4.0},{"damage":6.0,"enemies":"2 Fungi Beasts","floor":14.0,"turns":4.0},{"damage":23.0,"enemies":"Slime Boss","floor":16.0,"turns":7.0},{"damage":0.0,"enemies":"3 Byrds","floor":18.0,"turns":4.0},{"damage":46.0,"enemies":"Spheric Guardian","floor":21.0,"turns":7.0},{"damage":30.0,"enemies":"Centurion and Healer","floor":22.0,"turns":5.0},{"damage":31.0,"enemies":"Sentry and Sphere","floor":24.0,"turns":6.0},{"damage":30.0,"enemies":"Slavers","floor":25.0,"turns":4.0},{"damage":27.0,"enemies":"Snake Plant","floor":29.0,"turns":4.0},{"damage":17.0,"enemies":"Shelled Parasite and Fungi","floor":30.0,"turns":6.0},{"damage":110.0,"enemies":"Champ","floor":33.0,"turns":15.0},{"damage":76.0,"enemies":"3 Darklings","floor":35.0,"turns":5.0},{"damage":12.0,"enemies":"Orb Walker","floor":36.0,"turns":4.0},{"damage":37.0,"enemies":"Writhing Mass","floor":38.0,"turns":7.0},{"damage":51.0,"enemies":"3 Darklings","floor":39.0,"turns":7.0},{"damage":11.0,"enemies":"Maw","floor":41.0,"turns":7.0},{"damage":23,"enemies":"Jaw Worm Horde","floor":44,"turns":3},{"damage":1,"enemies":"Mind Bloom Boss Battle","floor":45,"turns":6},{"damage":75,"enemies":"4 Shapes","floor":48,"turns":5},{"damage":61,"enemies":"Time Eater","floor":50,"turns":10}],"seed_played":"2020980375012737334","potions_obtained":[{"floor":5.0,"key":"SkillPotion"},{"floor":7.0,"key":"Energy Potion"},{"floor":13.0,"key":"PowerPotion"},{"floor":14.0,"key":"SkillPotion"},{"floor":16.0,"key":"Fire Potion"},{"floor":24.0,"key":"SkillPotion"},{"floor":29.0,"key":"Strength Potion"},{"floor":30.0,"key":"Explosive Potion"}],"is_trial":false,"path_per_floor":["M","?","$","M","M","R","E","M","T","$","?","M","M","M","R","B",null,"M","?","?","M","M","R","M","E","T","R","?","M","M","$","R","B",null,"M","M","?","M","M","R","M","$","T","M","?","R","$","M","R","B",null],"character_chosen":"IRONCLAD","items_purchased":["True Grit","Inflame","Apotheosis","ClockworkSouvenir"],"campfire_rested":7,"item_purchase_floors":[3,10,42,47],"current_hp_per_floor":[88,80,80,86,88,88,70,68,68,68,50,57,28,34,60,52,79,85,85,85,57,53,79,54,30,30,56,56,61,64,64,88,32,74,88,84,84,61,28,54,61,61,61,56,65,92,92,58,85,83],"gold":66,"neow_bonus":"TEN_PERCENT_HP_BONUS","is_prod":false,"is_daily":false,"chose_seed":false,"campfire_upgraded":1,"win_rate":0,"timestamp":1548012106,"path_taken":["M","?","$","?","?","R","E","M","T","?","?","M","M","M","R","BOSS","M","?","?","M","M","R","M","E","T","R","?","M","M","$","R","BOSS","M","?","?","M","M","R","M","$","T","M","?","R","?","M","R","BOSS"],"build_version":"2019-01-17v2","purchased_purges":2,"victory":true,"max_hp_per_floor":[88,88,88,88,88,88,88,88,88,88,88,88,88,88,88,88,88,88,88,88,88,88,88,88,88,88,88,88,88,88,88,88,88,88,88,88,88,88,88,88,88,88,88,88,92,92,92,92,92,92],"card_choices":[{"not_picked":["Thunderclap","Hemokinesis"],"picked":"Armaments","floor":1.0},{"not_picked":["Cleave","Anger","Reckless Charge"],"picked":"SKIP","floor":4.0},{"not_picked":["Heavy Blade","Burning Pact","Body Slam"],"picked":"SKIP","floor":5.0},{"not_picked":["Cleave","Body Slam"],"picked":"Whirlwind","floor":7.0},{"not_picked":["Metallicize","Flex"],"picked":"Reaper","floor":8.0},{"not_picked":["True Grit","Burning Pact","Infernal Blade"],"picked":"SKIP","floor":12.0},{"not_picked":["True Grit","Infernal Blade"],"picked":"Burning Pact","floor":12.0},{"not_picked":["Perfected Strike","Twin Strike"],"picked":"Thunderclap","floor":13.0},{"not_picked":["Rampage","Clash","Burning Pact"],"picked":"SKIP","floor":14.0},{"not_picked":["Impervious","Brutality"],"picked":"Limit Break","floor":16.0},{"not_picked":["Heavy Blade","True Grit","Armaments"],"picked":"SKIP","floor":18.0},{"not_picked":["Clothesline","Carnage"],"picked":"Inflame+1","floor":21.0},{"not_picked":["Sentinel+1","Rupture+1"],"picked":"Clothesline","floor":22.0},{"not_picked":["Perfected Strike","Blood for Blood"],"picked":"Shrug It Off","floor":24.0},{"not_picked":["True Grit","Wild Strike","Entrench"],"picked":"SKIP","floor":25.0},{"not_picked":["Warcry","Clothesline","Anger"],"picked":"SKIP","floor":29.0},{"not_picked":["Seeing Red","Clothesline"],"picked":"Dual Wield","floor":30.0},{"not_picked":["Fiend Fire","Bludgeon"],"picked":"Feed","floor":33.0},{"not_picked":["Pummel","Body Slam+1"],"picked":"Sword Boomerang+1","floor":35.0},{"not_picked":["Sever Soul+1","True Grit+1"],"picked":"Bloodletting+1","floor":36.0},{"not_picked":["Thunderclap+1","Searing Blow+1","Cleave+1"],"picked":"SKIP","floor":38.0},{"not_picked":["Twin Strike","Hemokinesis","Clothesline"],"picked":"SKIP","floor":39.0},{"not_picked":["Feel No Pain+1","Anger+1"],"picked":"Infernal Blade+1","floor":41.0},{"not_picked":["Body Slam","Iron Wave","Clothesline+1"],"picked":"SKIP","floor":44},{"not_picked":["Searing Blow","Shrug It Off","Perfected Strike+1"],"picked":"SKIP","floor":48}],"player_experience":264344,"relics_obtained":[{"floor":7.0,"key":"Ginger"},{"floor":9.0,"key":"StoneCalendar"},{"floor":25.0,"key":"Incense Burner"},{"floor":26.0,"key":"Meat on the Bone"},{"floor":43,"key":"Orichalcum"},{"floor":45,"key":"Bird Faced Urn"}],"event_choices":[{"damage_healed":0.0,"max_hp_gain":0.0,"max_hp_loss":0.0,"gold_gain":0.0,"event_name":"Wheel of Change","player_choice":"Damaged","floor":2.0,"gold_loss":0.0,"damage_taken":8.0},{"damage_healed":0.0,"max_hp_gain":0.0,"max_hp_loss":0.0,"gold_gain":0.0,"event_name":"Shining Light","player_choice":"Entered Light","floor":11.0,"gold_loss":0.0,"damage_taken":18.0,"cards_upgraded":["Bash","Defend_R"]},{"damage_healed":0.0,"max_hp_gain":0.0,"max_hp_loss":0.0,"gold_gain":0.0,"event_name":"The Mausoleum","player_choice":"Ignored","floor":19.0,"gold_loss":0.0,"damage_taken":0.0},{"cards_removed":["Strike_R"],"damage_healed":0.0,"max_hp_gain":0.0,"max_hp_loss":0.0,"gold_gain":0.0,"event_name":"Beggar","player_choice":"Gave Gold","floor":20.0,"gold_loss":75.0,"damage_taken":0.0},{"damage_healed":0.0,"max_hp_gain":0.0,"max_hp_loss":0.0,"gold_gain":0.0,"cards_transformed":["Strike_R"],"event_name":"Transmorgrifier","player_choice":"Transformed","floor":28.0,"gold_loss":0.0,"damage_taken":0.0,"cards_obtained":["Thunderclap"]},{"damage_healed":0.0,"max_hp_gain":0.0,"max_hp_loss":0.0,"gold_gain":0.0,"event_name":"Tomb of Lord Red Mask","player_choice":"Ignored","floor":37.0,"gold_loss":0.0,"damage_taken":0.0},{"damage_healed":0,"gold_gain":0,"player_choice":"Fight","damage_taken":0,"max_hp_gain":0,"max_hp_loss":0,"event_name":"MindBloom","floor":45,"gold_loss":0}],"is_beta":false,"boss_relics":[{"not_picked":["Ectoplasm","Pandora\u0027s Box"],"picked":"Fusion Hammer"},{"not_picked":["Coffee Dripper","Snecko Eye"],"picked":"Empty Cage"}],"items_purged_floors":[10,31],"is_endless":false,"potions_floor_spawned":[5,7,13,14,16,24,29,30,33,36,38,39,41],"ascension_level":5}