{"gold_per_floor":[116,116,128,128,139,167,167,194,194,194,225,225,225,245,245,349,349,364,381,396,411,429,429,459,459,513,528,538,224,258,55,55,153,153,166,185,199,80,80,98,98,198,198,233,233,267,267,267],"floor_reached":48,"playtime":3044,"items_purged":[],"score":654,"play_id":"9a143887-5e25-4358-9b31-3ab2c25f60dd","local_time":"20180819230301","is_ascension_mode":true,"campfire_choices":[{"data":"Catalyst","floor":7,"key":"SMITH"},{"data":"Adrenaline","floor":10,"key":"SMITH"},{"floor":13,"key":"REST"},{"floor":15,"key":"REST"},{"floor":23,"key":"REST"},{"data":"Catalyst","floor":25,"key":"SMITH"},{"floor":32,"key":"REST"},{"floor":41,"key":"REST"},{"floor":45,"key":"REST"}],"neow_cost":"NONE","seed_source_timestamp":248520053928643,"circlet_count":0,"master_deck":["Defend_G","Defend_G","Defend_G","Defend_G","Strike_G+1","Strike_G","Strike_G+1","Survivor","Neutralize","Noxious Fumes","Cloak And Dagger","Noxious Fumes","Madness","Catalyst+1","All Out Attack","Outmaneuver","Adrenaline+1","Catalyst+1","Deflect","Burst","Phantasmal Killer+1","Endless Agony+1","Distraction+1","All Out Attack","Bane+1","Poisoned Stab+1","Concentrate","Endless Agony","Crippling Poison+1","Terror","Endless Agony","Finesse","Backflip","Eviscerate","Catalyst+1","Catalyst","Bouncing Flask","Backstab","Bane","Crippling Poison","Terror","Bane+1","Cloak And Dagger+1"],"relics":["Ring of the Serpent","Dead Branch","Question Card","Darkstone Periapt","Ancient Tea Set","Astrolabe","Blood Vial","Oddly Smooth Stone","Pen Nib","Blue Candle","DollysMirror","Incense Burner","Juzu Bracelet","Regal Pillow"],"potions_floor_usage":[5,6,8,8,11,16,22,24,24,28,30,37,37,37,41],"damage_taken":[{"damage":3,"enemies":"Jaw Worm","floor":1,"turns":4},{"damage":1,"enemies":"Cultist","floor":3,"turns":5},{"damage":0,"enemies":"Small Slimes","floor":5,"turns":4},{"damage":14,"enemies":"Lagavulin","floor":6,"turns":6},{"damage":10,"enemies":"3 Sentries","floor":8,"turns":6},{"damage":7,"enemies":"Lagavulin","floor":11,"turns":6},{"damage":30,"enemies":"Red Slaver","floor":14,"turns":5},{"damage":11,"enemies":"Hexaghost","floor":16,"turns":7},{"damage":0,"enemies":"Shell Parasite","floor":18,"turns":2},{"damage":0,"enemies":"Chosen","floor":19,"turns":4},{"damage":9,"enemies":"Snake Plant","floor":20,"turns":4},{"damage":21,"enemies":"Centurion and Healer","floor":21,"turns":4},{"damage":8,"enemies":"Snecko","floor":22,"turns":4},{"damage":4,"enemies":"Gremlin Leader","floor":24,"turns":3},{"damage":0,"enemies":"3 Cultists","floor":27,"turns":3},{"damage":7,"enemies":"Snake Plant","floor":28,"turns":4},{"damage":12,"enemies":"Slavers","floor":30,"turns":5},{"damage":42,"enemies":"Champ","floor":33,"turns":6},{"damage":20,"enemies":"Orb Walker","floor":35,"turns":3},{"damage":33,"enemies":"Flame Bruiser 1 Orb","floor":36,"turns":3},{"damage":12,"enemies":"Spire Growth","floor":37,"turns":4},{"damage":1,"enemies":"Sphere and 2 Shapes","floor":40,"turns":4},{"damage":4,"enemies":"Giant Head","floor":44,"turns":4},{"damage":30,"enemies":"2 Orb Walkers","floor":46,"turns":4},{"damage":42,"floor":48,"turns":3}],"seed_played":"-949274939503981653","potions_obtained":[{"floor":1,"key":"LiquidBronze"},{"floor":4,"key":"SpeedPotion"},{"floor":4,"key":"Fruit Juice"},{"floor":5,"key":"FearPotion"},{"floor":6,"key":"Block Potion"},{"floor":14,"key":"EssenceOfSteel"},{"floor":20,"key":"Dexterity Potion"},{"floor":21,"key":"Weak Potion"},{"floor":22,"key":"GhostInAJar"},{"floor":24,"key":"EssenceOfSteel"},{"floor":27,"key":"SteroidPotion"},{"floor":28,"key":"Block Potion"},{"floor":36,"key":"Poison Potion"},{"floor":40,"key":"Fruit Juice"}],"is_trial":false,"path_per_floor":["M","?","M","?","M","E","R","E","T","R","E","?","R","M","R","B",null,"M","M","M","M","M","R","E","R","T","M","M","$","E","$","R","B",null,"M","M","M","$","?","M","R","?","T","E","R","E","?"],"character_chosen":"THE_SILENT","items_purchased":["Pen Nib","Flying Knee","Finesse","Backflip","DollysMirror","Bane","Crippling Poison"],"campfire_rested":6,"item_purchase_floors":[29,29,29,29,31,38,38],"current_hp_per_floor":[67,67,66,66,71,57,57,47,47,47,40,25,47,17,39,28,75,75,75,66,45,37,59,55,55,55,57,52,52,42,42,64,24,75,55,24,14,14,14,15,44,44,44,42,66,38,38,0],"gold":267,"neow_bonus":"THREE_CARDS","is_prod":false,"is_daily":false,"chose_seed":false,"campfire_upgraded":3,"win_rate":0,"timestamp":1534741381,"path_taken":["M","?","M","?","M","E","R","E","T","R","E","?","R","?","R","BOSS","M","M","M","?","M","R","E","R","T","?","M","$","E","$","R","BOSS","M","M","M","?","?","M","R","?","T","E","R","E","?","?"],"build_version":"2018-08-16","purchased_purges":0,"victory":false,"max_hp_per_floor":[70,70,70,70,75,75,75,75,75,75,75,75,75,75,75,75,75,75,75,75,75,75,75,75,75,75,75,75,75,75,75,75,75,75,75,75,75,75,75,75,80,80,80,80,80,80,80,80],"card_choices":[{"not_picked":["All Out Attack","Dodge and Roll"],"picked":"Noxious Fumes","floor":0},{"not_picked":["Bouncing Flask","PiercingWail"],"picked":"Cloak And Dagger","floor":1},{"not_picked":["Backflip","PiercingWail"],"picked":"Catalyst","floor":3},{"not_picked":["Infinite Blades","Dagger Spray"],"picked":"All Out Attack","floor":5},{"not_picked":["Sucker Punch","Bouncing Flask"],"picked":"Outmaneuver","floor":6},{"not_picked":["Prepared","Bane"],"picked":"Adrenaline","floor":8},{"not_picked":["Blur","Slice","Bane"],"picked":"Catalyst","floor":11},{"not_picked":["Finisher","Quick Slash","Flying Knee"],"picked":"Deflect","floor":14},{"not_picked":["Adrenaline","Grand Finale","Venomology"],"picked":"Burst","floor":16},{"not_picked":["Flechettes","Blur","Masterful Stab+1"],"picked":"All Out Attack","floor":18},{"not_picked":["Dagger Spray","Poisoned Stab","Flechettes+1"],"picked":"Bane+1","floor":19},{"not_picked":["Backflip","Blade Dance","Cloak And Dagger+1"],"picked":"Poisoned Stab+1","floor":20},{"not_picked":["Choke","Skewer","Flechettes"],"picked":"Concentrate","floor":21},{"not_picked":["Predator","Concentrate","Flechettes"],"picked":"Endless Agony","floor":22},{"not_picked":["Die Die Die","Dagger Spray","Blade Dance"],"picked":"Crippling Poison+1","floor":24},{"not_picked":["Choke+1","Finisher","Deflect+1"],"picked":"Terror","floor":27},{"not_picked":["Sucker Punch+1","Blade Dance","Infinite Blades"],"picked":"Endless Agony","floor":28},{"not_picked":["Dodge and Roll+1","Tactician","Escape Plan"],"picked":"Eviscerate","floor":30},{"not_picked":["Concentrate+1","Flechettes+1","Backflip"],"picked":"Catalyst","floor":35},{"not_picked":["Quick Slash+1","Catalyst","Tactician"],"picked":"Bouncing Flask","floor":36},{"not_picked":["Terror","Slice","Choke"],"picked":"Backstab","floor":37},{"not_picked":["Blur+1","Predator+1","Infinite Blades"],"picked":"Terror","floor":40},{"not_picked":["Sucker Punch","Bullet Time","Reflex"],"picked":"Bane+1","floor":44},{"not_picked":["Infinite Blades+1","Accuracy","Flying Knee+1"],"picked":"Cloak And Dagger+1","floor":46}],"player_experience":271242,"relics_obtained":[{"floor":6,"key":"Dead Branch"},{"floor":8,"key":"Question Card"},{"floor":9,"key":"Darkstone Periapt"},{"floor":11,"key":"Ancient Tea Set"},{"floor":24,"key":"Blood Vial"},{"floor":26,"key":"Oddly Smooth Stone"},{"floor":30,"key":"Blue Candle"},{"floor":43,"key":"Incense Burner"},{"floor":44,"key":"Juzu Bracelet"},{"floor":46,"key":"Regal Pillow"}],"event_choices":[{"event_name":"Match and Keep!","player_choice":"2 cards matched","floor":2,"damage_taken":0},{"event_name":"The Lab","player_choice":"Got Potions","floor":4,"damage_taken":0},{"event_name":"Shining Light","player_choice":"Entered Light","floor":12,"damage_taken":0},{"event_name":"Falling","player_choice":"Removed Attack","floor":39,"damage_taken":0},{"event_name":"Golden Shrine","player_choice":"Pray","floor":42,"damage_taken":0},{"event_name":"The Moai Head","player_choice":"Ignored","floor":47,"damage_taken":0},{"event_name":"Mysterious Sphere","player_choice":"Fight","floor":48,"damage_taken":0}],"is_beta":false,"boss_relics":[{"not_picked":["White Beast Statue","Busted Crown"],"picked":"Astrolabe"},{"not_picked":["Runic Pyramid","WristBlade"],"picked":"Ring of the Serpent"}],"items_purged_floors":[],"is_endless":false,"potions_floor_spawned":[1,5,6,14,20,21,22,24,27,28,36,40],"ascension_level":1}