{"gold_per_floor":[142,158,175,175,194,226,226,50,130,143,143,163,163,463,463,562,562,574,574,594,13,33,65,65,92,118,118],"floor_reached":27,"playtime":1086,"items_purged":[],"score":404,"play_id":"3b1b10d8-82bf-43a8-a84a-6220d75bdd82","local_time":"20190127143912","is_ascension_mode":true,"campfire_choices":[{"floor":7.0,"key":"REST"},{"floor":11.0,"key":"REST"},{"data":"Gash","floor":13.0,"key":"SMITH"},{"data":"Zap","floor":15.0,"key":"SMITH"},{"floor":24.0,"key":"REST"}],"neow_cost":"NONE","seed_source_timestamp":521358878382069,"circlet_count":0,"master_deck":["Defend_B","Defend_B","Defend_B","Defend_B","Zap+1","Dualcast","Gash+1","Barrage","BootSequence","Cold Snap","Steam","Hologram","Cold Snap","Chaos","Hologram","Hologram","All For One","Defragment","Hologram","Rebound","Scrape","Steam","Rebound+1","Bite","Bite","Bite","Bite","Bite","Coolheaded","Cold Snap","Chill","Scrape","Beam Cell+1","Turbo","Chill+1"],"special_seed":0,"relics":["Cracked Core","Tiny Chest","Du-Vu Doll","PreservedInsect","Symbiotic Virus","Old Coin","Orrery","Oddly Smooth Stone","Dodecahedron","Emotion Chip","Potion Belt","Bronze Scales"],"potions_floor_usage":[25],"damage_taken":[{"damage":1.0,"enemies":"Cultist","floor":1.0,"turns":3.0},{"damage":8.0,"enemies":"Jaw Worm","floor":2.0,"turns":4.0},{"damage":4.0,"enemies":"Small Slimes","floor":3.0,"turns":3.0},{"damage":1.0,"enemies":"Looter","floor":5.0,"turns":3.0},{"damage":36.0,"enemies":"Gremlin Nob","floor":6.0,"turns":6.0},{"damage":11.0,"enemies":"2 Fungi Beasts","floor":10.0,"turns":4.0},{"damage":0.0,"enemies":"Exordium Wildlife","floor":12.0,"turns":3.0},{"damage":6.0,"enemies":"The Guardian","floor":16.0,"turns":12.0},{"damage":15.0,"enemies":"2 Thieves","floor":18.0,"turns":5.0},{"damage":2.0,"enemies":"Chosen","floor":20.0,"turns":4.0},{"damage":13.0,"enemies":"Snake Plant","floor":22.0,"turns":4.0},{"damage":48.0,"enemies":"Book of Stabbing","floor":23.0,"turns":5.0},{"damage":11,"enemies":"Slavers","floor":25,"turns":4},{"damage":42,"enemies":"Gremlin Leader","floor":27,"turns":4}],"seed_played":"5684403611542344387","potions_obtained":[{"floor":1.0,"key":"Poison Potion"},{"floor":2.0,"key":"LiquidBronze"},{"floor":3.0,"key":"Block Potion"},{"floor":6.0,"key":"Dexterity Potion"},{"floor":12.0,"key":"EssenceOfSteel"},{"floor":18.0,"key":"Explosive Potion"},{"floor":20.0,"key":"Dexterity Potion"},{"floor":22.0,"key":"FairyPotion"}],"is_trial":false,"path_per_floor":["M","M","M","?","M","E","R","$","T","M","R","M","R","?","R","B",null,"M","?","M","$","M","E","R","E","T","E"],"character_chosen":"DEFECT","items_purchased":["Hologram","Cold Snap","Chaos","Cold Snap","Chill","Oddly Smooth Stone","Dodecahedron","Scrape"],"campfire_rested":3,"item_purchase_floors":[8,8,8,21,21,21,21,21],"current_hp_per_floor":[67,59,55,55,54,18,40,40,40,29,51,51,51,51,51,45,68,53,52,52,52,43,3,18,13,13,0],"gold":118,"neow_bonus":"RANDOM_COMMON_RELIC","is_prod":false,"is_daily":false,"chose_seed":false,"campfire_upgraded":2,"win_rate":0,"timestamp":1548625152,"path_taken":["M","M","?","?","M","E","R","?","T","M","R","M","R","?","R","BOSS","M","?","M","$","M","E","R","E","T","E"],"build_version":"2019-01-23","purchased_purges":0,"victory":false,"max_hp_per_floor":[75,75,75,75,75,75,75,75,75,75,75,75,75,75,75,75,75,75,52,52,52,52,52,52,52,52,52],"card_choices":[{"not_picked":["Tempest","Turbo"],"picked":"Gash","floor":1.0},{"not_picked":["Recycle","Hello World"],"picked":"Barrage","floor":2.0},{"not_picked":["Recycle","Reinforced Body"],"picked":"BootSequence","floor":3.0},{"not_picked":["Stack","Hologram"],"picked":"Cold Snap","floor":5.0},{"not_picked":["Biased Cognition","Tempest"],"picked":"Steam","floor":6.0},{"not_picked":["Chaos","Go for the Eyes"],"picked":"Hologram","floor":10.0},{"not_picked":["Coolheaded","Biased Cognition"],"picked":"Hologram","floor":12.0},{"not_picked":["Biased Cognition","Core Surge"],"picked":"All For One","floor":16.0},{"not_picked":["Tempest","Compile Driver"],"picked":"Defragment","floor":17.0},{"not_picked":["Reprogram","Tempest"],"picked":"Hologram","floor":17.0},{"not_picked":["Storm","Barrage"],"picked":"Rebound","floor":17.0},{"not_picked":["Loop","Sweeping Beam"],"picked":"Scrape","floor":17.0},{"not_picked":["Seek","Auto Shields"],"picked":"Steam","floor":17.0},{"not_picked":["Streamline+1","Compile Driver+1"],"picked":"Rebound+1","floor":18.0},{"not_picked":["Steam Power","Coolheaded","Rebound"],"picked":"SKIP","floor":20.0},{"not_picked":["Steam Power","Rebound"],"picked":"Coolheaded","floor":20.0},{"not_picked":["Stack","Auto Shields"],"picked":"Beam Cell+1","floor":22.0},{"not_picked":["Ball Lightning","Sunder"],"picked":"Turbo","floor":23.0},{"not_picked":["Electrodynamics","Doom and Gloom"],"picked":"Chill+1","floor":25}],"player_experience":1309903,"relics_obtained":[{"floor":6.0,"key":"PreservedInsect"},{"floor":9.0,"key":"Symbiotic Virus"},{"floor":23.0,"key":"Emotion Chip"},{"floor":25,"key":"Potion Belt"},{"floor":26,"key":"Bronze Scales"}],"event_choices":[{"damage_healed":0.0,"max_hp_gain":0.0,"max_hp_loss":0.0,"gold_gain":0.0,"event_name":"WeMeetAgain","player_choice":"Gave Potion","floor":4.0,"gold_loss":0.0,"damage_taken":0.0,"relics_obtained":["Du-Vu Doll"]},{"damage_healed":0.0,"max_hp_gain":0.0,"max_hp_loss":0.0,"gold_gain":0.0,"event_name":"Dead Adventurer","player_choice":"Searched \u00271\u0027 times","floor":14.0,"gold_loss":0.0,"damage_taken":0.0,"relics_obtained":["Old Coin"]},{"damage_healed":0.0,"max_hp_gain":0.0,"max_hp_loss":23.0,"gold_gain":0.0,"event_name":"Vampires","player_choice":"Became a vampire","floor":19.0,"gold_loss":0.0,"damage_taken":0.0,"cards_obtained":["Bite","Bite","Bite","Bite","Bite"]}],"is_beta":false,"boss_relics":[{"not_picked":["Coffee Dripper","Philosopher\u0027s Stone"],"picked":"Orrery"}],"items_purged_floors":[],"is_endless":false,"potions_floor_spawned":[1,2,3,6,12,18,20,22],"killed_by":"Gremlin Leader","ascension_level":6}