{"gold_per_floor":[109,109,109,109,123,158,158,191,191,203,203,222,250,267,267,367,367,380,392,392,167,178,213,230,230,530,24,24,87,87,152,152,255,255,268,284,6,18,68,68],"floor_reached":40,"playtime":4605,"items_purged":["Strike_B","Strike_B","Strike_B"],"score":496,"play_id":"bafdbb7c-07cc-4b1d-88f1-b2133317d5ea","local_time":"20190130184003","is_ascension_mode":false,"campfire_choices":[{"floor":7,"key":"REST"},{"floor":11,"key":"REST"},{"floor":15,"key":"REST"},{"floor":25,"key":"REST"},{"floor":28,"key":"REST"},{"floor":30,"key":"REST"},{"data":"1","floor":32,"key":"LIFT"}],"neow_cost":"NONE","seed_source_timestamp":154101041812540,"circlet_count":0,"master_deck":["Defend_B","Defend_B","Defend_B","Zap","Dualcast","Sweeping Beam","Iron Wave","Sweeping Beam","Cold Snap","Ball Lightning","Rainbow","Rebound","Defragment","Rebound","Biased Cognition","Ball Lightning","BootSequence","The Bomb","Gash+1","Redo","Self Repair+1","Static Discharge","Doom and Gloom","Ball Lightning","Ball Lightning","Multi-Cast","Biased Cognition","Ball Lightning+1","Static Discharge","Multi-Cast","Redo"],"relics":["FrozenCore","Matryoshka","Letter Opener","Ancient Tea Set","Ornamental Fan","Smiling Mask","Fusion Hammer","SsserpentHead","Dream Catcher","Anchor","Old Coin","Membership Card","Girya","Tiny Chest","Omamori","Potion Belt"],"potions_floor_usage":[16,24,33,33],"damage_taken":[{"damage":5,"enemies":"Small Slimes","floor":1,"turns":4},{"damage":1,"enemies":"2 Louse","floor":5,"turns":2},{"damage":21,"enemies":"Lagavulin","floor":6,"turns":7},{"damage":19,"enemies":"Gremlin Nob","floor":8,"turns":4},{"damage":0,"enemies":"Cultist","floor":10,"turns":3},{"damage":0,"enemies":"2 Fungi Beasts","floor":12,"turns":2},{"damage":27,"enemies":"3 Sentries","floor":13,"turns":5},{"damage":11,"enemies":"Gremlin Gang","floor":14,"turns":4},{"damage":62,"enemies":"The Guardian","floor":16,"turns":11},{"damage":0,"enemies":"Chosen","floor":18,"turns":4},{"damage":22,"enemies":"2 Thieves","floor":19,"turns":3},{"damage":3,"enemies":"Centurion and Healer","floor":22,"turns":5},{"damage":31,"enemies":"Book of Stabbing","floor":23,"turns":5},{"damage":0,"enemies":"Cultist and Chosen","floor":24,"turns":4},{"damage":25,"enemies":"3 Cultists","floor":29,"turns":4},{"damage":19,"enemies":"Slavers","floor":31,"turns":4},{"damage":56,"enemies":"Champ","floor":33,"turns":8},{"damage":0,"enemies":"3 Shapes","floor":35,"turns":4},{"damage":2,"enemies":"Orb Walker","floor":36,"turns":3},{"damage":6,"enemies":"Sphere and 2 Shapes","floor":38,"turns":5},{"damage":92,"enemies":"Giant Head","floor":40,"turns":7}],"seed_played":"-235853438073615023","potions_obtained":[{"floor":5,"key":"FocusPotion"},{"floor":8,"key":"Weak Potion"},{"floor":13,"key":"SkillPotion"},{"floor":18,"key":"SkillPotion"},{"floor":33,"key":"Fire Potion"},{"floor":35,"key":"Dexterity Potion"}],"is_trial":false,"path_per_floor":["?","?","?","M","?","M","?"],"character_chosen":"DEFECT","items_purchased":["The Bomb","Membership Card","Girya","Static Discharge","Doom and Gloom","Ball Lightning","Omamori","Static Discharge","Multi-Cast","Potion Belt"],"campfire_rested":6,"item_purchase_floors":[21,27,27,27,27,27,37,37,37,37],"current_hp_per_floor":[77,70,70,70,69,48,72,53,53,53,77,77,50,39,63,1,82,82,60,60,60,57,26,26,50,50,50,74,59,82,73,73,27,82,82,82,82,82,82,0],"gold":68,"neow_bonus":"TEN_PERCENT_HP_BONUS","is_prod":false,"is_daily":false,"chose_seed":false,"campfire_upgraded":0,"win_rate":0.0,"timestamp":1548891603,"path_taken":["M","?","?","?","M","E","R","E","T","M","R","M","E","?","R","BOSS","M","M","?","$","M","E","M","R","T","$","R","?","R","E","R","BOSS","M","M","$","M","?","E"],"build_version":"2019-01-23","purchased_purges":3,"victory":false,"max_hp_per_floor":[82,82,82,82,82,82,82,82,82,82,82,82,82,82,82,82,82,82,82,82,82,82,82,82,82,82,82,82,82,82,82,82,82,82,82,82,82,82,82,82],"card_choices":[{"not_picked":["Streamline","Compile Driver"],"picked":"Sweeping Beam","floor":1},{"not_picked":["Chill","Undo"],"picked":"Sweeping Beam","floor":5},{"not_picked":["Steam","Redo"],"picked":"Cold Snap","floor":6},{"not_picked":["Coolheaded","Steam"],"picked":"Ball Lightning","floor":8},{"not_picked":["Barrage","Steam"],"picked":"Rainbow","floor":10},{"not_picked":["Conserve Battery","Leap"],"picked":"Rebound","floor":12},{"not_picked":["Turbo","Blizzard"],"picked":"Defragment","floor":13},{"not_picked":["Glacier","Conserve Battery"],"picked":"Rebound","floor":14},{"not_picked":["All For One","Fission"],"picked":"Biased Cognition","floor":16},{"not_picked":["Coolheaded","Compile Driver"],"picked":"Ball Lightning","floor":18},{"not_picked":["Beam Cell","FTL"],"picked":"BootSequence","floor":19},{"not_picked":["Compile Driver","All For One","Aggregate"],"picked":"SKIP","floor":22},{"not_picked":["Cold Snap","Compile Driver"],"picked":"Gash+1","floor":23},{"not_picked":["Beam Cell","Rebound"],"picked":"Redo","floor":24},{"not_picked":["Sweeping Beam","Undo"],"picked":"Self Repair+1","floor":25},{"not_picked":["Cold Snap+1","Stack"],"picked":"Ball Lightning","floor":29},{"not_picked":["Steam","Chaos"],"picked":"Multi-Cast","floor":30},{"not_picked":["Beam Cell","Buffer"],"picked":"Multi-Cast","floor":31},{"not_picked":["Thunder Strike","Creative AI"],"picked":"Biased Cognition","floor":33},{"not_picked":["Stack+1","Streamline"],"picked":"Ball Lightning+1","floor":35},{"not_picked":["Darkness+1","Rip and Tear","Glacier+1"],"picked":"SKIP","floor":36},{"not_picked":["Beam Cell+1","Rebound+1"],"picked":"Redo","floor":38}],"player_experience":36084,"relics_obtained":[{"floor":6,"key":"Matryoshka"},{"floor":8,"key":"Letter Opener"},{"floor":9,"key":"Ancient Tea Set"},{"floor":9,"key":"Ornamental Fan"},{"floor":13,"key":"Smiling Mask"},{"floor":23,"key":"Dream Catcher"},{"floor":26,"key":"Anchor"},{"floor":26,"key":"Old Coin"},{"floor":31,"key":"Tiny Chest"}],"event_choices":[{"cards_removed":["Strike_B"],"damage_healed":0,"gold_gain":0,"player_choice":"Card Removal","damage_taken":7,"max_hp_gain":0,"max_hp_loss":0,"event_name":"Golden Wing","floor":2,"gold_loss":0},{"damage_healed":0,"gold_gain":0,"player_choice":"Ignored","damage_taken":0,"max_hp_gain":0,"max_hp_loss":0,"event_name":"Liars Game","floor":3,"gold_loss":0},{"cards_removed":["Defend_B"],"damage_healed":0,"gold_gain":0,"player_choice":"Took Card","damage_taken":0,"max_hp_gain":0,"max_hp_loss":0,"event_name":"NoteForYourself","floor":4,"gold_loss":0,"cards_obtained":["Iron Wave"]},{"damage_healed":0,"gold_gain":0,"player_choice":"Trade","damage_taken":0,"relics_obtained":["SsserpentHead"],"max_hp_gain":0,"max_hp_loss":0,"event_name":"FaceTrader","floor":20,"gold_loss":0},{"cards_removed":["Multi-Cast"],"damage_healed":0,"gold_gain":0,"player_choice":"Removed Skill","damage_taken":0,"max_hp_gain":0,"max_hp_loss":0,"event_name":"Falling","floor":39,"gold_loss":0}],"is_beta":false,"boss_relics":[{"not_picked":["Tiny House","Velvet Choker"],"picked":"Fusion Hammer"},{"not_picked":["Eternal Feather","Coffee Dripper"],"picked":"FrozenCore"}],"items_purged_floors":[21,27,37],"is_endless":false,"potions_floor_spawned":[5,8,13,14,18,22,33,35],"killed_by":"Giant Head","ascension_level":0}