{"path_per_floor":["M","M","?","?","M","E","R","M","T","?","M","?","M","$","R","B",null,"M","M","M","?","T","R","?","M","T","?","M","M","$","M","R","B",null,"M","M","?","?","M","R","M"],"character_chosen":"IRONCLAD","items_purchased":["Spot Weakness","Ancient Tea Set","Dramatic Entrance","Barricade"],"gold_per_floor":[119,135,135,135,146,172,172,190,190,243,259,259,277,1,1,98,98,115,126,143,143,168,168,168,188,234,149,162,179,28,40,40,138,168,182,200,200,200,212,212,229],"floor_reached":42,"campfire_rested":3,"playtime":1700,"current_hp_per_floor":[80,80,80,77,74,39,39,38,38,38,34,34,25,25,49,28,80,63,62,42,42,42,42,26,24,24,24,29,35,35,29,53,36,85,67,56,56,45,21,46,8],"items_purged":[],"gold":229,"score":354,"play_id":"10c17785-b621-4c31-80cc-543bbf247ea5","is_prod":false,"is_daily":false,"is_ascension_mode":false,"campfire_upgraded":2,"path_taken":["M","M","?","?","M","E","R","M","T","?","?","?","M","$","R","BOSS","M","M","M","?","?","R","?","M","T","?","?","M","$","M","R","BOSS","M","M","?","?","M","R","M","M"],"build_version":"2018-02-15-PROD1","purchased_purges":0,"victory":false,"master_deck":["Strike_R","Strike_R","Strike_R","Strike_R","Strike_R","Defend_R","Defend_R","Defend_R","Defend_R","Bash","Inflame","Heavy Blade","Uppercut","Armaments+1","Flex","Infernal Blade","Cleave","Spot Weakness","Dramatic Entrance","Demon Form+1","Thunderclap","Shrug It Off+1","Battle Trance+1","Inflame","Barricade","Bludgeon","Thunderclap","Entrench+1","Spot Weakness+1","Madness","Madness","Clash+1"],"max_hp_per_floor":[80,80,80,80,80,80,80,80,80,80,80,80,80,80,80,80,80,80,80,80,80,80,80,80,80,80,80,80,80,80,80,80,80,85,85,85,85,85,85,85,85],"relics":["Burning Blood","Omamori","Lantern","Bronze Scales","Pen Nib","Ancient Tea Set","Velvet Choker","Mummified Hand","Vajra","Necronomicon","Bag of Marbles","Mercury Hourglass","Tiny House"],"card_choices":[{"not_picked":["Flex","Warcry"],"picked":"Inflame"},{"not_picked":["Headbutt","Searing Blow"],"picked":"Heavy Blade"},{"not_picked":["Cleave","Headbutt"],"picked":"Uppercut"},{"not_picked":["Feel No Pain","Sentinel"],"picked":"Armaments"},{"not_picked":["Wild Strike","Hemokinesis"],"picked":"Flex"},{"not_picked":["Cleave","Clash"],"picked":"Infernal Blade"},{"not_picked":["Searing Blow","Uppercut"],"picked":"Cleave"},{"not_picked":["Dark Embrace","Juggernaut"],"picked":"Demon Form"},{"not_picked":["Armaments","Dropkick"],"picked":"Thunderclap"},{"not_picked":["Clothesline","Anger"],"picked":"Shrug It Off"},{"not_picked":["Dual Wield","Warcry"],"picked":"Battle Trance"},{"not_picked":["Body Slam","Fire Breathing"],"picked":"Inflame"},{"not_picked":["Reaper","Immolate"],"picked":"Bludgeon"},{"not_picked":["Bloodletting","Clash"],"picked":"Thunderclap"},{"not_picked":["Cleave","Infernal Blade"],"picked":"Entrench"},{"not_picked":["Headbutt","Hemokinesis"],"picked":"Spot Weakness"},{"not_picked":["True Grit","Seeing Red"],"picked":"Clash"}],"player_experience":134442,"potions_floor_usage":[8,16,16,25,29,33,33,33,42],"damage_taken":[{"damage":6,"enemies":"Cultist","floor":1,"turns":3},{"damage":4,"enemies":"2 Louse","floor":2,"turns":3},{"damage":9,"enemies":"Small Slimes","floor":5,"turns":3},{"damage":41,"enemies":"Lagavulin","floor":6,"turns":6},{"damage":7,"enemies":"Gremlin Gang","floor":8,"turns":3},{"damage":10,"enemies":"Looter","floor":11,"turns":3},{"damage":15,"enemies":"Lots of Slimes","floor":13,"turns":3},{"damage":27,"enemies":"Slime Boss","floor":16,"turns":7},{"damage":23,"enemies":"3 Byrds","floor":18,"turns":3},{"damage":7,"enemies":"Shell Parasite","floor":19,"turns":2},{"damage":26,"enemies":"Snake Plant","floor":20,"turns":3},{"damage":14,"enemies":"Snecko","floor":25,"turns":3},{"damage":1,"enemies":"Centurion and Healer","floor":28,"turns":3},{"damage":0,"enemies":"Cultist and Chosen","floor":29,"turns":2},{"damage":12,"enemies":"Snecko","floor":31,"turns":4},{"damage":35,"enemies":"Collector","floor":33,"turns":6},{"damage":24,"enemies":"Orb Walker","floor":35,"turns":3},{"damage":17,"enemies":"3 Shapes","floor":36,"turns":3},{"damage":30,"enemies":"Maw","floor":39,"turns":5},{"damage":44,"enemies":"4 Shapes","floor":41,"turns":3},{"damage":15,"enemies":"Sphere and 2 Shapes","floor":42,"turns":1}],"event_choices":[{"event_name":"Big Fish","player_choice":"Box","floor":3,"damage_taken":0},{"event_name":"Scrap Ooze","player_choice":"success","floor":4,"damage_taken":3},{"event_name":"Golden Wing","player_choice":"Gained Gold","floor":10,"damage_taken":0},{"event_name":"The Lab","player_choice":"Got Potions","floor":12,"damage_taken":0},{"event_name":"The Mausoleum","player_choice":"Yes","floor":21,"damage_taken":0},{"event_name":"Cursed Tome","player_choice":"Obtained Book","floor":24,"damage_taken":0},{"event_name":"Addict","player_choice":"Obtained Relic","floor":27,"damage_taken":0},{"event_name":"Fountain of Cleansing","player_choice":"Removed Curse","floor":37,"damage_taken":0},{"event_name":"Winding Halls","player_choice":"Embrace Madness","floor":38,"damage_taken":0}],"boss_relics":[{"not_picked":["Black Star","Orrery"],"picked":"Velvet Choker"},{"not_picked":["Cursed Key","Eternal Feather"],"picked":"Tiny House"}],"potions_floor_spawned":[5,8,11,18,20,28,31,39,41],"seed_played":"-461043657129438006","killed_by":"Sphere and 2 Shapes","ascension_level":0,"is_trial":false}