{"gold_per_floor":[110,110,110,121,136,136,311,26,52,86,97,112,183,197,197,197],"floor_reached":16,"playtime":2158,"items_purged":[],"score":102,"play_id":"2621d101-10d8-4999-abb1-220c72ec2d8d","local_time":"20190206144524","is_ascension_mode":false,"campfire_choices":[{"data":"True Grit","floor":6,"key":"SMITH"},{"data":"Armaments","floor":15,"key":"SMITH"}],"neow_cost":"NONE","seed_source_timestamp":747264324838993,"circlet_count":0,"master_deck":["Strike_R+1","Strike_R","Strike_R","Strike_R","Defend_R","Defend_R","Defend_R","Defend_R","Bash+1","True Grit+1","Doubt","Armaments+1","Body Slam","Metallicize","Armaments"],"relics":["Burning Blood","Prayer Wheel","Red Skull","Blood Vial","Bottled Lightning"],"potions_floor_usage":[16,16],"damage_taken":[{"damage":5,"enemies":"Small Slimes","floor":1,"turns":4},{"damage":1,"enemies":"2 Louse","floor":4,"turns":3},{"damage":0,"enemies":"Jaw Worm","floor":5,"turns":3},{"damage":32,"enemies":"Lagavulin","floor":10,"turns":6},{"damage":1,"enemies":"Looter","floor":11,"turns":4},{"damage":4,"enemies":"Blue Slaver","floor":12,"turns":6},{"damage":17,"enemies":"Large Slime","floor":14,"turns":9},{"damage":58,"enemies":"The Guardian","floor":16,"turns":13}],"seed_played":"6135932133701968271","potions_obtained":[{"floor":5,"key":"AttackPotion"},{"floor":10,"key":"GamblersBrew"}],"is_trial":false,"path_per_floor":["?","?","?","T"],"character_chosen":"IRONCLAD","items_purchased":["Prayer Wheel"],"campfire_rested":0,"item_purchase_floors":[8],"current_hp_per_floor":[88,70,63,68,74,74,74,74,74,48,55,59,59,50,50,0],"gold":197,"neow_bonus":"TEN_PERCENT_HP_BONUS","is_prod":false,"is_daily":false,"chose_seed":false,"campfire_upgraded":2,"win_rate":0,"timestamp":1549482324,"path_taken":["M","?","?","M","M","R","?","$","T","E","M","M","?","M","R","BOSS"],"build_version":"2019-01-23","purchased_purges":0,"victory":false,"max_hp_per_floor":[88,88,88,88,88,88,88,88,88,88,88,88,88,88,88,88],"card_choices":[{"not_picked":["Sword Boomerang","Entrench","Bloodletting"],"picked":"SKIP","floor":1},{"not_picked":["Infernal Blade","Cleave"],"picked":"True Grit","floor":4},{"not_picked":["Cleave","Havoc","Heavy Blade"],"picked":"SKIP","floor":5},{"not_picked":["Infernal Blade","Hemokinesis","Blood for Blood"],"picked":"SKIP","floor":10},{"not_picked":["Anger","Sever Soul","Clash"],"picked":"SKIP","floor":11},{"not_picked":["Twin Strike","Havoc","Second Wind"],"picked":"SKIP","floor":11},{"not_picked":["Burning Pact","Warcry"],"picked":"Armaments","floor":12},{"not_picked":["Warcry","Anger"],"picked":"Body Slam","floor":12},{"not_picked":["Whirlwind","Twin Strike"],"picked":"Metallicize","floor":14},{"not_picked":["Searing Blow","Sword Boomerang"],"picked":"Armaments","floor":14}],"player_experience":314873,"relics_obtained":[{"floor":9,"key":"Red Skull"},{"floor":10,"key":"Blood Vial"},{"floor":13,"key":"Bottled Lightning"}],"event_choices":[{"damage_healed":0,"gold_gain":0,"player_choice":"Entered Light","damage_taken":18,"max_hp_gain":0,"max_hp_loss":0,"event_name":"Shining Light","floor":2,"gold_loss":0,"cards_upgraded":["Bash","Strike_R"]},{"cards_removed":["Strike_R"],"damage_healed":0,"gold_gain":0,"player_choice":"Card Removal","damage_taken":7,"max_hp_gain":0,"max_hp_loss":0,"event_name":"Golden Wing","floor":3,"gold_loss":0},{"damage_healed":0,"gold_gain":175,"player_choice":"AGREE","damage_taken":0,"max_hp_gain":0,"max_hp_loss":0,"event_name":"Liars Game","floor":7,"gold_loss":0,"cards_obtained":["Doubt"]}],"is_beta":false,"boss_relics":[],"items_purged_floors":[],"is_endless":false,"potions_floor_spawned":[5,10],"killed_by":"The Guardian","ascension_level":0}