{"gold_per_floor":[109,128,128,128,140,165,165,64,64,98,111,111,131,7,7,102,102,118,118,29,43,60,90,90,123,123,7,21,21,21],"floor_reached":30,"playtime":1665,"items_purged":["Pain"],"score":278,"play_id":"aa0b53a4-f3df-411d-831a-0dc389bb5c99","local_time":"20190209162643","is_ascension_mode":false,"campfire_choices":[{"floor":7,"key":"REST"},{"floor":12,"key":"REST"},{"data":"Shrug It Off","floor":15,"key":"SMITH"}],"neow_cost":"NONE","seed_source_timestamp":185910130809411,"circlet_count":0,"master_deck":["Strike_R+1","Strike_R","Strike_R","Strike_R","Defend_R","Defend_R+1","Defend_R","Defend_R","Bash","True Grit+1","Iron Wave","Shrug It Off+1","Cleave","Ghostly Armor","Cleave","Headbutt","Bludgeon","Battle Trance","Reaper","Clash","Finesse","Cleave","Metallicize","Immolate","Shrug It Off+1"],"relics":["Burning Blood","WarpedTongs","Ginger","The Courier","Question Card","Lizard Tail","CultistMask","Mango","Dodecahedron","Sundial","Toxic Egg 2"],"potions_floor_usage":[6,23,25,30],"damage_taken":[{"damage":0,"enemies":"Small Slimes","floor":1,"turns":2},{"damage":3,"enemies":"Jaw Worm","floor":2,"turns":5},{"damage":1,"enemies":"Cultist","floor":5,"turns":3},{"damage":28,"enemies":"Gremlin Nob","floor":6,"turns":4},{"damage":29,"enemies":"Lagavulin","floor":10,"turns":7},{"damage":1,"enemies":"Exordium Thugs","floor":11,"turns":4},{"damage":2,"enemies":"Blue Slaver","floor":13,"turns":4},{"damage":29,"enemies":"Slime Boss","floor":16,"turns":11},{"damage":29,"enemies":"2 Thieves","floor":18,"turns":5},{"damage":19,"enemies":"Spheric Guardian","floor":21,"turns":5},{"damage":34,"enemies":"Snake Plant","floor":22,"turns":5},{"damage":47,"enemies":"Gremlin Leader","floor":23,"turns":7},{"damage":70,"enemies":"Book of Stabbing","floor":25,"turns":8},{"damage":11,"enemies":"Centurion and Healer","floor":28,"turns":7},{"damage":18,"enemies":"3 Cultists","floor":30,"turns":5}],"seed_played":"2446398324153725067","potions_obtained":[{"floor":1,"key":"GamblersBrew"},{"floor":2,"key":"FairyPotion"},{"floor":16,"key":"Swift Potion"},{"floor":18,"key":"Explosive Potion"},{"floor":25,"key":"Poison Potion"}],"is_trial":false,"path_per_floor":["?","?","M","$","?","$","?","$","?"],"character_chosen":"IRONCLAD","items_purchased":["Cleave","Bludgeon","Battle Trance","Finesse","Cleave","Metallicize","Immolate"],"campfire_rested":2,"item_purchase_floors":[8,14,14,20,20,27,27],"current_hp_per_floor":[80,80,64,64,69,47,71,71,71,48,53,77,80,80,80,57,80,65,65,65,52,28,28,28,11,11,11,11,11,0],"gold":21,"neow_bonus":"UPGRADE_CARD","is_prod":false,"is_daily":false,"chose_seed":false,"campfire_upgraded":1,"win_rate":0,"timestamp":1549747603,"path_taken":["M","M","?","?","M","E","R","$","T","E","?","R","M","?","R","BOSS","M","?","?","M","M","E","?","E","T","?","M","?","M"],"build_version":"2019-01-23","purchased_purges":1,"victory":false,"max_hp_per_floor":[80,80,80,80,80,80,80,80,80,80,80,80,80,80,80,80,80,80,80,80,80,80,94,94,94,94,94,94,94,94],"card_choices":[{"not_picked":["Disarm","Entrench","Dual Wield"],"picked":"SKIP","floor":1},{"not_picked":["Anger","Warcry"],"picked":"True Grit","floor":2},{"not_picked":["Clothesline","Headbutt"],"picked":"Iron Wave","floor":5},{"not_picked":["Body Slam","Flex"],"picked":"Shrug It Off","floor":6},{"not_picked":["Flex","Blood for Blood"],"picked":"Ghostly Armor","floor":10},{"not_picked":["Clothesline","Dual Wield","Second Wind"],"picked":"Cleave","floor":11},{"not_picked":["Inflame","Spot Weakness","Thunderclap"],"picked":"Headbutt","floor":13},{"not_picked":["Brutality","Offering","Dark Embrace"],"picked":"Reaper","floor":16},{"not_picked":["Rampage","Sever Soul","Perfected Strike"],"picked":"Clash","floor":18},{"not_picked":["True Grit","Twin Strike","Heavy Blade+1","Pommel Strike+1"],"picked":"SKIP","floor":21},{"not_picked":["True Grit+1","Sword Boomerang","Spot Weakness","Battle Trance"],"picked":"SKIP","floor":22},{"not_picked":["Fire Breathing","Dark Embrace","Rupture+1","Searing Blow"],"picked":"SKIP","floor":23},{"not_picked":["Warcry","Havoc","Dropkick","Carnage"],"picked":"SKIP","floor":25},{"not_picked":["Perfected Strike","Thunderclap","Dual Wield+1"],"picked":"Shrug It Off+1","floor":28}],"player_experience":364255,"relics_obtained":[{"floor":6,"key":"Ginger"},{"floor":9,"key":"The Courier"},{"floor":10,"key":"Question Card"},{"floor":23,"key":"Mango"},{"floor":25,"key":"Sundial"},{"floor":26,"key":"Toxic Egg 2"}],"event_choices":[{"damage_healed":0,"gold_gain":0,"player_choice":"Entered Light","damage_taken":16,"max_hp_gain":0,"max_hp_loss":0,"event_name":"Shining Light","floor":3,"gold_loss":0,"cards_upgraded":["Defend_R","True Grit"]},{"damage_healed":0,"gold_gain":0,"player_choice":"Rummage","damage_taken":0,"relics_obtained":["WarpedTongs"],"max_hp_gain":0,"max_hp_loss":0,"event_name":"Accursed Blacksmith","floor":4,"gold_loss":0,"cards_obtained":["Pain"]},{"damage_healed":0,"gold_gain":0,"player_choice":"Trade","damage_taken":0,"relics_obtained":["CultistMask"],"max_hp_gain":0,"max_hp_loss":0,"event_name":"FaceTrader","floor":19,"gold_loss":0},{"damage_healed":0,"gold_gain":0,"player_choice":"Opened","damage_taken":0,"relics_obtained":["Dodecahedron"],"max_hp_gain":0,"max_hp_loss":0,"event_name":"The Mausoleum","floor":24,"gold_loss":0},{"cards_removed":["Strike_R"],"damage_healed":0,"gold_gain":0,"player_choice":"Purged","damage_taken":0,"max_hp_gain":0,"max_hp_loss":0,"event_name":"Purifier","floor":29,"gold_loss":0}],"is_beta":false,"boss_relics":[{"not_picked":["Runic Pyramid","Velvet Choker"],"picked":"Lizard Tail"}],"items_purged_floors":[8],"is_endless":false,"potions_floor_spawned":[1,2,16,18,25],"killed_by":"3 Cultists","ascension_level":0}