{"gold_per_floor":[114,129,15,30,45,45,60,60,85,85,100,115,130,145,145,245,245,260,260,64,79,79,79,79,94,144,46,61,61],"floor_reached":29,"playtime":2115,"items_purged":[],"score":271,"play_id":"9b911d30-693e-489d-8089-adb7aef7bf80","local_time":"20180729120151","daily_mods":["Specialized","Cursed Run","Binary"],"is_ascension_mode":false,"campfire_choices":[{"floor":6,"key":"REST"},{"floor":10,"key":"REST"},{"floor":15,"key":"REST"},{"data":"Infinite Blades","floor":23,"key":"SMITH"}],"neow_cost":"","seed_source_timestamp":0,"circlet_count":0,"master_deck":["Defend_G","Defend_G","Defend_G","Defend_G","Defend_G","Strike_G","Strike_G","Strike_G","Strike_G","Strike_G","Survivor","Neutralize","Night Terror","Night Terror","Night Terror","Concentrate","Dagger Spray","Well Laid Plans","Poisoned Stab","Masterful Stab","Flying Knee","Flying Knee","Writhe","Cloak And Dagger","Infinite Blades+1","Sucker Punch","Blur","Clumsy","Glass Knife","Expertise+1","Noxious Fumes","Prepared","Deflect","Decay","Sucker Punch","Clumsy","Deadly Poison","Dagger Throw","Deflect"],"special_seed":17741,"relics":["Cursed Key","Darkstone Periapt","Du-Vu Doll","Ancient Tea Set","Eternal Feather","Bag of Marbles"],"potions_floor_usage":[12,13,16,16],"damage_taken":[{"damage":5,"enemies":"Cultist","floor":1,"turns":6},{"damage":14,"enemies":"Jaw Worm","floor":2,"turns":5},{"damage":4,"enemies":"Small Slimes","floor":4,"turns":4},{"damage":5,"enemies":"3 Louse","floor":5,"turns":3},{"damage":16,"enemies":"Blue Slaver","floor":7,"turns":5},{"damage":21,"enemies":"Red Slaver","floor":11,"turns":4},{"damage":10,"enemies":"2 Fungi Beasts","floor":12,"turns":3},{"damage":13,"enemies":"Large Slime","floor":13,"turns":6},{"damage":1,"enemies":"Gremlin Gang","floor":14,"turns":3},{"damage":15,"enemies":"Slime Boss","floor":16,"turns":11},{"damage":10,"enemies":"Chosen","floor":18,"turns":4},{"damage":12,"enemies":"3 Byrds","floor":21,"turns":4},{"damage":44,"enemies":"Slaver and Parasite","floor":25,"turns":4},{"damage":31,"enemies":"Snake Plant","floor":28,"turns":4},{"damage":20,"enemies":"3 Cultists","floor":29,"turns":3}],"seed_played":"3633398992768724987","potions_obtained":[{"floor":1,"key":"Strength Potion"},{"floor":2,"key":"SpeedPotion"},{"floor":4,"key":"Dexterity Potion"},{"floor":11,"key":"Regen Potion"},{"floor":12,"key":"EssenceOfSteel"},{"floor":28,"key":"Block Potion"}],"is_trial":false,"path_per_floor":["M","M","$","M","M","R","M","?","T","R","M","M","M","M","R","B",null,"M","?","$","M","?","R","$","M","T","$","M"],"character_chosen":"THE_SILENT","items_purchased":["Well Laid Plans","Poisoned Stab","Noxious Fumes","Regen Potion","Prepared","Deadly Poison","Dagger Throw"],"campfire_rested":3,"item_purchase_floors":[3,3,20,20,20,27,27],"current_hp_per_floor":[65,51,51,47,42,63,47,40,46,68,47,46,33,32,54,45,82,72,72,72,60,66,84,84,40,46,46,15,0],"gold":61,"neow_bonus":"","is_prod":false,"is_daily":true,"chose_seed":false,"campfire_upgraded":1,"win_rate":0.0,"timestamp":1532887311,"path_taken":["M","M","?","M","M","R","?","?","T","R","M","M","M","M","R","BOSS","M","?","$","M","?","R","$","M","T","?","?","M"],"build_version":"2018-07-26","purchased_purges":0,"victory":false,"max_hp_per_floor":[70,70,70,70,70,70,70,70,76,76,76,76,76,76,76,82,82,82,82,82,82,88,88,88,88,94,94,94,94],"card_choices":[{"not_picked":["Well Laid Plans"],"picked":"Concentrate","floor":1},{"not_picked":["Catalyst"],"picked":"Dagger Spray","floor":2},{"not_picked":["Calculated Gamble"],"picked":"Masterful Stab","floor":4},{"not_picked":["Cloak And Dagger"],"picked":"Flying Knee","floor":5},{"not_picked":["Dagger Spray"],"picked":"Flying Knee","floor":7},{"not_picked":["Riddle With Holes"],"picked":"Cloak And Dagger","floor":11},{"not_picked":["Burst"],"picked":"Infinite Blades","floor":12},{"not_picked":["Outmaneuver"],"picked":"Sucker Punch","floor":13},{"not_picked":["Underhanded Strike"],"picked":"Blur","floor":14},{"not_picked":["Phantasmal Killer"],"picked":"Glass Knife","floor":16},{"not_picked":["PiercingWail"],"picked":"Expertise+1","floor":18},{"not_picked":["Setup"],"picked":"Deflect","floor":21},{"not_picked":["Prepared"],"picked":"Sucker Punch","floor":25},{"not_picked":["Tactician"],"picked":"Deflect","floor":28}],"player_experience":63212,"relics_obtained":[{"floor":9,"key":"Ancient Tea Set"},{"floor":26,"key":"Bag of Marbles"}],"event_choices":[{"event_name":"Golden Wing","player_choice":"Card Removal","floor":8,"damage_taken":0},{"event_name":"Purifier","player_choice":"One Purge","floor":19,"damage_taken":0},{"event_name":"Forgotten Altar","player_choice":"Smashed Altar","floor":22,"damage_taken":0}],"is_beta":false,"boss_relics":[{"not_picked":["Lizard Tail","Astrolabe"],"picked":"Eternal Feather"}],"items_purged_floors":[],"is_endless":false,"potions_floor_spawned":[1,2,4,11,12,28],"killed_by":"3 Cultists","ascension_level":0}