{"gold_per_floor":[117,117,128,80,90,123,137,156,156,106,122,122,153,169,169,269,319,301,319,93,108,124,152,152,170,170,181,181,207,207,224,224,323,323,333,333,351,351,366,366,386,386],"floor_reached":42,"playtime":2833,"items_purged":[],"score":506,"play_id":"1b51eaf6-b085-46ae-9031-4e9de006eaef","local_time":"20180801103537","is_ascension_mode":false,"campfire_choices":[{"data":"Blood for Blood","floor":12,"key":"SMITH"},{"data":"Armaments","floor":15,"key":"SMITH"},{"floor":28,"key":"REST"},{"floor":32,"key":"REST"},{"floor":40,"key":"REST"}],"neow_cost":"NONE","seed_source_timestamp":673458756657,"circlet_count":0,"master_deck":["Strike_R","Strike_R","Strike_R+1","Strike_R","Strike_R","Defend_R","Defend_R","Defend_R","Bash","Twin Strike","Headbutt","Cleave","Flex","Armaments","Armaments","Blood for Blood+1","Armaments+1","Heavy Blade","Demon Form","Iron Wave","Cleave","Havoc+1","Metallicize","Bandage Up","Shrug It Off","Carnage","Pummel","Warcry","RitualDagger","Iron Wave+1","Cleave","Pummel","Pummel+1","Inflame+1","Spot Weakness","Reaper","Perfected Strike+1","Pommel Strike+1","Inflame+1","Iron Wave+1","Uppercut+1"],"relics":["Burning Blood","Happy Flower","Dream Catcher","Meat on the Bone","Pear","Torii","Tiny House","Regal Pillow","Gambling Chip","Shuriken","Snecko Eye"],"potions_floor_usage":[13,16,16,18,23,29,35,37,39],"damage_taken":[{"damage":3,"enemies":"Jaw Worm","floor":1,"turns":4},{"damage":0,"enemies":"Small Slimes","floor":3,"turns":3},{"damage":0,"enemies":"Cultist","floor":5,"turns":3},{"damage":36,"enemies":"Lagavulin","floor":6,"turns":6},{"damage":7,"enemies":"Large Slime","floor":7,"turns":5},{"damage":10,"enemies":"Exordium Wildlife","floor":8,"turns":4},{"damage":10,"enemies":"Looter","floor":11,"turns":3},{"damage":17,"enemies":"3 Sentries","floor":13,"turns":5},{"damage":8,"enemies":"Blue Slaver","floor":14,"turns":3},{"damage":20,"enemies":"Hexaghost","floor":16,"turns":7},{"damage":18,"enemies":"2 Thieves","floor":18,"turns":4},{"damage":23,"enemies":"Shell Parasite","floor":19,"turns":5},{"damage":35,"enemies":"Cultist and Chosen","floor":21,"turns":8},{"damage":16,"enemies":"Snake Plant","floor":22,"turns":4},{"damage":13,"enemies":"Gremlin Leader","floor":23,"turns":5},{"damage":39,"enemies":"Centurion and Healer","floor":25,"turns":8},{"damage":9,"enemies":"Snecko","floor":27,"turns":5},{"damage":70,"enemies":"Book of Stabbing","floor":29,"turns":7},{"damage":24,"enemies":"Snake Plant","floor":31,"turns":6},{"damage":84,"enemies":"Collector","floor":33,"turns":7},{"damage":16,"enemies":"3 Shapes","floor":35,"turns":3},{"damage":80,"enemies":"Flame Bruiser 1 Orb","floor":37,"turns":6},{"damage":32,"enemies":"Maw","floor":39,"turns":7},{"damage":26,"enemies":"3 Darklings","floor":41,"turns":4},{"damage":78,"enemies":"Flame Bruiser 2 Orb","floor":42,"turns":3}],"seed_played":"8124032273370193901","potions_obtained":[{"floor":3,"key":"Dexterity Potion"},{"floor":8,"key":"PowerPotion"},{"floor":13,"key":"Strength Potion"},{"floor":14,"key":"Explosive Potion"},{"floor":17,"key":"Fruit Juice"},{"floor":19,"key":"Explosive Potion"},{"floor":22,"key":"SkillPotion"},{"floor":27,"key":"SteroidPotion"},{"floor":31,"key":"SneckoOil"},{"floor":35,"key":"PowerPotion"},{"floor":39,"key":"Ancient Potion"},{"floor":41,"key":"FearPotion"}],"is_trial":false,"path_per_floor":["M","?","M","$","M","E","M","M","T","?","M","R","E","M","R","B",null,"M","M","$","M","M","E","?","M","T","M","R","E","?","M","R","B",null,"M","?","M","?","M","R","M"],"character_chosen":"IRONCLAD","items_purchased":["Cleave","Metallicize","Bandage Up","Shrug It Off"],"campfire_rested":3,"item_purchase_floors":[4,20,20,20],"current_hp_per_floor":[80,77,80,80,80,50,49,57,67,67,63,63,52,62,62,60,95,88,71,71,58,64,63,57,40,40,49,94,46,46,44,89,29,100,90,90,42,42,28,73,75,0],"gold":386,"neow_bonus":"RANDOM_COMMON_RELIC","is_prod":false,"is_daily":false,"chose_seed":false,"campfire_upgraded":2,"win_rate":0,"timestamp":1533141337,"path_taken":["M","?","M","$","M","E","M","M","T","?","M","R","E","M","R","BOSS","M","M","$","M","M","E","?","M","T","M","R","E","?","?","R","BOSS","M","?","M","?","M","R","M","M"],"build_version":"2018-07-26","purchased_purges":0,"victory":false,"max_hp_per_floor":[80,80,80,80,80,80,80,80,90,90,90,90,90,90,90,90,95,100,100,100,100,100,100,100,100,100,100,100,100,100,100,100,100,100,100,100,100,100,100,100,100,100],"card_choices":[{"not_picked":["Whirlwind","Anger"],"picked":"Twin Strike","floor":1},{"not_picked":["Havoc","Burning Pact"],"picked":"Headbutt","floor":3},{"not_picked":["Thunderclap","Juggernaut"],"picked":"Flex","floor":5},{"not_picked":["Havoc","Heavy Blade"],"picked":"Armaments","floor":6},{"not_picked":["Wild Strike","Battle Trance"],"picked":"Armaments","floor":7},{"not_picked":["Wild Strike","Body Slam"],"picked":"Blood for Blood","floor":8},{"not_picked":["Warcry","Entrench"],"picked":"Anger","floor":11},{"not_picked":["Dual Wield","Bloodletting"],"picked":"Armaments","floor":13},{"not_picked":["Sever Soul","Wild Strike"],"picked":"Heavy Blade","floor":14},{"not_picked":["Feed","Brutality"],"picked":"Demon Form","floor":16},{"not_picked":["Intimidate","Combust"],"picked":"Iron Wave","floor":17},{"not_picked":["Shrug It Off","Clothesline+1"],"picked":"Cleave","floor":18},{"not_picked":["Disarm","Dropkick+1"],"picked":"Havoc+1","floor":19},{"not_picked":["Body Slam","Corruption"],"picked":"Carnage","floor":21},{"not_picked":["Disarm","Twin Strike"],"picked":"Pummel","floor":22},{"not_picked":["Barricade","Corruption"],"picked":"Warcry","floor":23},{"not_picked":["Perfected Strike+1","Second Wind"],"picked":"Iron Wave+1","floor":25},{"not_picked":["Headbutt","Body Slam"],"picked":"Cleave","floor":27},{"not_picked":["Anger","Headbutt"],"picked":"Pummel","floor":28},{"not_picked":["Wild Strike+1","Sever Soul"],"picked":"Pummel+1","floor":29},{"not_picked":["Havoc","Juggernaut"],"picked":"Inflame+1","floor":31},{"not_picked":["Entrench","Perfected Strike"],"picked":"Spot Weakness","floor":32},{"not_picked":["Limit Break","Feed"],"picked":"Reaper","floor":33},{"not_picked":["Warcry+1","Rampage"],"picked":"Perfected Strike+1","floor":35},{"not_picked":["Anger","Thunderclap+1"],"picked":"Pommel Strike+1","floor":37},{"not_picked":["Armaments","Cleave"],"picked":"Inflame+1","floor":39},{"not_picked":["Body Slam+1","Rage"],"picked":"Iron Wave+1","floor":40},{"not_picked":["Heavy Blade","Thunderclap+1"],"picked":"Uppercut+1","floor":41}],"player_experience":142800,"relics_obtained":[{"floor":6,"key":"Meat on the Bone"},{"floor":9,"key":"Pear"},{"floor":13,"key":"Torii"},{"floor":23,"key":"Regal Pillow"},{"floor":26,"key":"Gambling Chip"},{"floor":29,"key":"Shuriken"}],"event_choices":[{"event_name":"Scrap Ooze","player_choice":"success","floor":2,"damage_taken":3},{"event_name":"The Cleric","player_choice":"Card Removal","floor":10,"damage_taken":0},{"event_name":"Nest","player_choice":"Joined the Cult","floor":24,"damage_taken":0},{"event_name":"Beggar","player_choice":"Ignored","floor":30,"damage_taken":0},{"event_name":"The Woman in Blue","player_choice":"Bought 0 Potions","floor":36,"damage_taken":0},{"event_name":"Falling","player_choice":"Removed Attack","floor":38,"damage_taken":0}],"is_beta":false,"boss_relics":[{"not_picked":["Sozu","Runic Dome"],"picked":"Tiny House"},{"not_picked":["White Beast Statue","Coffee Dripper"],"picked":"Snecko Eye"}],"items_purged_floors":[],"is_endless":false,"potions_floor_spawned":[3,8,13,14,19,22,27,31,35,39,41],"killed_by":"Flame Bruiser 2 Orb","ascension_level":0}