{"gold_per_floor":[114,64,79,94,94,124,124,3,53,62,62,92,107,122,122,222,222,162,162,162,42,42,42,42,42,42,42,42,42,42,42,42,42,42,42,3,3,3,3,3,3,3,3,3,3,3,3,3,3,3],"floor_reached":51,"playtime":3177,"items_purged":[],"score":1007,"play_id":"b71c7b4e-6040-4055-afe0-bb9064f25d12","local_time":"20180921144647","daily_mods":["Diverse","Time Dilation","Hoarder"],"is_ascension_mode":false,"campfire_choices":[{"data":"Neutralize","floor":7,"key":"SMITH"},{"data":"Core Surge","floor":11,"key":"SMITH"},{"data":"Cloak And Dagger","floor":15,"key":"SMITH"},{"floor":23,"key":"REST"},{"floor":29,"key":"REST"},{"floor":32,"key":"REST"},{"data":"RitualDagger","floor":41,"key":"SMITH"},{"data":"Adrenaline","floor":49,"key":"SMITH"}],"neow_cost":"","seed_source_timestamp":0,"circlet_count":0,"master_deck":["Defend_G","Defend_G","Defend_G","Defend_G","Defend_G","Strike_G","Strike_G","Strike_G","Strike_G","Survivor+1","Neutralize+1","Hello World","Hello World","Hello World","Beam Cell","Beam Cell","Beam Cell","Dagger Spray","Dagger Spray","Dagger Spray","Shockwave","Shockwave","Shockwave+1","Core Surge","Core Surge","Core Surge+1","Deadly Poison","Deadly Poison","Deadly Poison","Dodge and Roll","Dodge and Roll","Dodge and Roll","Cloak And Dagger+1","Cloak And Dagger","Cloak And Dagger","Beam Cell","Beam Cell","Beam Cell","Rampage","Rampage","Rampage","Echo Form","Echo Form","Echo Form","Cold Snap","Cold Snap","Cold Snap","Conserve Battery","Conserve Battery","Conserve Battery+1","RitualDagger+1","RitualDagger","RitualDagger","Impatience","Impatience","Impatience","Prepared","Prepared","Prepared","FTL+1","FTL+1","FTL+1","Cold Snap+1","Cold Snap+1","Cold Snap+1","Cloak And Dagger","Cloak And Dagger","Cloak And Dagger","Uppercut+1","Uppercut+1","Uppercut+1","Terror","Terror","Terror","Leap","Leap","Leap","Reaper+1","Reaper+1","Reaper+1","Gash+1","Gash+1","Gash+1","Seeing Red+1","Seeing Red+1","Seeing Red+1","Hyperbeam+1","Hyperbeam+1","Hyperbeam+1","Reckless Charge+1","Reckless Charge+1","Reckless Charge+1","Heel Hook+1","Heel Hook+1","Heel Hook+1","Blade Dance+1","Blade Dance+1","Blade Dance+1","Adrenaline","Adrenaline","Adrenaline+1","Hologram+1","Hologram+1","Hologram+1","True Grit+1","True Grit+1","True Grit+1","Backstab+1","Backstab+1","Backstab+1","Entrench+1","Entrench+1","Entrench+1","Beam Cell+1","Beam Cell+1","Beam Cell+1"],"special_seed":17795,"relics":["Ring of the Snake","Bag of Marbles","Ancient Tea Set","Paper Crane","Dream Catcher","Ectoplasm","Red Mask","Molten Egg 2","Orichalcum","Tingsha","Eternal Feather","Omamori","Art of War","War Paint","Vajra","Boot"],"potions_floor_usage":[6,10,13,18,25,27,39,39,42,50],"damage_taken":[{"damage":0,"enemies":"2 Louse","floor":1,"turns":3},{"damage":1,"enemies":"Jaw Worm","floor":3,"turns":4},{"damage":0,"enemies":"Cultist","floor":4,"turns":3},{"damage":15,"enemies":"Lagavulin","floor":6,"turns":6},{"damage":0,"enemies":"Gremlin Nob","floor":10,"turns":3},{"damage":0,"enemies":"3 Sentries","floor":12,"turns":5},{"damage":4,"enemies":"Red Slaver","floor":13,"turns":3},{"damage":0,"enemies":"2 Fungi Beasts","floor":14,"turns":2},{"damage":0,"enemies":"Slime Boss","floor":16,"turns":6},{"damage":8,"enemies":"2 Thieves","floor":18,"turns":4},{"damage":6,"enemies":"Masked Bandits","floor":19,"turns":4},{"damage":0,"enemies":"Shell Parasite","floor":24,"turns":4},{"damage":21,"enemies":"Slavers","floor":25,"turns":4},{"damage":3,"enemies":"Shelled Parasite and Fungi","floor":27,"turns":4},{"damage":12,"enemies":"Sentry and Sphere","floor":28,"turns":4},{"damage":0,"enemies":"Book of Stabbing","floor":30,"turns":4},{"damage":10,"enemies":"Snake Plant","floor":31,"turns":3},{"damage":10,"enemies":"Automaton","floor":33,"turns":11},{"damage":0,"enemies":"Orb Walker","floor":35,"turns":3},{"damage":0,"enemies":"3 Shapes","floor":38,"turns":3},{"damage":1,"enemies":"Sphere and 2 Shapes","floor":39,"turns":3},{"damage":12,"enemies":"4 Shapes","floor":40,"turns":4},{"damage":0,"enemies":"Reptomancer","floor":42,"turns":4},{"damage":0,"enemies":"Nemesis","floor":44,"turns":5},{"damage":1,"enemies":"Spire Growth","floor":45,"turns":2},{"damage":0,"enemies":"Giant Head","floor":46,"turns":6},{"damage":43,"enemies":"Time Eater","floor":50,"turns":13}],"seed_played":"-8895511355168584513","potions_obtained":[{"floor":3,"key":"Poison Potion"},{"floor":6,"key":"Block Potion"},{"floor":12,"key":"Regen Potion"},{"floor":16,"key":"Swift Potion"},{"floor":24,"key":"AttackPotion"},{"floor":27,"key":"Fruit Juice"},{"floor":31,"key":"Weak Potion"},{"floor":33,"key":"Poison Potion"},{"floor":38,"key":"Weak Potion"},{"floor":45,"key":"Dexterity Potion"}],"is_trial":false,"path_per_floor":["M","?","M","M","?","E","R","$","T","?","R","E","M","M","R","B",null,"M","?","?","$","?","R","M","E","T","M","M","R","E","M","R","B",null,"M","$","T","M","M","M","R","M","T","E","M","E","?","$","R","B"],"character_chosen":"THE_SILENT","items_purchased":["Core Surge","Deadly Poison","Impatience","Prepared","Heel Hook+1"],"campfire_rested":3,"item_purchase_floors":[8,8,21,21,36],"current_hp_per_floor":[70,70,69,69,69,54,54,54,54,54,54,54,59,59,59,59,70,62,56,50,50,37,59,59,38,38,40,28,52,52,49,73,76,80,80,80,80,80,79,67,80,80,80,80,79,79,79,79,80,46],"gold":3,"neow_bonus":"","is_prod":false,"is_daily":true,"chose_seed":false,"campfire_upgraded":5,"win_rate":0,"timestamp":1537562807,"path_taken":["M","?","?","M","?","E","R","?","T","?","R","E","M","M","R","BOSS","M","?","?","$","?","R","M","E","T","M","M","R","E","?","R","BOSS","M","$","?","M","?","M","R","M","T","E","M","E","?","?","R","BOSS"],"build_version":"2018-09-20","purchased_purges":0,"victory":true,"max_hp_per_floor":[70,70,70,70,70,70,70,70,70,70,70,70,70,70,70,70,70,70,70,70,70,75,75,75,75,75,80,80,80,80,80,80,80,80,80,80,80,80,80,80,80,80,80,80,80,80,80,80,80,80],"card_choices":[{"not_picked":["Wild Strike","Rebound"],"picked":"Hello World","floor":1},{"not_picked":["Recycle","Auto Shields"],"picked":"Beam Cell","floor":3},{"not_picked":["Flying Knee","Slice"],"picked":"Dagger Spray","floor":4},{"not_picked":["Bane","Catalyst"],"picked":"Shockwave","floor":6},{"not_picked":["Rupture","Barrage"],"picked":"Dodge and Roll","floor":10},{"not_picked":["Corruption","Hologram"],"picked":"Cloak And Dagger","floor":12},{"not_picked":["Deadly Poison","Sucker Punch"],"picked":"Beam Cell","floor":13},{"not_picked":["Barrage","Searing Blow"],"picked":"Rampage","floor":14},{"not_picked":["Unload","After Image"],"picked":"Echo Form","floor":16},{"not_picked":["Streamline","Rage"],"picked":"Cold Snap","floor":18},{"not_picked":["Steam","Crippling Poison+1"],"picked":"Conserve Battery","floor":19},{"not_picked":["True Grit","Power Through"],"picked":"FTL+1","floor":23},{"not_picked":["Clash","Cleave"],"picked":"Cold Snap+1","floor":24},{"not_picked":["Barrage","Shockwave"],"picked":"Cloak And Dagger","floor":25},{"not_picked":["Redo+1","Backflip"],"picked":"Uppercut+1","floor":27},{"not_picked":["BootSequence","Defragment"],"picked":"Terror","floor":28},{"not_picked":["Acrobatics+1","Outmaneuver"],"picked":"Leap","floor":29},{"not_picked":["True Grit","Outmaneuver"],"picked":"Reaper+1","floor":30},{"not_picked":["Carnage+1","Slice+1"],"picked":"Gash+1","floor":31},{"not_picked":["Combust","Flame Barrier"],"picked":"Seeing Red+1","floor":32},{"not_picked":["Fiend Fire+1","Offering"],"picked":"Hyperbeam+1","floor":33},{"not_picked":["Outmaneuver","True Grit"],"picked":"Reckless Charge+1","floor":35},{"not_picked":["Redo","Iron Wave+1"],"picked":"Blade Dance+1","floor":38},{"not_picked":["Power Through+1","Outmaneuver"],"picked":"Adrenaline","floor":39},{"not_picked":["Barrage+1","Dagger Spray+1"],"picked":"Hologram+1","floor":40},{"not_picked":["Beam Cell+1","Cloak And Dagger"],"picked":"True Grit+1","floor":42},{"not_picked":["Ball Lightning+1","Dropkick+1"],"picked":"Backstab+1","floor":44},{"not_picked":["Anger+1","Perfected Strike+1"],"picked":"Entrench+1","floor":45},{"not_picked":["Wraith Form v2","Seeing Red"],"picked":"Beam Cell+1","floor":46}],"player_experience":549429,"relics_obtained":[{"floor":6,"key":"Bag of Marbles"},{"floor":9,"key":"Ancient Tea Set"},{"floor":10,"key":"Paper Crane"},{"floor":12,"key":"Dream Catcher"},{"floor":19,"key":"Red Mask"},{"floor":25,"key":"Molten Egg 2"},{"floor":26,"key":"Orichalcum"},{"floor":30,"key":"Tingsha"},{"floor":37,"key":"Omamori"},{"floor":43,"key":"Art of War"},{"floor":44,"key":"War Paint"},{"floor":46,"key":"Vajra"},{"floor":47,"key":"Boot"}],"event_choices":[{"event_name":"The Cleric","player_choice":"Card Removal","floor":2,"damage_taken":0},{"event_name":"Upgrade Shrine","player_choice":"Upgraded","floor":5,"damage_taken":0},{"event_name":"Dead Adventurer","player_choice":"Searched \u00272\u0027 times","floor":10,"damage_taken":0},{"event_name":"Masked Bandits","player_choice":"Fought Bandits","floor":19,"damage_taken":0},{"event_name":"Nest","player_choice":"Joined the Cult","floor":20,"damage_taken":0},{"event_name":"Forgotten Altar","player_choice":"Shed Blood","floor":22,"damage_taken":0},{"event_name":"Wheel of Change","player_choice":"Relic","floor":47,"damage_taken":0}],"is_beta":false,"boss_relics":[{"not_picked":["Lizard Tail","White Beast Statue"],"picked":"Ectoplasm"},{"not_picked":["HoveringKite","Astrolabe"],"picked":"Eternal Feather"}],"items_purged_floors":[],"is_endless":false,"potions_floor_spawned":[3,6,12,16,24,27,31,33,38,45],"ascension_level":0}