{"gold_per_floor":[118,25,25,39,51,76,88,98,182,182,61,61,78,78,78,78],"floor_reached":16,"playtime":682,"items_purged":["Regret"],"score":107,"play_id":"69817fa0-bd93-4926-8db1-6083590d2835","local_time":"20190103114217","is_ascension_mode":true,"campfire_choices":[{"floor":12,"key":"REST"},{"floor":15,"key":"REST"}],"neow_cost":"TEN_PERCENT_HP_LOSS","seed_source_timestamp":155715921286660,"circlet_count":0,"master_deck":["Strike_B","Strike_B","Strike_B","Strike_B","Defend_B","Defend_B","Defend_B","Defend_B","Zap","Dualcast","All For One","Gash","Trip","Auto Shields","Go for the Eyes","Zap","Compile Driver","Gash","Compile Driver","Cold Snap","Compile Driver","Go for the Eyes+1","Reprogram"],"relics":["Cracked Core","Peace Pipe","Tiny Chest","Molten Egg 2","Ancient Tea Set"],"potions_floor_usage":[16,16],"damage_taken":[{"damage":4,"enemies":"Cultist","floor":1,"turns":4},{"damage":0,"enemies":"Small Slimes","floor":4,"turns":2},{"damage":6,"enemies":"2 Louse","floor":5,"turns":2},{"damage":17,"enemies":"Gremlin Nob","floor":6,"turns":4},{"damage":15,"enemies":"Exordium Thugs","floor":7,"turns":4},{"damage":6,"enemies":"Large Slime","floor":8,"turns":5},{"damage":8,"enemies":"3 Louse","floor":13,"turns":3},{"damage":51,"enemies":"The Guardian","floor":16,"turns":10}],"seed_played":"429985658489592149","potions_obtained":[{"floor":5,"key":"SkillPotion"},{"floor":6,"key":"LiquidBronze"},{"floor":8,"key":"Explosive Potion"},{"floor":13,"key":"Strength Potion"}],"is_trial":false,"path_per_floor":["M","$","?","M","M","E","M","M","T","?","$","R","M","?","R","B"],"character_chosen":"DEFECT","items_purchased":["Trip","Go for the Eyes+1"],"campfire_rested":2,"item_purchase_floors":[2,11],"current_hp_per_floor":[64,64,64,64,58,41,26,20,20,20,20,40,32,25,45,0],"gold":78,"neow_bonus":"THREE_RARE_CARDS","is_prod":false,"is_daily":false,"chose_seed":false,"campfire_upgraded":0,"win_rate":0,"timestamp":1546544537,"path_taken":["M","?","?","?","M","E","M","M","T","?","?","R","M","?","R","BOSS"],"build_version":"2018-12-20","purchased_purges":1,"victory":false,"max_hp_per_floor":[68,68,68,68,68,68,68,68,68,68,68,68,68,68,68,68],"card_choices":[{"not_picked":["Reboot","Buffer"],"picked":"All For One","floor":0},{"not_picked":["Turbo","Streamline"],"picked":"Gash","floor":1},{"not_picked":["Doom and Gloom","Steam"],"picked":"Compile Driver","floor":4},{"not_picked":["Chaos","Electrodynamics"],"picked":"Gash","floor":5},{"not_picked":["Blizzard","Lockon"],"picked":"Compile Driver","floor":6},{"not_picked":["Coolheaded","Loop"],"picked":"Cold Snap","floor":7},{"not_picked":["Chaos","Steam"],"picked":"Compile Driver","floor":8},{"not_picked":["Stack","Steam"],"picked":"Reprogram","floor":13}],"player_experience":50481,"relics_obtained":[{"floor":6,"key":"Peace Pipe"},{"floor":9,"key":"Tiny Chest"}],"event_choices":[{"damage_healed":0,"gold_gain":0,"player_choice":"3 cards matched","damage_taken":0,"max_hp_gain":0,"max_hp_loss":0,"event_name":"Match and Keep!","floor":3,"gold_loss":0,"cards_obtained":["Auto Shields","Go for the Eyes","Zap"]},{"damage_healed":0,"gold_gain":0,"player_choice":"Box","damage_taken":0,"relics_obtained":["Molten Egg 2"],"max_hp_gain":0,"max_hp_loss":0,"event_name":"Big Fish","floor":10,"gold_loss":0,"cards_obtained":["Regret"]},{"damage_healed":0,"gold_gain":0,"player_choice":"Success","damage_taken":7,"relics_obtained":["Ancient Tea Set"],"max_hp_gain":0,"max_hp_loss":0,"event_name":"Scrap Ooze","floor":14,"gold_loss":0}],"is_beta":false,"boss_relics":[],"items_purged_floors":[11],"is_endless":false,"potions_floor_spawned":[5,6,8,13],"killed_by":"The Guardian","ascension_level":1}