{"gold_per_floor":[117,117,132,132,132,132,158,158,204,215,215,231,38,57,57,160,160,179,89,105,116,116,116,131,131,155,166,181,181,199,217,217,314,314,324,25,0,0,10,10,40,71,83,122,151,174,186,216,228,240,252,264,32,67,67],"floor_reached":55,"playtime":4503,"items_purged":["Dropkick","Writhe"],"score":758,"play_id":"bd3f9ae8-ddbb-4560-8697-f6cf3505c6cd","local_time":"20190105211410","is_ascension_mode":false,"campfire_choices":[{"floor":6.0,"key":"REST"},{"floor":8.0,"key":"REST"},{"data":"Rampage","floor":15.0,"key":"SMITH"},{"data":"Limit Break","floor":23.0,"key":"SMITH"},{"data":"True Grit","floor":25.0,"key":"SMITH"},{"data":"Disarm","floor":29.0,"key":"SMITH"},{"data":"Armaments","floor":32.0,"key":"SMITH"},{"data":"Limit Break","floor":40.0,"key":"SMITH"},{"floor":49.0,"key":"RECALL"},{"data":"Flame Barrier","floor":52.0,"key":"SMITH"}],"neow_cost":"PERCENT_DAMAGE","seed_source_timestamp":358297709396049,"circlet_count":0,"master_deck":["Strike_R","Strike_R","Strike_R+1","Defend_R","Defend_R","Defend_R","Feed+1","Disarm+1","True Grit+1","Shrug It Off+1","Flame Barrier+1","Inflame","Rampage+1","Limit Break+1","Flame Barrier+1","Inflame+1","Disarm+1","Sword Boomerang","Armaments+1","Demon Form","Limit Break+1","Whirlwind"],"special_seed":0,"relics":["Black Blood","Bird Faced Urn","Blood Vial","Dream Catcher","Sozu","Pocketwatch","Red Mask","MawBank","Happy Flower","Orichalcum","Strawberry"],"potions_floor_usage":[55,55,55],"damage_taken":[{"damage":0.0,"enemies":"2 Louse","floor":1.0,"turns":4.0},{"damage":7.0,"enemies":"Cultist","floor":3.0,"turns":5.0},{"damage":54.0,"enemies":"Lagavulin","floor":7.0,"turns":12.0},{"damage":8.0,"enemies":"Small Slimes","floor":10.0,"turns":4.0},{"damage":4.0,"enemies":"2 Fungi Beasts","floor":12.0,"turns":5.0},{"damage":7.0,"enemies":"Looter","floor":14.0,"turns":3.0},{"damage":24.0,"enemies":"The Guardian","floor":16.0,"turns":14.0},{"damage":24.0,"enemies":"Shell Parasite","floor":18.0,"turns":9.0},{"damage":0.0,"enemies":"Chosen","floor":20.0,"turns":6.0},{"damage":26.0,"enemies":"Centurion and Healer","floor":21.0,"turns":10.0},{"damage":49.0,"enemies":"Chosen and Byrds","floor":24.0,"turns":12.0},{"damage":23.0,"enemies":"Snecko","floor":27.0,"turns":8.0},{"damage":36.0,"enemies":"Cultist and Chosen","floor":28.0,"turns":10.0},{"damage":19.0,"enemies":"Shelled Parasite and Fungi","floor":30.0,"turns":10.0},{"damage":3.0,"enemies":"Snake Plant","floor":31.0,"turns":9.0},{"damage":8.0,"enemies":"Champ","floor":33.0,"turns":12.0},{"damage":10.0,"enemies":"3 Shapes","floor":35.0,"turns":7.0},{"damage":6.0,"enemies":"3 Darklings","floor":39.0,"turns":7.0},{"damage":28.0,"enemies":"Nemesis","floor":41.0,"turns":7.0},{"damage":49.0,"enemies":"Transient","floor":42.0,"turns":5.0},{"damage":27.0,"enemies":"Reptomancer","floor":44.0,"turns":8.0},{"damage":8.0,"enemies":"Maw","floor":45.0,"turns":7.0},{"damage":34.0,"enemies":"Writhing Mass","floor":46.0,"turns":9.0},{"damage":39.0,"enemies":"3 Darklings","floor":48.0,"turns":6.0},{"damage":78.0,"enemies":"Awakened One","floor":50.0,"turns":10.0},{"damage":116,"enemies":"Shield and Spear","floor":54,"turns":7},{"damage":62,"enemies":"The Heart","floor":55,"turns":5}],"seed_played":"6206796692485200188","potions_obtained":[{"floor":3.0,"key":"Dexterity Potion"},{"floor":7.0,"key":"Poison Potion"},{"floor":10.0,"key":"Energy Potion"},{"floor":12.0,"key":"Block Potion"},{"floor":21.0,"key":"LiquidBronze"},{"floor":24.0,"key":"SteroidPotion"},{"floor":30.0,"key":"EssenceOfSteel"}],"is_trial":false,"path_per_floor":["M","?","M","?","?","R","E","R","T","M","?","M","$","M","R","B",null,"M","?","M","M","?","R","M","R","T","M","M","R","M","M","R","B",null,"M","$","?","?","M","R","E","M","T","E","M","M","?","M","R","B",null,"R","$","E","B"],"character_chosen":"IRONCLAD","items_purchased":["Flame Barrier","Inflame","Pocketwatch","Orichalcum"],"campfire_rested":2,"item_purchase_floors":[13,13,36,53],"current_hp_per_floor":[65,65,68,51,51,77,33,60,60,64,64,72,72,79,79,69,107,95,95,107,99,99,99,66,66,66,59,43,43,44,61,61,73,127,131,131,131,131,131,131,121,88,88,83,95,81,118,99,99,35,151,151,151,55,0],"gold":67,"neow_bonus":"THREE_RARE_CARDS","is_prod":false,"is_daily":false,"chose_seed":false,"campfire_upgraded":7,"win_rate":0,"timestamp":1546751650,"path_taken":["M","?","?","?","?","R","E","R","T","M","?","?","$","M","R","BOSS","M","?","M","?","?","R","M","R","T","?","M","R","M","M","R","BOSS","M","$","?","?","?","R","E","M","T","E","M","M","?","M","R","BOSS","R","$","E","BOSS"],"build_version":"2019-01-03v4","purchased_purges":2,"victory":false,"max_hp_per_floor":[83,83,87,87,87,87,91,91,91,95,95,99,99,103,103,107,107,107,107,107,111,111,111,111,111,111,111,115,115,119,123,123,127,127,131,131,131,131,131,131,135,135,135,139,143,147,147,151,151,151,151,151,151,158,158],"card_choices":[{"not_picked":["Double Tap","Brutality"],"picked":"Feed","floor":0.0},{"not_picked":["Headbutt","Power Through"],"picked":"Disarm","floor":1.0},{"not_picked":["Perfected Strike","Clash","Pummel"],"picked":"SKIP","floor":3.0},{"not_picked":["Heavy Blade","Warcry","Clash"],"picked":"SKIP","floor":7.0},{"not_picked":["Heavy Blade","Warcry","Clash"],"picked":"SKIP","floor":7.0},{"not_picked":["Wild Strike","Iron Wave"],"picked":"True Grit","floor":10.0},{"not_picked":["Heavy Blade","Combust"],"picked":"Shrug It Off","floor":12.0},{"not_picked":["Sword Boomerang","Corruption"],"picked":"Rampage","floor":14.0},{"not_picked":["Berserk","Impervious"],"picked":"Limit Break","floor":16.0},{"not_picked":["Flex","Warcry"],"picked":"Flame Barrier+1","floor":18.0},{"not_picked":["Thunderclap","Shrug It Off"],"picked":"Inflame+1","floor":20.0},{"not_picked":["Flex","Perfected Strike","Anger"],"picked":"SKIP","floor":21.0},{"not_picked":["Shockwave+1","Pommel Strike"],"picked":"Disarm","floor":24.0},{"not_picked":["Rampage+1","Twin Strike"],"picked":"Sword Boomerang","floor":27.0},{"not_picked":["Anger","Shockwave","Barricade"],"picked":"SKIP","floor":28.0},{"not_picked":["Iron Wave","Wild Strike"],"picked":"Armaments","floor":30.0},{"not_picked":["Searing Blow+1","Rupture","Dual Wield"],"picked":"SKIP","floor":31.0},{"not_picked":["Berserk","Feed"],"picked":"Demon Form","floor":33.0},{"not_picked":["Warcry","True Grit+1","Iron Wave"],"picked":"SKIP","floor":35.0},{"not_picked":["Hemokinesis+1","Flame Barrier+1","Flex"],"picked":"SKIP","floor":39.0},{"not_picked":["Reckless Charge+1","Twin Strike+1"],"picked":"Whirlwind","floor":41.0},{"not_picked":["Armaments","Thunderclap","Clothesline"],"picked":"SKIP","floor":42.0},{"not_picked":["Flame Barrier","Rage","Sword Boomerang"],"picked":"SKIP","floor":44.0},{"not_picked":["Fire Breathing+1","Iron Wave","Intimidate+1"],"picked":"SKIP","floor":45.0},{"not_picked":["Pummel+1","Anger","Clash"],"picked":"SKIP","floor":46.0},{"not_picked":["Sever Soul+1","Wild Strike","Impervious"],"picked":"SKIP","floor":48.0},{"not_picked":["Uppercut","Perfected Strike+1","Clash+1"],"picked":"SKIP","floor":54}],"player_experience":115409,"relics_obtained":[{"floor":7.0,"key":"Bird Faced Urn"},{"floor":9.0,"key":"Blood Vial"},{"floor":26.0,"key":"Dream Catcher"},{"floor":41.0,"key":"MawBank"},{"floor":44.0,"key":"Happy Flower"},{"floor":54,"key":"Strawberry"}],"event_choices":[{"damage_healed":0.0,"max_hp_gain":0.0,"max_hp_loss":0.0,"gold_gain":0.0,"event_name":"Upgrade Shrine","player_choice":"Upgraded","floor":2.0,"gold_loss":0.0,"damage_taken":0.0,"cards_upgraded":["Feed"]},{"damage_healed":0.0,"max_hp_gain":0.0,"max_hp_loss":0.0,"gold_gain":0.0,"event_name":"Shining Light","player_choice":"Entered Light","floor":4.0,"gold_loss":0.0,"damage_taken":17.0,"cards_upgraded":["Disarm","Strike_R"]},{"damage_healed":0.0,"max_hp_gain":0.0,"max_hp_loss":0.0,"gold_gain":0.0,"event_name":"Liars Game","player_choice":"Ignored","floor":5.0,"gold_loss":0.0,"damage_taken":0.0},{"damage_healed":0.0,"max_hp_gain":0.0,"max_hp_loss":0.0,"gold_gain":0.0,"cards_transformed":["Defend_R"],"event_name":"Transmorgrifier","player_choice":"Transformed","floor":11.0,"gold_loss":0.0,"damage_taken":0.0,"cards_obtained":["Dropkick"]},{"cards_removed":["Bash"],"damage_healed":0.0,"max_hp_gain":0.0,"max_hp_loss":0.0,"gold_gain":0.0,"event_name":"Designer","player_choice":"Upgrade and Remove","floor":19.0,"gold_loss":90.0,"damage_taken":0.0,"cards_upgraded":["Shrug It Off"]},{"cards_removed":["Strike_R"],"damage_healed":0.0,"max_hp_gain":0.0,"max_hp_loss":0.0,"gold_gain":0.0,"event_name":"Bonfire Elementals","player_choice":"Offered Basic","floor":22.0,"gold_loss":0.0,"damage_taken":0.0},{"damage_healed":0.0,"max_hp_gain":0.0,"max_hp_loss":0.0,"gold_gain":0.0,"event_name":"Tomb of Lord Red Mask","player_choice":"Paid","floor":37.0,"gold_loss":25.0,"damage_taken":0.0,"relics_obtained":["Red Mask"]},{"damage_healed":0.0,"max_hp_gain":0.0,"max_hp_loss":0.0,"gold_gain":0.0,"cards_transformed":["Strike_R"],"event_name":"Transmorgrifier","player_choice":"Transformed","floor":38.0,"gold_loss":0.0,"damage_taken":0.0,"cards_obtained":["Limit Break"]},{"damage_healed":37.0,"max_hp_gain":0.0,"max_hp_loss":0.0,"gold_gain":0.0,"event_name":"Winding Halls","player_choice":"Writhe","floor":47.0,"gold_loss":0.0,"damage_taken":0.0,"cards_obtained":["Writhe"]}],"is_beta":false,"boss_relics":[{"not_picked":["Coffee Dripper","Philosopher\u0027s Stone"],"picked":"Black Blood"},{"not_picked":["Tiny House","Eternal Feather"],"picked":"Sozu"}],"items_purged_floors":[13,53],"is_endless":false,"potions_floor_spawned":[3,7,10,12,21,24,30,31,33,42,46,48],"killed_by":"The Heart","ascension_level":0}