{"gold_per_floor":[114,114,130,40,55,55,85,85,137,154,119,131,148,177,177,275,275,295,218,238,238,238,266,266,266],"floor_reached":25,"playtime":1230,"items_purged":[],"score":243,"play_id":"60ad72ef-be31-4b5b-8157-06acc9954bf6","local_time":"20180817155947","is_ascension_mode":true,"campfire_choices":[{"data":"Zap","floor":6,"key":"SMITH"},{"floor":8,"key":"REST"},{"floor":15,"key":"REST"},{"floor":24,"key":"REST"}],"neow_cost":"NONE","seed_source_timestamp":52140934556717,"circlet_count":0,"master_deck":["Zap+1","Dualcast","Coolheaded","Ball Lightning","Doom and Gloom","Ball Lightning","Coolheaded","Cold Snap","BootSequence","Capacitor","Conserve Battery","Self Repair","Stack","Thunder Strike","Conserve Battery","Stack","Beam Cell","Compile Driver","Sweeping Beam","Recycle","Rebound","Doom and Gloom","Melter+1","J.A.X.","Glacier","Ball Lightning","Go for the Eyes"],"relics":["Cracked Core","Potion Belt","Dream Catcher","Pandora\u0027s Box","Nloth\u0027s Gift","Ice Cream"],"potions_floor_usage":[23,23,23],"damage_taken":[{"damage":7,"enemies":"Small Slimes","floor":1,"turns":3},{"damage":12,"enemies":"2 Louse","floor":3,"turns":3},{"damage":3,"enemies":"Jaw Worm","floor":5,"turns":3},{"damage":26,"enemies":"3 Sentries","floor":7,"turns":6},{"damage":16,"enemies":"Large Slime","floor":10,"turns":4},{"damage":4,"enemies":"Exordium Thugs","floor":12,"turns":4},{"damage":7,"enemies":"Blue Slaver","floor":13,"turns":4},{"damage":19,"enemies":"Gremlin Nob","floor":14,"turns":4},{"damage":23,"enemies":"The Guardian","floor":16,"turns":15},{"damage":10,"enemies":"Shell Parasite","floor":18,"turns":5},{"damage":0,"enemies":"Spheric Guardian","floor":20,"turns":3},{"damage":55,"enemies":"Slavers","floor":23,"turns":6},{"damage":65,"enemies":"Gremlin Leader","floor":25,"turns":6}],"seed_played":"-9038994480632928605","potions_obtained":[{"floor":1,"key":"Regen Potion"},{"floor":12,"key":"Explosive Potion"},{"floor":14,"key":"Explosive Potion"}],"is_trial":false,"path_per_floor":["M","?","M","$","M","R","E","R","T","M","?","M","M","E","R","B",null,"M","?","M","?","?","E","R"],"character_chosen":"DEFECT","items_purchased":["Doom and Gloom","Ball Lightning"],"campfire_rested":3,"item_purchase_floors":[4,4],"current_hp_per_floor":[75,75,63,63,60,60,34,58,58,42,62,58,51,32,56,33,82,79,79,79,79,63,27,53,0],"gold":266,"neow_bonus":"TEN_PERCENT_HP_BONUS","is_prod":false,"is_daily":false,"chose_seed":false,"campfire_upgraded":1,"win_rate":0,"timestamp":1534543187,"path_taken":["M","?","M","$","M","R","E","R","T","M","?","M","?","E","R","BOSS","M","?","M","?","?","E","R","E"],"build_version":"2018-08-16","purchased_purges":0,"victory":false,"max_hp_per_floor":[82,82,82,82,82,82,82,82,82,82,82,82,82,82,82,82,82,82,82,82,82,87,87,87,87],"card_choices":[{"not_picked":["Lockon","Sunder"],"picked":"Coolheaded","floor":1},{"not_picked":["Lockon","Hologram"],"picked":"Ball Lightning","floor":3},{"not_picked":["Sweeping Beam","Hologram"],"picked":"Coolheaded","floor":5},{"not_picked":["Steam","Rebound"],"picked":"Cold Snap","floor":7},{"not_picked":["Cold Snap","Conserve Battery"],"picked":"BootSequence","floor":10},{"not_picked":["Rebound","Conserve Battery"],"picked":"Capacitor","floor":12},{"not_picked":["Turbo","Beam Cell"],"picked":"Conserve Battery","floor":13},{"not_picked":["Hello World","Melter"],"picked":"Self Repair","floor":14},{"not_picked":["Multi-Cast","Conserve Battery"],"picked":"Stack","floor":15},{"not_picked":["Biased Cognition","Multi-Cast"],"picked":"Thunder Strike","floor":16},{"not_picked":["Streamline+1","BootSequence"],"picked":"Melter+1","floor":18},{"not_picked":["Streamline","Reinforced Body"],"picked":"Glacier","floor":20},{"not_picked":["Reboot","Stack+1"],"picked":"Ball Lightning","floor":23},{"not_picked":["Gash+1","Reinforced Body"],"picked":"Go for the Eyes","floor":24}],"player_experience":235346,"relics_obtained":[{"floor":7,"key":"Potion Belt"},{"floor":9,"key":"Dream Catcher"},{"floor":14,"key":"Omamori"},{"floor":23,"key":"Ice Cream"}],"event_choices":[{"event_name":"Golden Wing","player_choice":"Ignored","floor":2,"damage_taken":0},{"event_name":"The Cleric","player_choice":"Healed","floor":11,"damage_taken":0},{"event_name":"Drug Dealer","player_choice":"Got JAXXED","floor":19,"damage_taken":0},{"event_name":"N\u0027loth","player_choice":"Traded a Omamori","floor":21,"damage_taken":0},{"event_name":"Forgotten Altar","player_choice":"Shed Blood","floor":22,"damage_taken":0}],"is_beta":false,"boss_relics":[{"not_picked":["Ectoplasm","Lizard Tail"],"picked":"Pandora\u0027s Box"}],"items_purged_floors":[],"is_endless":false,"potions_floor_spawned":[1,12,14],"killed_by":"Gremlin Leader","ascension_level":1}