{"gold_per_floor":[360,360,161,161,180,191,191,225,252,252,21,33,33,43,43,145,145,160,173,203,128,30,30],"floor_reached":23,"playtime":808,"items_purged":["Doubt"],"score":246,"play_id":"c6969e39-6bb4-4826-b6eb-ea9c8deae497","local_time":"20181024162238","is_ascension_mode":true,"campfire_choices":[{"data":"Body Slam","floor":7,"key":"SMITH"},{"data":"Rampage","floor":10,"key":"SMITH"},{"floor":15,"key":"REST"}],"neow_cost":"CURSE","seed_source_timestamp":1204637388471447,"circlet_count":0,"master_deck":["Strike_R+1","Strike_R+1","Defend_R","Defend_R","Bash","Ghostly Armor","Rampage+1","Flex","Body Slam+1","Flame Barrier","Battle Trance","Shrug It Off","Body Slam+1","Headbutt","Impervious","Body Slam","Dual Wield","Blind"],"relics":["Burning Blood","Juzu Bracelet","Centennial Puzzle","DollysMirror","Empty Cage","Red Mask"],"potions_floor_usage":[8,14,16,20],"damage_taken":[{"damage":9,"enemies":"2 Louse","floor":1,"turns":4},{"damage":8,"enemies":"Jaw Worm","floor":5,"turns":5},{"damage":0,"enemies":"Small Slimes","floor":6,"turns":3},{"damage":25,"enemies":"3 Sentries","floor":8,"turns":11},{"damage":3,"enemies":"3 Louse","floor":12,"turns":3},{"damage":2,"enemies":"Exordium Thugs","floor":14,"turns":2},{"damage":51,"enemies":"Hexaghost","floor":16,"turns":10},{"damage":2,"enemies":"2 Thieves","floor":18,"turns":3},{"damage":10,"enemies":"3 Byrds","floor":19,"turns":3},{"damage":59,"enemies":"Masked Bandits","floor":20,"turns":8},{"damage":15,"enemies":"Book of Stabbing","floor":23,"turns":4}],"seed_played":"1997039700894738185","potions_obtained":[{"floor":1,"key":"Energy Potion"},{"floor":6,"key":"BloodPotion"},{"floor":12,"key":"Block Potion"},{"floor":18,"key":"GamblersBrew"}],"is_trial":false,"path_per_floor":["M","?","$","?","M","M","R","E","T","R","$","M","?","M","R","B",null,"M","M","?","?","$"],"character_chosen":"IRONCLAD","items_purchased":["Rampage","Flex","Shrug It Off","DollysMirror","Blind"],"campfire_rested":1,"item_purchase_floors":[3,3,11,11,22],"current_hp_per_floor":[69,62,62,62,60,66,66,55,55,55,55,58,42,46,70,25,66,70,66,13,13,13,0],"gold":30,"neow_bonus":"TWO_FIFTY_GOLD","is_prod":false,"is_daily":false,"chose_seed":false,"campfire_upgraded":2,"win_rate":0,"timestamp":1540419758,"path_taken":["M","?","$","?","M","M","R","E","T","R","$","M","?","M","R","BOSS","M","M","?","?","$","E"],"build_version":"2018-10-18","purchased_purges":1,"victory":false,"max_hp_per_floor":[80,80,80,80,80,80,80,80,80,80,80,80,80,80,80,80,80,80,80,80,80,80,80],"card_choices":[{"not_picked":["Dual Wield","Clash"],"picked":"Ghostly Armor","floor":1},{"not_picked":["Feel No Pain","Clash"],"picked":"Body Slam","floor":5},{"not_picked":["Inflame","Evolve"],"picked":"Flame Barrier","floor":6},{"not_picked":["Fire Breathing","Sword Boomerang"],"picked":"Battle Trance","floor":8},{"not_picked":["Reckless Charge","Clash"],"picked":"Headbutt","floor":12},{"not_picked":["Iron Wave","True Grit","Ghostly Armor"],"picked":"SKIP","floor":14},{"not_picked":["Dark Embrace","Barricade"],"picked":"Impervious","floor":16},{"not_picked":["Whirlwind","Flex"],"picked":"Body Slam","floor":18},{"not_picked":["Sever Soul","Clash+1"],"picked":"Dual Wield","floor":19}],"player_experience":800840,"relics_obtained":[{"floor":8,"key":"Juzu Bracelet"},{"floor":9,"key":"Centennial Puzzle"},{"floor":20,"key":"Red Mask"}],"event_choices":[{"cards_removed":["Strike_R"],"damage_healed":0,"gold_gain":0,"player_choice":"Card Removal","damage_taken":7,"max_hp_gain":0,"max_hp_loss":0,"event_name":"Golden Wing","floor":2,"gold_loss":0},{"cards_removed":["Strike_R"],"damage_healed":0,"gold_gain":0,"player_choice":"Purged","damage_taken":0,"max_hp_gain":0,"max_hp_loss":0,"event_name":"Purifier","floor":4,"gold_loss":0},{"damage_healed":0,"gold_gain":0,"player_choice":"Entered Light","damage_taken":16,"max_hp_gain":0,"max_hp_loss":0,"event_name":"Shining Light","floor":13,"gold_loss":0,"cards_upgraded":["Strike_R","Strike_R"]},{"damage_healed":0,"gold_gain":0,"player_choice":"Fought Bandits","damage_taken":0,"max_hp_gain":0,"max_hp_loss":0,"event_name":"Masked Bandits","floor":20,"gold_loss":0},{"cards_removed":["Defend_R"],"damage_healed":0,"gold_gain":0,"player_choice":"Gave Gold","damage_taken":0,"max_hp_gain":0,"max_hp_loss":0,"event_name":"Beggar","floor":21,"gold_loss":75}],"is_beta":false,"boss_relics":[{"not_picked":["Lizard Tail","Calling Bell"],"picked":"Empty Cage"}],"items_purged_floors":[3],"is_endless":false,"potions_floor_spawned":[1,6,12,18],"killed_by":"Book of Stabbing","ascension_level":6}