{"gold_per_floor":[112,112,112,122,122,149,149,5,5,34,49,77,87,63,63,159,159,179,179,191,204,221,253,253,163,163,180,215,215,235,135,135,232,282,296,314,365,365,378,378,378,390,463,483,320,337,352,76,76,76,76,76,76,101,101],"floor_reached":56,"playtime":3760,"items_purged":["Regret","Strike_G","Strike_G"],"score":1209,"play_id":"de87aa2b-5f8c-4670-a03e-09198504310a","local_time":"20190106141758","is_ascension_mode":false,"campfire_choices":[{"data":"Blade Dance","floor":7.0,"key":"SMITH"},{"data":"Caltrops","floor":15.0,"key":"SMITH"},{"data":"Tools of the Trade","floor":24.0,"key":"SMITH"},{"floor":32.0,"key":"REST"},{"data":"After Image","floor":40.0,"key":"SMITH"},{"floor":49.0,"key":"RECALL"},{"data":"Apotheosis","floor":52.0,"key":"SMITH"}],"neow_cost":"NONE","seed_source_timestamp":421031164174156,"circlet_count":0,"master_deck":["Defend_G+1","Defend_G","Defend_G+1","Defend_G","Defend_G","Strike_G","Survivor","Neutralize+1","PiercingWail","Blade Dance+1","Blur","Infinite Blades","Noxious Fumes","Blur+1","Caltrops+1","Backflip+1","Tools of the Trade+1","Writhe","Accuracy+1","Accuracy+1","Accuracy","Leg Sweep","Footwork","After Image+1","Well Laid Plans","Acrobatics+1","Bane","Noxious Fumes","Footwork","Finisher","Accuracy","Apotheosis+1"],"special_seed":0,"relics":["Ring of the Serpent","NeowsBlessing","Singing Bowl","Bronze Scales","Meat on the Bone","Bag of Preparation","Ninja Scroll","Mummified Hand","Mercury Hourglass","Letter Opener","Thread and Needle","Tiny House","Gambling Chip","Art of War"],"potions_floor_usage":[55,55,55],"damage_taken":[{"damage":0.0,"enemies":"Jaw Worm","floor":1.0,"turns":1.0},{"damage":0.0,"enemies":"2 Louse","floor":4.0,"turns":1.0},{"damage":0.0,"enemies":"3 Sentries","floor":6.0,"turns":1.0},{"damage":26.0,"enemies":"Lagavulin","floor":10.0,"turns":9.0},{"damage":0.0,"enemies":"Cultist","floor":11.0,"turns":3.0},{"damage":20.0,"enemies":"Gremlin Nob","floor":12.0,"turns":5.0},{"damage":2.0,"enemies":"Looter","floor":13.0,"turns":2.0},{"damage":11.0,"enemies":"Hexaghost","floor":16.0,"turns":10.0},{"damage":14.0,"enemies":"Chosen","floor":18.0,"turns":7.0},{"damage":0.0,"enemies":"3 Byrds","floor":20.0,"turns":4.0},{"damage":2.0,"enemies":"Snecko","floor":21.0,"turns":5.0},{"damage":13.0,"enemies":"Sentry and Sphere","floor":22.0,"turns":6.0},{"damage":7.0,"enemies":"Book of Stabbing","floor":23.0,"turns":5.0},{"damage":7.0,"enemies":"Centurion and Healer","floor":27.0,"turns":5.0},{"damage":13.0,"enemies":"Slavers","floor":28.0,"turns":4.0},{"damage":0.0,"enemies":"3 Cultists","floor":30.0,"turns":4.0},{"damage":18.0,"enemies":"Champ","floor":33.0,"turns":8.0},{"damage":0.0,"enemies":"Orb Walker","floor":35.0,"turns":3.0},{"damage":0.0,"enemies":"3 Darklings","floor":36.0,"turns":4.0},{"damage":0.0,"enemies":"2 Orb Walkers","floor":37.0,"turns":5.0},{"damage":0.0,"enemies":"4 Shapes","floor":39.0,"turns":5.0},{"damage":0.0,"enemies":"Writhing Mass","floor":42.0,"turns":5.0},{"damage":1.0,"enemies":"Sphere and 2 Shapes","floor":44.0,"turns":4.0},{"damage":0.0,"enemies":"Maw","floor":46.0,"turns":6.0},{"damage":2.0,"enemies":"Transient","floor":47.0,"turns":5.0},{"damage":60.0,"enemies":"Awakened One","floor":50.0,"turns":11.0},{"damage":72.0,"enemies":"Shield and Spear","floor":54.0,"turns":8.0},{"damage":21,"enemies":"The Heart","floor":55,"turns":9}],"seed_played":"-5757409103159074282","potions_obtained":[{"floor":6.0,"key":"SkillPotion"},{"floor":12.0,"key":"Strength Potion"},{"floor":13.0,"key":"SkillPotion"},{"floor":18.0,"key":"Strength Potion"},{"floor":21.0,"key":"Explosive Potion"},{"floor":23.0,"key":"FearPotion"},{"floor":28.0,"key":"Swift Potion"},{"floor":34.0,"key":"Energy Potion"}],"is_trial":false,"path_per_floor":["M","?","?","M","?","E","R","$","T","E","M","E","M","$","R","B",null,"M","?","M","M","M","E","R","?","T","M","E","$","M","$","R","B",null,"M","M","?","$","M","R","?","M","T","M","$","M","M","$","R","B",null,"R","$","E","B",null],"character_chosen":"THE_SILENT","items_purchased":["Infinite Blades","Backflip","Footwork","Accuracy","Apotheosis"],"campfire_rested":1,"item_purchase_floors":[8,14,45,48,48],"current_hp_per_floor":[70,70,56,56,56,56,56,56,56,42,44,36,46,46,46,47,72,60,60,62,60,47,42,42,42,42,47,46,46,46,46,69,51,85,87,87,87,87,89,89,89,89,89,90,90,90,90,90,90,42,93,93,93,35,26],"gold":101,"neow_bonus":"THREE_ENEMY_KILL","is_prod":false,"is_daily":false,"chose_seed":false,"campfire_upgraded":5,"win_rate":0,"timestamp":1546813078,"path_taken":["M","?","?","M","?","E","R","$","T","E","M","E","?","?","R","BOSS","M","?","M","M","M","E","R","?","T","?","E","$","M","$","R","BOSS","M","M","?","$","M","R","?","M","T","M","$","?","M","?","R","BOSS","R","$","E","BOSS"],"build_version":"2019-01-03v4","purchased_purges":3,"victory":true,"max_hp_per_floor":[70,70,70,70,70,70,70,70,70,70,72,72,72,72,72,72,72,74,74,76,76,76,78,78,78,78,78,78,78,78,78,78,78,85,87,87,87,87,89,89,89,89,89,91,91,91,93,93,93,93,93,93,93,95,95],"card_choices":[{"not_picked":["Dagger Spray","Heel Hook","PiercingWail"],"picked":"SKIP","floor":1.0},{"not_picked":["Dagger Spray","Heel Hook"],"picked":"PiercingWail","floor":1.0},{"not_picked":["Underhanded Strike","Poisoned Stab"],"picked":"Blade Dance","floor":4.0},{"not_picked":["PiercingWail","Terror"],"picked":"Blur","floor":6.0},{"not_picked":["PiercingWail","Masterful Stab"],"picked":"Noxious Fumes","floor":10.0},{"not_picked":["Dash","Adrenaline","Deadly Poison"],"picked":"Singing Bowl","floor":11.0},{"not_picked":["Crippling Poison","Outmaneuver"],"picked":"Blur","floor":12.0},{"not_picked":["Expertise","Dagger Throw"],"picked":"Caltrops","floor":13.0},{"not_picked":["Wraith Form v2","Unload"],"picked":"Tools of the Trade","floor":16.0},{"not_picked":["Deadly Poison+1","Poisoned Stab","Escape Plan"],"picked":"Singing Bowl","floor":18.0},{"not_picked":["Heel Hook","Quick Slash","Blur"],"picked":"Singing Bowl","floor":20.0},{"not_picked":["Concentrate","Dagger Spray"],"picked":"Accuracy+1","floor":21.0},{"not_picked":["Poisoned Stab","Infinite Blades"],"picked":"Accuracy+1","floor":22.0},{"not_picked":["All Out Attack","Deflect","Concentrate"],"picked":"Singing Bowl","floor":23.0},{"not_picked":["Infinite Blades","Deflect+1"],"picked":"Accuracy","floor":27.0},{"not_picked":["Eviscerate","Poisoned Stab"],"picked":"Leg Sweep","floor":28.0},{"not_picked":["Unload","Expertise"],"picked":"Footwork","floor":30.0},{"not_picked":["Envenom","Corpse Explosion"],"picked":"After Image","floor":33.0},{"not_picked":["Catalyst","Dodge and Roll","Blade Dance"],"picked":"Singing Bowl","floor":34.0},{"not_picked":["Dagger Spray+1","Endless Agony","Dagger Throw"],"picked":"Singing Bowl","floor":35.0},{"not_picked":["Noxious Fumes+1","Riddle With Holes+1"],"picked":"Well Laid Plans","floor":36.0},{"not_picked":["Sucker Punch","Blade Dance"],"picked":"Acrobatics+1","floor":37.0},{"not_picked":["Bane+1","Prepared","Dagger Spray"],"picked":"Singing Bowl","floor":39.0},{"not_picked":["Leg Sweep+1","Deadly Poison+1"],"picked":"Noxious Fumes","floor":42.0},{"not_picked":["Poisoned Stab","Expertise","Outmaneuver"],"picked":"Singing Bowl","floor":44.0},{"not_picked":["Blur+1","Catalyst"],"picked":"Finisher","floor":46.0},{"not_picked":["Flying Knee","Bouncing Flask+1","Grand Finale"],"picked":"Singing Bowl","floor":47.0},{"not_picked":["Distraction+1","Eviscerate+1","Dagger Throw"],"picked":"Singing Bowl","floor":54.0}],"player_experience":138735,"relics_obtained":[{"floor":6.0,"key":"Bronze Scales"},{"floor":9.0,"key":"Meat on the Bone"},{"floor":10.0,"key":"Bag of Preparation"},{"floor":12.0,"key":"Ninja Scroll"},{"floor":23.0,"key":"Mercury Hourglass"},{"floor":26.0,"key":"Letter Opener"},{"floor":28.0,"key":"Thread and Needle"},{"floor":37.0,"key":"Gambling Chip"},{"floor":54.0,"key":"Art of War"}],"event_choices":[{"damage_healed":0.0,"max_hp_gain":0.0,"max_hp_loss":0.0,"gold_gain":0.0,"event_name":"Living Wall","player_choice":"Grow","floor":2.0,"gold_loss":0.0,"damage_taken":0.0,"cards_upgraded":["Neutralize"]},{"damage_healed":0.0,"max_hp_gain":0.0,"max_hp_loss":0.0,"gold_gain":0.0,"event_name":"Shining Light","player_choice":"Entered Light","floor":3.0,"gold_loss":0.0,"damage_taken":14.0,"cards_upgraded":["Defend_G","Defend_G"]},{"damage_healed":0.0,"max_hp_gain":0.0,"max_hp_loss":0.0,"gold_gain":0.0,"event_name":"Big Fish","player_choice":"Box","floor":5.0,"gold_loss":0.0,"damage_taken":0.0,"relics_obtained":["Singing Bowl"],"cards_obtained":["Regret"]},{"damage_healed":0.0,"max_hp_gain":0.0,"max_hp_loss":0.0,"gold_gain":0.0,"event_name":"The Mausoleum","player_choice":"Opened","floor":19.0,"gold_loss":0.0,"damage_taken":0.0,"relics_obtained":["Mummified Hand"],"cards_obtained":["Writhe"]},{"cards_removed":["Strike_G"],"damage_healed":0.0,"max_hp_gain":0.0,"max_hp_loss":0.0,"gold_gain":0.0,"event_name":"Designer","player_choice":"Upgrade and Remove","floor":25.0,"gold_loss":90.0,"damage_taken":0.0,"cards_upgraded":["Backflip"]},{"damage_healed":0.0,"max_hp_gain":0.0,"max_hp_loss":0.0,"gold_gain":0.0,"event_name":"Mysterious Sphere","player_choice":"Fight","floor":37.0,"gold_loss":0.0,"damage_taken":0.0},{"damage_healed":0.0,"max_hp_gain":0.0,"max_hp_loss":0.0,"gold_gain":0.0,"cards_transformed":["Strike_G"],"event_name":"Transmorgrifier","player_choice":"Transformed","floor":41.0,"gold_loss":0.0,"damage_taken":0.0,"cards_obtained":["Bane"]}],"is_beta":false,"boss_relics":[{"not_picked":["Ectoplasm","Runic Dome"],"picked":"Ring of the Serpent"},{"not_picked":["Runic Pyramid","Philosopher\u0027s Stone"],"picked":"Tiny House"}],"items_purged_floors":[8,31,45],"is_endless":false,"potions_floor_spawned":[6,12,13,18,21,23,28,37,46],"ascension_level":0}