{"gold_per_floor":[116,140,140,17,32,32,67,67,67,106,6,24,24,49,49,49],"floor_reached":16,"playtime":401,"items_purged":["Defend_G","Strike_G"],"score":206,"play_id":"991b925c-2e4d-409c-93e9-a78e04fd1b9f","local_time":"20190212120044","is_ascension_mode":true,"campfire_choices":[{"data":"Neutralize","floor":6.0,"key":"SMITH"},{"data":"Cloak And Dagger","floor":8.0,"key":"SMITH"},{"data":"Dagger Throw","floor":15.0,"key":"SMITH"}],"neow_cost":"NONE","seed_source_timestamp":840909029089581,"circlet_count":0,"master_deck":["AscendersBane","Defend_G","Defend_G","Defend_G","Strike_G","Strike_G","Strike_G","Strike_G","Survivor","Neutralize+1","Cloak And Dagger+1","PiercingWail","Dagger Throw+1","Dagger Spray","PiercingWail","Dodge and Roll","Corpse Explosion"],"special_seed":0,"relics":["Ring of the Snake","NeowsBlessing","Anchor","Golden Idol","Darkstone Periapt","Letter Opener","Question Card"],"potions_floor_usage":[],"damage_taken":[{"damage":0.0,"enemies":"Cultist","floor":1.0,"turns":1.0},{"damage":0.0,"enemies":"2 Louse","floor":5.0,"turns":1.0},{"damage":0.0,"enemies":"Gremlin Nob","floor":7.0,"turns":1.0},{"damage":14.0,"enemies":"3 Sentries","floor":10.0,"turns":8.0},{"damage":0.0,"enemies":"Jaw Worm","floor":12.0,"turns":3.0},{"damage":1.0,"enemies":"Blue Slaver","floor":14.0,"turns":4.0},{"damage":38,"enemies":"Slime Boss","floor":16,"turns":9}],"seed_played":"6510080685922997299","potions_obtained":[{"floor":5.0,"key":"Regen Potion"},{"floor":12.0,"key":"LiquidBronze"}],"is_trial":false,"path_per_floor":["M","T","?","$","M","R","E","R","T","E","$","M","?","M","R","B"],"character_chosen":"THE_SILENT","items_purchased":["PiercingWail"],"campfire_rested":0,"item_purchase_floors":[4],"current_hp_per_floor":[63,63,46,46,46,46,46,46,46,32,32,32,25,24,24,0],"gold":49,"neow_bonus":"THREE_ENEMY_KILL","is_prod":false,"is_daily":false,"chose_seed":false,"campfire_upgraded":3,"win_rate":0,"timestamp":1550001644,"path_taken":["M","?","?","?","?","R","E","R","T","E","$","M","?","M","R","BOSS"],"build_version":"2019-01-23","purchased_purges":2,"victory":false,"max_hp_per_floor":[70,70,70,70,70,70,70,70,70,70,70,70,70,70,70,70],"card_choices":[{"not_picked":["Finisher","Underhanded Strike"],"picked":"Cloak And Dagger","floor":1.0},{"not_picked":["Expertise","Prepared"],"picked":"Dagger Throw","floor":5.0},{"not_picked":["Acrobatics","Blade Dance"],"picked":"Dagger Spray","floor":7.0},{"not_picked":["Infinite Blades","Setup"],"picked":"PiercingWail","floor":10.0},{"not_picked":["Distraction","Prepared","Slice"],"picked":"Dodge and Roll","floor":12.0},{"not_picked":["Deflect","Dodge and Roll","Poisoned Stab"],"picked":"Corpse Explosion","floor":14.0}],"player_experience":381448,"relics_obtained":[{"floor":2.0,"key":"Anchor"},{"floor":7.0,"key":"Darkstone Periapt"},{"floor":9.0,"key":"Letter Opener"},{"floor":10.0,"key":"Question Card"}],"event_choices":[{"damage_healed":0.0,"max_hp_gain":0.0,"max_hp_loss":0.0,"gold_gain":0.0,"event_name":"Golden Idol","player_choice":"Take Damage","floor":3.0,"gold_loss":0.0,"damage_taken":17.0,"relics_obtained":["Golden Idol"]},{"cards_removed":["Defend_G"],"damage_healed":0.0,"max_hp_gain":0.0,"max_hp_loss":0.0,"gold_gain":0.0,"event_name":"Golden Wing","player_choice":"Card Removal","floor":13.0,"gold_loss":0.0,"damage_taken":7.0}],"is_beta":false,"boss_relics":[],"items_purged_floors":[4,11],"is_endless":false,"potions_floor_spawned":[5,12,14],"killed_by":"Slime Boss","ascension_level":11}