{"gold_per_floor":[110,125,136,136,16,42,42,69,69,97,110,110,121,121,121,226,226,151,66,66,80,99,99,124,139,218,218,235,253,178,192,192,292,292,304,8,8],"floor_reached":37,"playtime":3270,"items_purged":["Pain","Decay"],"score":552,"play_id":"82a49029-311b-4e1a-b390-5a31d625963c","local_time":"20190323005845","is_ascension_mode":true,"campfire_choices":[{"floor":7,"key":"REST"},{"floor":12,"key":"REST"},{"floor":15,"key":"REST"},{"floor":23,"key":"REST"},{"floor":27,"key":"REST"},{"floor":32,"key":"REST"}],"neow_cost":"NONE","seed_source_timestamp":607770722416470,"circlet_count":0,"master_deck":["Strike_B+1","Defend_B","Defend_B","Defend_B","Defend_B","Zap+1","Dualcast+1","Stack","Chill","Leap","Seek","Go for the Eyes","Defragment","Echo Form","Redo+1","Capacitor+1","Coolheaded+1","RitualDagger","Loop","Coolheaded+1","Conserve Battery+1","Scrape+1","Defragment","Stack+1","Clumsy","Normality","Genetic Algorithm+1"],"relics":["Cracked Core","WarpedTongs","Bag of Marbles","Blue Candle","Toxic Egg 2","Centennial Puzzle","Astrolabe","Smiling Mask","Sundial","Bottled Flame","Calling Bell","Potion Belt","Cables","Turnip","Runic Capacitor"],"potions_floor_usage":[16,18,33],"damage_taken":[{"damage":0,"enemies":"Cultist","floor":1,"turns":3},{"damage":4,"enemies":"Jaw Worm","floor":2,"turns":4},{"damage":0,"enemies":"2 Louse","floor":3,"turns":2},{"damage":30,"enemies":"Gremlin Nob","floor":6,"turns":5},{"damage":12,"enemies":"3 Sentries","floor":8,"turns":15},{"damage":25,"enemies":"Gremlin Nob","floor":10,"turns":5},{"damage":5,"enemies":"Exordium Wildlife","floor":11,"turns":6},{"damage":4,"enemies":"Looter","floor":13,"turns":3},{"damage":25,"enemies":"Slime Boss","floor":16,"turns":7},{"damage":14,"enemies":"2 Thieves","floor":18,"turns":5},{"damage":4,"enemies":"Shell Parasite","floor":21,"turns":13},{"damage":24,"enemies":"Snake Plant","floor":22,"turns":6},{"damage":25,"enemies":"Slavers","floor":24,"turns":11},{"damage":5,"enemies":"Shelled Parasite and Fungi","floor":25,"turns":12},{"damage":10,"enemies":"Centurion and Healer","floor":28,"turns":7},{"damage":5,"enemies":"3 Cultists","floor":29,"turns":6},{"damage":0,"enemies":"Snake Plant","floor":31,"turns":4},{"damage":19,"enemies":"Champ","floor":33,"turns":13},{"damage":13,"enemies":"3 Shapes","floor":35,"turns":4},{"damage":61,"enemies":"2 Orb Walkers","floor":37,"turns":5}],"seed_played":"1540428132820851770","potions_obtained":[{"floor":6,"key":"Dexterity Potion"},{"floor":11,"key":"Poison Potion"},{"floor":13,"key":"PowerPotion"},{"floor":21,"key":"FearPotion"},{"floor":28,"key":"FearPotion"},{"floor":29,"key":"Explosive Potion"},{"floor":35,"key":"Strength Potion"}],"is_trial":false,"path_per_floor":["M","?","M","?","?","?","M","?","?"],"character_chosen":"DEFECT","items_purchased":["Leap","Runic Capacitor","Genetic Algorithm+1"],"campfire_rested":6,"item_purchase_floors":[5,36,36],"current_hp_per_floor":[68,64,64,64,64,34,56,44,44,19,14,36,32,17,39,14,60,46,46,40,36,12,34,9,4,4,26,16,11,11,11,33,14,60,47,47,0],"gold":8,"neow_bonus":"UPGRADE_CARD","is_prod":false,"is_daily":false,"chose_seed":false,"campfire_upgraded":0,"win_rate":0,"timestamp":1553317125,"path_taken":["M","M","?","?","$","E","R","E","T","E","?","R","M","?","R","BOSS","M","?","?","M","M","R","E","M","T","R","M","?","?","M","R","BOSS","M","$","?"],"build_version":"2019-01-23","purchased_purges":2,"victory":false,"max_hp_per_floor":[75,75,75,75,75,75,75,75,75,75,75,75,75,75,75,75,75,75,75,75,75,75,75,75,75,75,75,75,75,75,75,75,75,75,75,75,75],"card_choices":[{"not_picked":["Sweeping Beam","Reinforced Body"],"picked":"Stack","floor":1},{"not_picked":["Streamline","Redo","Steam"],"picked":"SKIP","floor":2},{"not_picked":["Lockon","Sweeping Beam"],"picked":"Chill","floor":3},{"not_picked":["Aggregate","Sweeping Beam","Rebound"],"picked":"SKIP","floor":6},{"not_picked":["Gash","Hologram"],"picked":"Seek","floor":8},{"not_picked":["Beam Cell","Hello World"],"picked":"Go for the Eyes","floor":10},{"not_picked":["Go for the Eyes","Blizzard"],"picked":"Defragment","floor":11},{"not_picked":["Hologram+1","Double Energy+1","Amplify+1"],"picked":"SKIP","floor":13},{"not_picked":["Rainbow+1","Meteor Strike"],"picked":"Echo Form","floor":16},{"not_picked":["Beam Cell+1","Gash"],"picked":"Coolheaded+1","floor":18},{"not_picked":["Hello World","Turbo+1"],"picked":"Loop","floor":21},{"not_picked":["Steam+1","Double Energy+1","Heatsinks"],"picked":"SKIP","floor":22},{"not_picked":["Rebound+1","Beam Cell+1"],"picked":"Coolheaded+1","floor":24},{"not_picked":["Darkness+1","Rebound"],"picked":"Conserve Battery+1","floor":25},{"not_picked":["Electrodynamics","Heatsinks"],"picked":"Scrape+1","floor":28},{"not_picked":["Hologram+1","Recycle+1"],"picked":"Defragment","floor":29},{"not_picked":["Streamline","Redo+1"],"picked":"Stack+1","floor":31},{"not_picked":["Storm+1","Melter","Chill+1"],"picked":"SKIP","floor":35}],"player_experience":910942,"relics_obtained":[{"floor":6,"key":"Bag of Marbles"},{"floor":8,"key":"Blue Candle"},{"floor":9,"key":"Toxic Egg 2"},{"floor":10,"key":"Centennial Puzzle"},{"floor":24,"key":"Sundial"},{"floor":26,"key":"Bottled Flame"},{"floor":34,"key":"Potion Belt"},{"floor":34,"key":"Cables"},{"floor":34,"key":"Turnip"}],"event_choices":[{"damage_healed":0,"gold_gain":0,"player_choice":"Rummage","damage_taken":0,"relics_obtained":["WarpedTongs"],"max_hp_gain":0,"max_hp_loss":0,"event_name":"Accursed Blacksmith","floor":4,"gold_loss":0,"cards_obtained":["Pain"]},{"damage_healed":0,"gold_gain":0,"player_choice":"Entered Light","damage_taken":15,"max_hp_gain":0,"max_hp_loss":0,"event_name":"Shining Light","floor":14,"gold_loss":0,"cards_upgraded":["Strike_B","Dualcast"]},{"damage_healed":0,"gold_gain":0,"player_choice":"Obtained Relic","damage_taken":0,"relics_obtained":["Smiling Mask"],"max_hp_gain":0,"max_hp_loss":0,"event_name":"Addict","floor":19,"gold_loss":85},{"damage_healed":0,"gold_gain":0,"player_choice":"Joined the Cult","damage_taken":6,"max_hp_gain":0,"max_hp_loss":0,"event_name":"Nest","floor":20,"gold_loss":0,"cards_obtained":["RitualDagger"]},{"cards_removed":["Aggregate"],"damage_healed":0,"gold_gain":0,"player_choice":"Gave Gold","damage_taken":0,"max_hp_gain":0,"max_hp_loss":0,"event_name":"Beggar","floor":30,"gold_loss":75},{"damage_healed":0,"gold_gain":0,"player_choice":"Fight","damage_taken":0,"max_hp_gain":0,"max_hp_loss":0,"event_name":"Mysterious Sphere","floor":37,"gold_loss":0}],"is_beta":false,"boss_relics":[{"not_picked":["Cursed Key","Ectoplasm"],"picked":"Astrolabe"},{"not_picked":["Busted Crown","White Beast Statue"],"picked":"Calling Bell"}],"items_purged_floors":[5,36],"is_endless":false,"potions_floor_spawned":[6,11,13,21,28,29,35],"killed_by":"2 Orb Walkers","ascension_level":7}