{"gold_per_floor":[113,36,36,48,68,100,100,110,110,110,110,142,142,174,174,248,248,264,56,48,48,66,66,99,14,41,54,81,96,112,172,172,243,243,259,259,52,12,28,56,56,56,56,56,56],"floor_reached":45,"playtime":3442,"items_purged":["Strike_G","Strike_G"],"score":1004,"play_id":"dc7a69cc-d84f-4327-9af3-bb1ba1074828","local_time":"20190409232632","is_ascension_mode":true,"campfire_choices":[{"floor":7.0,"key":"REST"},{"floor":10.0,"key":"REST"},{"data":"Cloak And Dagger","floor":13.0,"key":"SMITH"},{"data":"Cloak And Dagger","floor":15.0,"key":"SMITH"},{"data":"Cloak And Dagger","floor":23.0,"key":"SMITH"},{"floor":32.0,"key":"REST"},{"data":"Noxious Fumes","floor":41,"key":"SMITH"},{"data":"Noxious Fumes","floor":44,"key":"SMITH"}],"neow_cost":"NONE","seed_source_timestamp":0,"circlet_count":0,"master_deck":["AscendersBane","Defend_G","Defend_G","Defend_G","Defend_G","Defend_G","Strike_G","Strike_G","Strike_G","Survivor","Neutralize","Dash","Quick Slash","Crippling Poison","Well Laid Plans","Cloak And Dagger+1","Cloak And Dagger+1","Doppelganger","Envenom","Noxious Fumes+1","Escape Plan","Deflect","Noxious Fumes+1","Deflect","Dagger Spray","Cloak And Dagger+1","Cloak And Dagger+1","Deflect","Bullet Time","Storm of Steel","Flash of Steel"],"special_seed":0,"relics":["Ring of the Snake","NeowsBlessing","Smiling Mask","Incense Burner","Kunai","Bronze Scales","Bird Faced Urn","Orrery","Bag of Preparation","Pear","Lantern","Red Mask","Tiny Chest","WristBlade","Potion Belt","Anchor"],"potions_floor_usage":[42],"damage_taken":[{"damage":0.0,"enemies":"2 Louse","floor":1.0,"turns":1.0},{"damage":0.0,"enemies":"Cultist","floor":4.0,"turns":1.0},{"damage":0.0,"enemies":"Jaw Worm","floor":5.0,"turns":1.0},{"damage":48.0,"enemies":"Lagavulin","floor":6.0,"turns":12.0},{"damage":0.0,"enemies":"Looter","floor":8.0,"turns":4.0},{"damage":15.0,"enemies":"3 Sentries","floor":12.0,"turns":13.0},{"damage":19.0,"enemies":"Gremlin Nob","floor":14.0,"turns":4.0},{"damage":2.0,"enemies":"Hexaghost","floor":16.0,"turns":15.0},{"damage":0.0,"enemies":"3 Byrds","floor":18.0,"turns":5.0},{"damage":12.0,"enemies":"2 Thieves","floor":20.0,"turns":5.0},{"damage":15.0,"enemies":"Cultist and Chosen","floor":22.0,"turns":8.0},{"damage":27.0,"enemies":"Book of Stabbing","floor":24.0,"turns":7.0},{"damage":18.0,"enemies":"Centurion and Healer","floor":27.0,"turns":8.0},{"damage":22.0,"enemies":"Masked Bandits","floor":28.0,"turns":5.0},{"damage":7.0,"enemies":"Sentry and Sphere","floor":29.0,"turns":5.0},{"damage":3.0,"enemies":"Snecko","floor":30.0,"turns":6.0},{"damage":15.0,"enemies":"Gremlin Leader","floor":31.0,"turns":7.0},{"damage":23.0,"enemies":"Automaton","floor":33.0,"turns":11.0},{"damage":2.0,"enemies":"Orb Walker","floor":35.0,"turns":4.0},{"damage":0,"enemies":"3 Shapes","floor":39,"turns":6},{"damage":27,"enemies":"Reptomancer","floor":40,"turns":9},{"damage":15,"enemies":"Giant Head","floor":42,"turns":7},{"damage":41,"enemies":"Spire Growth","floor":45,"turns":5}],"seed_played":"3761650308982724216","potions_obtained":[{"floor":5.0,"key":"EssenceOfSteel"},{"floor":8.0,"key":"Poison Potion"},{"floor":14.0,"key":"SteroidPotion"},{"floor":29.0,"key":"Swift Potion"},{"floor":30.0,"key":"EssenceOfSteel"},{"floor":35,"key":"Fire Potion"},{"floor":38,"key":"Fire Potion"},{"floor":38,"key":"LiquidBronze"},{"floor":38,"key":"SmokeBomb"}],"is_trial":false,"path_per_floor":["?","M","?","?","?","?","?","?"],"character_chosen":"THE_SILENT","items_purchased":["Dash","Noxious Fumes","Deflect","Dagger Spray","Potion Belt"],"campfire_rested":3,"item_purchase_floors":[2,19,19,19,37],"current_hp_per_floor":[59,59,59,59,59,11,30,30,30,49,54,39,39,20,20,20,58,62,62,56,56,45,45,22,32,32,22,6,7,10,3,27,12,64,66,56,56,56,64,43,43,34,34,34,0],"gold":56,"neow_bonus":"THREE_ENEMY_KILL","is_prod":false,"is_daily":false,"chose_seed":false,"campfire_upgraded":5,"win_rate":0,"timestamp":1554866792,"path_taken":["M","$","?","M","?","E","R","M","T","R","?","E","R","E","R","BOSS","M","$","M","?","M","R","E","?","T","M","?","M","M","E","R","BOSS","M","?","$","?","M","E","R","E","T","R","M"],"build_version":"2019-01-23","purchased_purges":2,"victory":false,"max_hp_per_floor":[66,66,66,66,66,66,66,66,66,66,71,71,71,71,71,71,71,71,71,71,71,71,71,71,81,81,81,81,81,81,81,81,81,81,81,81,81,81,81,81,81,81,81,81,81],"card_choices":[{"not_picked":["PiercingWail","Underhanded Strike"],"picked":"Sucker Punch","floor":1.0},{"not_picked":["Cloak And Dagger","Masterful Stab"],"picked":"Quick Slash","floor":4.0},{"not_picked":["Acrobatics","Prepared"],"picked":"Crippling Poison","floor":5.0},{"not_picked":["Cloak And Dagger","Deflect"],"picked":"Well Laid Plans","floor":6.0},{"not_picked":["Riddle With Holes","Dodge and Roll"],"picked":"Cloak And Dagger","floor":8.0},{"not_picked":["Deadly Poison","Backflip"],"picked":"Cloak And Dagger","floor":12.0},{"not_picked":["Acrobatics","Well Laid Plans"],"picked":"Doppelganger","floor":14.0},{"not_picked":["Phantasmal Killer","Burst"],"picked":"Envenom","floor":16.0},{"not_picked":["Quick Slash","PiercingWail"],"picked":"Noxious Fumes","floor":17.0},{"not_picked":["Dagger Throw","Footwork"],"picked":"Escape Plan","floor":17.0},{"not_picked":["Acrobatics","Backflip"],"picked":"Deflect","floor":17.0},{"not_picked":["Dash","Prepared","Terror"],"picked":"SKIP","floor":18.0},{"not_picked":["Sucker Punch","Flying Knee","Outmaneuver"],"picked":"SKIP","floor":20.0},{"not_picked":["Dagger Throw+1","Bane+1"],"picked":"Cloak And Dagger+1","floor":22.0},{"not_picked":["Backflip","PiercingWail"],"picked":"Deflect","floor":24.0},{"not_picked":["Dash","Dagger Throw","Expertise"],"picked":"SKIP","floor":27.0},{"not_picked":["Poisoned Stab","Skewer"],"picked":"Bullet Time","floor":28.0},{"not_picked":["Blade Dance","Deadly Poison","Outmaneuver"],"picked":"SKIP","floor":29.0},{"not_picked":["Dagger Spray","Distraction","Poisoned Stab"],"picked":"SKIP","floor":30.0},{"not_picked":["Terror","Reflex","Predator"],"picked":"SKIP","floor":31.0},{"not_picked":["Night Terror","Burst"],"picked":"Storm of Steel","floor":33.0},{"not_picked":["Quick Slash","Acrobatics","Masterful Stab"],"picked":"SKIP","floor":35},{"not_picked":["Blind","Apotheosis"],"picked":"Flash of Steel","floor":36},{"not_picked":["Skewer","Quick Slash","Poisoned Stab"],"picked":"SKIP","floor":39},{"not_picked":["Acrobatics","Dagger Spray","Reflex"],"picked":"SKIP","floor":40}],"player_experience":1676478,"relics_obtained":[{"floor":6.0,"key":"Incense Burner"},{"floor":9.0,"key":"Kunai"},{"floor":12.0,"key":"Bronze Scales"},{"floor":14.0,"key":"Bird Faced Urn"},{"floor":24.0,"key":"Bag of Preparation"},{"floor":26.0,"key":"Lantern"},{"floor":28.0,"key":"Red Mask"},{"floor":31.0,"key":"Tiny Chest"},{"floor":40,"key":"Anchor"}],"event_choices":[{"cards_removed":["Sucker Punch"],"damage_healed":0.0,"max_hp_gain":0.0,"max_hp_loss":0.0,"gold_gain":0.0,"event_name":"WeMeetAgain","player_choice":"Gave Card","floor":3.0,"gold_loss":0.0,"damage_taken":0.0,"relics_obtained":["Smiling Mask"]},{"damage_healed":0.0,"max_hp_gain":5.0,"max_hp_loss":0.0,"gold_gain":0.0,"event_name":"Big Fish","player_choice":"Donut","floor":11.0,"gold_loss":0.0,"damage_taken":0.0},{"damage_healed":0.0,"max_hp_gain":0.0,"max_hp_loss":0.0,"gold_gain":0.0,"event_name":"The Library","player_choice":"Read","floor":21.0,"gold_loss":0.0,"damage_taken":0.0,"cards_obtained":["Cloak And Dagger"]},{"damage_healed":0.0,"max_hp_gain":0.0,"max_hp_loss":0.0,"gold_gain":0.0,"event_name":"Addict","player_choice":"Obtained Relic","floor":25.0,"gold_loss":85.0,"damage_taken":0.0,"relics_obtained":["Pear"]},{"damage_healed":0.0,"max_hp_gain":0.0,"max_hp_loss":0.0,"gold_gain":0.0,"event_name":"Masked Bandits","player_choice":"Fought Bandits","floor":28.0,"gold_loss":0.0,"damage_taken":0.0},{"damage_healed":0,"gold_gain":0,"player_choice":"Memory 3","damage_taken":10,"max_hp_gain":0,"max_hp_loss":0,"event_name":"SensoryStone","floor":36,"gold_loss":0},{"damage_healed":0,"gold_gain":0,"player_choice":"Bought 3 Potions","damage_taken":0,"max_hp_gain":0,"max_hp_loss":0,"event_name":"The Woman in Blue","floor":38,"gold_loss":0}],"is_beta":false,"boss_relics":[{"not_picked":["Velvet Choker","Philosopher\u0027s Stone"],"picked":"Orrery"},{"not_picked":["Pandora\u0027s Box","Calling Bell"],"picked":"WristBlade"}],"items_purged_floors":[19,37],"is_endless":false,"potions_floor_spawned":[5,8,12,14,18,24,29,30,31,35,39,40],"killed_by":"Spire Growth","ascension_level":17}