{"gold_per_floor":[113,113,113,126,76,76,119,194,194,228,7,7,38,61,61,191,191,211,211,224,242,51,51,71,71,71,91,129,144,169,21,21,21],"floor_reached":33,"playtime":969,"items_purged":[],"score":315,"play_id":"b958b0ad-1be4-4929-a874-164c084f8a80","local_time":"20180922231553","is_ascension_mode":true,"campfire_choices":[{"data":"Terror","floor":6,"key":"SMITH"},{"floor":12,"key":"REST"},{"data":"Glass Knife","floor":15,"key":"SMITH"},{"data":"RitualDagger","floor":23,"key":"SMITH"},{"data":"Accuracy","floor":32,"key":"SMITH"}],"neow_cost":"NONE","seed_source_timestamp":26034562924497,"circlet_count":0,"master_deck":["Defend_G","Defend_G","Defend_G","Defend_G","Defend_G","Strike_G","Strike_G","Strike_G","Strike_G","Survivor","Neutralize","Dagger Spray","Terror+1","Accuracy","Glass Knife+1","Escape Plan","Backstab","Blade Dance","Adrenaline","RitualDagger+1","Accuracy+1","Finesse","Backflip","Blade Dance+1","Backflip+1","Backflip+1"],"relics":["Ring of the Snake","NeowsBlessing","Golden Idol","Pen Nib","Mercury Hourglass","Potion Belt","Odd Mushroom","Coffee Dripper","Nloth\u0027s Gift","Toxic Egg 2","Centennial Puzzle"],"potions_floor_usage":[10,10,21,24,24,24,24,24,31,33,33],"damage_taken":[{"damage":0,"enemies":"Small Slimes","floor":1,"turns":1},{"damage":0,"enemies":"Jaw Worm","floor":4,"turns":1},{"damage":0,"enemies":"Gremlin Nob","floor":7,"turns":1},{"damage":10,"enemies":"Lagavulin","floor":10,"turns":3},{"damage":0,"enemies":"The Mushroom Lair","floor":13,"turns":2},{"damage":0,"enemies":"2 Louse","floor":14,"turns":1},{"damage":14,"enemies":"Hexaghost","floor":16,"turns":8},{"damage":0,"enemies":"3 Byrds","floor":18,"turns":3},{"damage":6,"enemies":"Chosen","floor":20,"turns":6},{"damage":24,"enemies":"Snake Plant","floor":21,"turns":4},{"damage":14,"enemies":"Sentry and Sphere","floor":24,"turns":4},{"damage":5,"enemies":"Chosen and Byrds","floor":27,"turns":4},{"damage":20,"enemies":"Book of Stabbing","floor":28,"turns":5},{"damage":0,"enemies":"Cultist and Chosen","floor":29,"turns":4},{"damage":0,"enemies":"Shelled Parasite and Fungi","floor":30,"turns":2},{"damage":20,"enemies":"Collector","floor":33,"turns":2}],"seed_played":"5024148128270355546","potions_obtained":[{"floor":4,"key":"FearPotion"},{"floor":10,"key":"Weak Potion"},{"floor":18,"key":"PowerPotion"},{"floor":21,"key":"Poison Potion"},{"floor":29,"key":"Explosive Potion"}],"is_trial":false,"path_per_floor":["M","?","?","M","$","R","E","?","T","E","$","R","?","M","R","B",null,"M","?","M","M","$","R","M","?","T","M","E","M","M","$","R"],"character_chosen":"THE_SILENT","items_purchased":["AttackPotion","Regen Potion","Potion Belt","Finesse","SkillPotion","Poison Potion","Fruit Juice","AttackPotion"],"campfire_rested":1,"item_purchase_floors":[5,11,11,22,22,22,31,31],"current_hp_per_floor":[70,53,53,53,53,53,53,42,42,32,32,53,53,53,53,39,70,70,64,58,34,34,34,32,32,32,27,7,7,7,12,12,0],"gold":21,"neow_bonus":"THREE_ENEMY_KILL","is_prod":false,"is_daily":false,"chose_seed":false,"campfire_upgraded":4,"win_rate":0,"timestamp":1537672553,"path_taken":["M","?","?","?","$","R","E","?","T","E","?","R","?","M","R","BOSS","M","?","M","M","?","R","M","?","T","?","E","M","M","$","R","BOSS"],"build_version":"2018-09-20","purchased_purges":0,"victory":false,"max_hp_per_floor":[70,70,70,70,70,70,70,70,70,70,70,70,70,70,70,70,70,70,70,70,70,70,70,70,70,70,70,70,70,70,75,75,75],"card_choices":[{"not_picked":["Dodge and Roll","Escape Plan"],"picked":"Dagger Spray","floor":1},{"not_picked":["Cloak And Dagger","Underhanded Strike"],"picked":"Accuracy","floor":4},{"not_picked":["Deadly Poison","Finisher"],"picked":"Glass Knife","floor":7},{"not_picked":["Slice","Deflect"],"picked":"Escape Plan","floor":10},{"not_picked":["Sucker Punch","Dash"],"picked":"Backstab","floor":13},{"not_picked":["Terror","Slice"],"picked":"Blade Dance","floor":14},{"not_picked":["A Thousand Cuts","Glass Knife"],"picked":"Adrenaline","floor":16},{"not_picked":["Dagger Throw","Tactician+1","Reflex"],"picked":"SKIP","floor":18},{"not_picked":["Backstab","Acrobatics"],"picked":"Accuracy","floor":20},{"not_picked":["Concentrate+1","Flying Knee+1","Bane+1"],"picked":"SKIP","floor":21},{"not_picked":["Outmaneuver","Cloak And Dagger"],"picked":"Backflip","floor":24},{"not_picked":["Noxious Fumes","Dagger Spray","Catalyst+1"],"picked":"SKIP","floor":27},{"not_picked":["Die Die Die","Riddle With Holes"],"picked":"Blade Dance+1","floor":28},{"not_picked":["Grand Finale","Underhanded Strike"],"picked":"Backflip+1","floor":29},{"not_picked":["Caltrops","Flying Knee"],"picked":"Backflip+1","floor":30}],"player_experience":271587,"relics_obtained":[{"floor":7,"key":"Pen Nib"},{"floor":9,"key":"Mercury Hourglass"},{"floor":10,"key":"Dream Catcher"},{"floor":13,"key":"Odd Mushroom"},{"floor":26,"key":"Toxic Egg 2"},{"floor":28,"key":"Centennial Puzzle"}],"event_choices":[{"event_name":"Golden Idol","player_choice":"Take Damage","floor":2,"damage_taken":0},{"event_name":"Living Wall","player_choice":"Change","floor":3,"damage_taken":0},{"event_name":"World of Goop","player_choice":"Gather Gold","floor":8,"damage_taken":0},{"event_name":"Mushrooms","player_choice":"Fought Mushrooms","floor":13,"damage_taken":0},{"event_name":"Nest","player_choice":"Joined the Cult","floor":19,"damage_taken":0},{"event_name":"N\u0027loth","player_choice":"Traded a Dream Catcher","floor":25,"damage_taken":0}],"is_beta":true,"boss_relics":[{"not_picked":["Busted Crown","Runic Pyramid"],"picked":"Coffee Dripper"}],"items_purged_floors":[],"is_endless":false,"potions_floor_spawned":[4,10,18,21,29],"killed_by":"Collector","ascension_level":1}