{"gold_per_floor":[114,134,147,164,164,189,189,364,416,366,377,391,391,391,391,391],"floor_reached":16,"playtime":881,"items_purged":[],"score":102,"play_id":"017bf734-a6e3-4885-a280-5e6ac302c818","local_time":"20190202234141","is_ascension_mode":false,"campfire_choices":[{"data":"Armaments","floor":7,"key":"SMITH"},{"data":"Infernal Blade","floor":13,"key":"SMITH"},{"data":"Infernal Blade","floor":15,"key":"SMITH"}],"neow_cost":"NONE","seed_source_timestamp":386465093741113,"circlet_count":0,"master_deck":["Strike_R","Strike_R","Strike_R","Strike_R","Defend_R","Defend_R","Defend_R","Defend_R","Bash","Infernal Blade+1","Infernal Blade+1","Armaments+1","Reckless Charge","Cleave","Rampage"],"relics":["Burning Blood"],"potions_floor_usage":[6,16,16,16,16],"damage_taken":[{"damage":0,"enemies":"2 Louse","floor":1,"turns":3},{"damage":2,"enemies":"Small Slimes","floor":2,"turns":3},{"damage":5,"enemies":"Cultist","floor":3,"turns":4},{"damage":14,"enemies":"Gremlin Gang","floor":4,"turns":7},{"damage":13,"enemies":"3 Sentries","floor":6,"turns":6},{"damage":0,"enemies":"Large Slime","floor":11,"turns":5},{"damage":6,"enemies":"Lots of Slimes","floor":12,"turns":4},{"damage":76,"enemies":"Hexaghost","floor":16,"turns":10}],"seed_played":"6054446205106094285","potions_obtained":[{"floor":1,"key":"EntropicBrew"},{"floor":2,"key":"SkillPotion"},{"floor":4,"key":"Swift Potion"}],"is_trial":false,"path_per_floor":["M","M","M","M","?","E","R","?","T","?","M","M","R","?","R","B"],"character_chosen":"IRONCLAD","items_purchased":[],"campfire_rested":0,"item_purchase_floors":[],"current_hp_per_floor":[80,80,80,72,77,70,70,70,70,70,76,76,76,76,76,0],"gold":391,"neow_bonus":"THREE_CARDS","is_prod":false,"is_daily":false,"chose_seed":false,"campfire_upgraded":3,"win_rate":0,"timestamp":1549176101,"path_taken":["M","M","M","M","?","E","R","?","T","?","M","M","R","?","R","BOSS"],"build_version":"2019-01-23","purchased_purges":0,"victory":false,"max_hp_per_floor":[80,80,80,80,85,85,85,85,85,85,85,85,85,85,85,85],"card_choices":[{"not_picked":["Whirlwind","Cleave"],"picked":"Infernal Blade","floor":0},{"not_picked":["Entrench","Evolve","Inflame"],"picked":"SKIP","floor":1},{"not_picked":["Iron Wave","Clash"],"picked":"Infernal Blade","floor":2},{"not_picked":["Evolve","Body Slam"],"picked":"Armaments","floor":3},{"not_picked":["Dropkick","True Grit"],"picked":"Reckless Charge","floor":4},{"not_picked":["Whirlwind","Body Slam"],"picked":"Cleave","floor":6},{"not_picked":["Clash","Havoc"],"picked":"Rampage","floor":11},{"not_picked":["Havoc","Headbutt","Blood for Blood"],"picked":"SKIP","floor":12}],"player_experience":1377915,"relics_obtained":[],"event_choices":[{"damage_healed":0,"gold_gain":0,"player_choice":"Donut","damage_taken":0,"max_hp_gain":5,"max_hp_loss":0,"event_name":"Big Fish","floor":5,"gold_loss":0},{"damage_healed":0,"gold_gain":175,"player_choice":"AGREE","damage_taken":0,"max_hp_gain":0,"max_hp_loss":0,"event_name":"Liars Game","floor":8,"gold_loss":0,"cards_obtained":["Doubt"]},{"cards_removed":["Strike_R"],"damage_healed":0,"gold_gain":0,"player_choice":"Card Removal","damage_taken":0,"max_hp_gain":0,"max_hp_loss":0,"event_name":"The Cleric","floor":10,"gold_loss":50},{"cards_removed":["Doubt"],"damage_healed":0,"gold_gain":0,"player_choice":"Purged","damage_taken":0,"max_hp_gain":0,"max_hp_loss":0,"event_name":"Purifier","floor":14,"gold_loss":0}],"is_beta":false,"boss_relics":[],"items_purged_floors":[],"is_endless":false,"potions_floor_spawned":[1,2,4],"killed_by":"Hexaghost","ascension_level":0}