{"gold_per_floor":[142,152,163,163,179,211,130,155,231,251,263,294,311,329,329,427,427,414,15,15,29,29,56,71,87,87,87,103,131,148,163,163,260,260,280,22,32,47,67,85,116,131,158,178,210,210,226,241,241,241,241,241,10,42,42],"floor_reached":56,"playtime":6274,"items_purged":["Clothesline","Thunderclap"],"score":1408,"play_id":"329a0c7a-77e4-495e-befa-3c50c3a93324","local_time":"20190316153354","is_ascension_mode":false,"campfire_choices":[{"data":"Flame Barrier","floor":15,"key":"SMITH"},{"data":"Armaments","floor":32,"key":"SMITH"},{"floor":46,"key":"RECALL"},{"data":"Dark Embrace","floor":49,"key":"SMITH"},{"data":"Metallicize","floor":52,"key":"SMITH"}],"neow_cost":"NONE","seed_source_timestamp":52471535367395,"circlet_count":0,"master_deck":["Bash+1","Battle Trance","Armaments+1","Anger","Uppercut","Evolve","Shrug It Off","Cleave","Headbutt","Flame Barrier+1","Shrug It Off","Anger","Demon Form","Second Wind","Dark Embrace+1","Exhume","Pummel","Sentinel","Whirlwind","Uppercut","Corruption","Metallicize+1","Metallicize","Feel No Pain","Combust","Corruption","Metallicize","Disarm","Flame Barrier","Barricade","Ghostly Armor","Havoc+1","Impervious","Body Slam+1","Fiend Fire","Flame Barrier+1","Shockwave+1","Flame Barrier","Metallicize+1","Flame Barrier","Reckless Charge"],"relics":["Burning Blood","Tiny Chest","Bird Faced Urn","Pocketwatch","The Courier","Art of War","Pandora\u0027s Box","Kunai","Gambling Chip","CultistMask","Pantograph","Snecko Eye","Frozen Egg 2","StoneCalendar","Question Card","Oddly Smooth Stone"],"potions_floor_usage":[11,18,54],"damage_taken":[{"damage":6,"enemies":"Jaw Worm","floor":1,"turns":4},{"damage":6,"enemies":"Cultist","floor":2,"turns":3},{"damage":5,"enemies":"Small Slimes","floor":3,"turns":4},{"damage":5,"enemies":"2 Fungi Beasts","floor":5,"turns":4},{"damage":31,"enemies":"Lagavulin","floor":6,"turns":7},{"damage":30,"enemies":"3 Sentries","floor":8,"turns":7},{"damage":4,"enemies":"Red Slaver","floor":10,"turns":3},{"damage":2,"enemies":"Exordium Thugs","floor":11,"turns":3},{"damage":20,"enemies":"Gremlin Nob","floor":12,"turns":4},{"damage":2,"enemies":"Looter","floor":13,"turns":3},{"damage":1,"enemies":"Blue Slaver","floor":14,"turns":4},{"damage":25,"enemies":"The Guardian","floor":16,"turns":10},{"damage":5,"enemies":"2 Thieves","floor":18,"turns":4},{"damage":0,"enemies":"3 Byrds","floor":21,"turns":1},{"damage":57,"enemies":"Gremlin Leader","floor":23,"turns":9},{"damage":3,"enemies":"Snecko","floor":24,"turns":6},{"damage":13,"enemies":"Centurion and Healer","floor":25,"turns":7},{"damage":0,"enemies":"Chosen and Byrds","floor":28,"turns":7},{"damage":11,"enemies":"Book of Stabbing","floor":29,"turns":7},{"damage":21,"enemies":"Snake Plant","floor":30,"turns":7},{"damage":17,"enemies":"Centurion and Healer","floor":31,"turns":11},{"damage":2,"enemies":"Collector","floor":33,"turns":8},{"damage":7,"enemies":"3 Shapes","floor":35,"turns":5},{"damage":0,"enemies":"Orb Walker","floor":37,"turns":7},{"damage":7,"enemies":"Transient","floor":38,"turns":5},{"damage":0,"enemies":"3 Darklings","floor":39,"turns":3},{"damage":0,"enemies":"Spire Growth","floor":40,"turns":4},{"damage":4,"enemies":"Nemesis","floor":41,"turns":7},{"damage":1,"enemies":"Maw","floor":42,"turns":5},{"damage":6,"enemies":"Transient","floor":44,"turns":5},{"damage":2,"enemies":"Reptomancer","floor":45,"turns":3},{"damage":11,"enemies":"3 Darklings","floor":47,"turns":6},{"damage":2,"enemies":"Jaw Worm Horde","floor":48,"turns":4},{"damage":23,"enemies":"Time Eater","floor":50,"turns":7},{"damage":50,"enemies":"Shield and Spear","floor":54,"turns":7},{"damage":18,"enemies":"The Heart","floor":55,"turns":8}],"seed_played":"-8441636798165492835","potions_obtained":[{"floor":2,"key":"Energy Potion"},{"floor":3,"key":"SmokeBomb"},{"floor":5,"key":"EssenceOfSteel"},{"floor":11,"key":"Swift Potion"},{"floor":18,"key":"GamblersBrew"},{"floor":21,"key":"Regen Potion"},{"floor":54,"key":"Block Potion"}],"is_trial":false,"path_per_floor":["?","$","M","?","?","$","M"],"character_chosen":"IRONCLAD","items_purchased":["Evolve","Corruption","Metallicize","Metallicize","Feel No Pain","Combust","Corruption","Metallicize","Frozen Egg 2","Metallicize+1","Flame Barrier","Reckless Charge"],"campfire_rested":0,"item_purchase_floors":[7,19,19,19,19,19,19,19,36,53,53,53],"current_hp_per_floor":[80,80,80,80,80,55,55,31,31,33,37,23,29,36,36,19,80,80,80,80,80,80,43,64,73,73,73,80,80,77,80,80,80,80,80,80,80,80,80,80,80,80,80,80,80,80,80,80,80,77,80,80,80,61,79],"gold":42,"neow_bonus":"RANDOM_COMMON_RELIC","is_prod":false,"is_daily":false,"chose_seed":false,"campfire_upgraded":4,"win_rate":0,"timestamp":1552764834,"path_taken":["M","M","M","?","M","E","?","E","T","M","M","E","M","?","R","BOSS","M","$","?","M","$","E","M","M","T","?","M","E","M","M","R","BOSS","M","?","M","M","M","M","E","M","T","M","E","R","?","M","R","BOSS","R","$","E","BOSS"],"build_version":"2019-01-23","purchased_purges":2,"victory":true,"max_hp_per_floor":[80,80,80,80,80,80,80,80,80,80,80,80,80,80,80,80,80,80,80,80,80,80,80,80,80,80,80,80,80,80,80,80,80,80,80,80,80,80,80,80,80,80,80,80,80,80,80,80,80,80,80,80,80,80,80],"card_choices":[{"not_picked":["Cleave","Seeing Red"],"picked":"Battle Trance","floor":1},{"not_picked":["Clothesline","Metallicize"],"picked":"Armaments","floor":2},{"not_picked":["Sever Soul","Body Slam","Pommel Strike"],"picked":"SKIP","floor":3},{"not_picked":["Sword Boomerang","Dual Wield"],"picked":"Anger","floor":5},{"not_picked":["Immolate","Power Through"],"picked":"Uppercut","floor":6},{"not_picked":["Havoc","Sword Boomerang"],"picked":"Shrug It Off","floor":8},{"not_picked":["Bloodletting","Thunderclap"],"picked":"Cleave","floor":10},{"not_picked":["Rampage","Cleave"],"picked":"Headbutt","floor":11},{"not_picked":["Inflame","Seeing Red"],"picked":"Flame Barrier","floor":12},{"not_picked":["Sever Soul","Headbutt"],"picked":"Shrug It Off","floor":13},{"not_picked":["Clash","Armaments"],"picked":"Anger","floor":14},{"not_picked":["Fiend Fire","Bludgeon"],"picked":"Demon Form","floor":16},{"not_picked":["Clash+1","Sword Boomerang"],"picked":"Uppercut","floor":18},{"not_picked":["Thunderclap","Perfected Strike","Dual Wield"],"picked":"SKIP","floor":21},{"not_picked":["Reckless Charge","Flex"],"picked":"Disarm","floor":23},{"not_picked":["Body Slam","Power Through","Twin Strike"],"picked":"SKIP","floor":24},{"not_picked":["Flex+1","Dual Wield"],"picked":"Flame Barrier","floor":25},{"not_picked":["Cleave","Armaments"],"picked":"Barricade","floor":28},{"not_picked":["Power Through+1","Twin Strike","Pommel Strike"],"picked":"SKIP","floor":29},{"not_picked":["Rampage","Spot Weakness+1"],"picked":"Ghostly Armor","floor":30},{"not_picked":["Seeing Red+1","Iron Wave"],"picked":"Havoc+1","floor":31},{"not_picked":["Offering","Exhume"],"picked":"Impervious","floor":33},{"not_picked":["Perfected Strike","Pommel Strike+1","Whirlwind"],"picked":"SKIP","floor":35},{"not_picked":["Armaments","Rage+1","Power Through+1"],"picked":"SKIP","floor":37},{"not_picked":["Perfected Strike","Headbutt+1","Clash"],"picked":"SKIP","floor":38},{"not_picked":["Warcry+1","Battle Trance+1","Thunderclap+1"],"picked":"SKIP","floor":39},{"not_picked":["Battle Trance+1","Twin Strike+1"],"picked":"Body Slam+1","floor":40},{"not_picked":["Anger","True Grit"],"picked":"Fiend Fire","floor":41},{"not_picked":["Body Slam+1","Wild Strike+1"],"picked":"Flame Barrier+1","floor":42},{"not_picked":["Iron Wave+1","Seeing Red+1"],"picked":"Shockwave+1","floor":44},{"not_picked":["Sword Boomerang","Body Slam+1"],"picked":"Flame Barrier","floor":45},{"not_picked":["Pummel+1","Clothesline","Searing Blow","Battle Trance+1"],"picked":"SKIP","floor":47},{"not_picked":["Metallicize+1","Ghostly Armor","Heavy Blade","Havoc+1"],"picked":"SKIP","floor":48},{"not_picked":["Limit Break","Anger","Shockwave","Blood for Blood"],"picked":"SKIP","floor":54}],"player_experience":682744,"relics_obtained":[{"floor":6,"key":"Bird Faced Urn"},{"floor":8,"key":"Pocketwatch"},{"floor":9,"key":"The Courier"},{"floor":12,"key":"Art of War"},{"floor":23,"key":"Kunai"},{"floor":26,"key":"Gambling Chip"},{"floor":29,"key":"Pantograph"},{"floor":41,"key":"StoneCalendar"},{"floor":45,"key":"Question Card"},{"floor":54,"key":"Oddly Smooth Stone"}],"event_choices":[{"damage_healed":0,"gold_gain":0,"player_choice":"Upgraded","damage_taken":0,"max_hp_gain":0,"max_hp_loss":0,"event_name":"Upgrade Shrine","floor":4,"gold_loss":0,"cards_upgraded":["Bash"]},{"cards_removed":["Heavy Blade"],"damage_healed":0,"gold_gain":0,"player_choice":"Elegance","damage_taken":0,"max_hp_gain":0,"max_hp_loss":0,"event_name":"Back to Basics","floor":20,"gold_loss":0},{"damage_healed":0,"gold_gain":0,"player_choice":"Trade","damage_taken":0,"relics_obtained":["CultistMask"],"max_hp_gain":0,"max_hp_loss":0,"event_name":"FaceTrader","floor":27,"gold_loss":0}],"is_beta":false,"boss_relics":[{"not_picked":["Busted Crown","Cursed Key"],"picked":"Pandora\u0027s Box"},{"not_picked":["Black Blood","White Beast Statue"],"picked":"Snecko Eye"}],"items_purged_floors":[36,53],"is_endless":false,"potions_floor_spawned":[2,3,5,8,11,18,21,23,25,30,31,35,41,44,47,54],"ascension_level":0}