{"gold_per_floor":[359,373,383,14,14,14,32,32,32,51,51,51,71,71],"floor_reached":14,"playtime":324,"items_purged":["Doubt"],"score":101,"play_id":"8e13de30-4ff6-43cb-8847-c6a061aca7ce","local_time":"20181007115803","is_ascension_mode":true,"campfire_choices":[{"floor":6,"key":"DIG"},{"floor":12,"key":"DIG"}],"neow_cost":"CURSE","seed_source_timestamp":148121851004913,"circlet_count":0,"master_deck":["Strike_B","Strike_B","Strike_B","Strike_B","Defend_B","Defend_B","Defend_B","Defend_B","Zap","Dualcast","Ball Lightning","Consume","Loop","Regret","Self Repair","Leap"],"relics":["Cracked Core","Shovel","Letter Opener","Gremlin Horn","Pear","Kunai"],"potions_floor_usage":[11,11,11,14],"damage_taken":[{"damage":1,"enemies":"Cultist","floor":1,"turns":4},{"damage":7,"enemies":"Jaw Worm","floor":2,"turns":3},{"damage":0,"enemies":"Small Slimes","floor":3,"turns":3},{"damage":37,"enemies":"Gremlin Gang","floor":7,"turns":4},{"damage":19,"enemies":"Looter","floor":10,"turns":3},{"damage":17,"enemies":"Gremlin Nob","floor":11,"turns":3},{"damage":9,"enemies":"Exordium Wildlife","floor":13,"turns":4},{"damage":25,"enemies":"Gremlin Gang","floor":14,"turns":1}],"seed_played":"-6499786710845384361","potions_obtained":[{"floor":7,"key":"Regen Potion"},{"floor":8,"key":"FearPotion"},{"floor":8,"key":"SmokeBomb"},{"floor":13,"key":"Swift Potion"}],"is_trial":false,"path_per_floor":["M","M","M","$","?","R","M","?","T","M","E","R","M"],"character_chosen":"DEFECT","items_purchased":["Shovel"],"campfire_rested":0,"item_purchase_floors":[4],"current_hp_per_floor":[74,67,67,67,67,67,30,30,40,28,27,27,25,0],"gold":71,"neow_bonus":"TWO_FIFTY_GOLD","is_prod":false,"is_daily":false,"chose_seed":false,"campfire_upgraded":0,"win_rate":0,"timestamp":1538927883,"path_taken":["M","M","M","$","?","R","M","?","T","M","E","R","?","M"],"build_version":"2018-10-04","purchased_purges":1,"victory":false,"max_hp_per_floor":[75,75,75,75,75,75,75,75,85,85,85,85,85,85],"card_choices":[{"not_picked":["Streamline","Turbo"],"picked":"Ball Lightning","floor":1},{"not_picked":["Streamline","Double Energy"],"picked":"Consume","floor":2},{"not_picked":["Sunder","Beam Cell"],"picked":"Loop","floor":3},{"not_picked":["Conserve Battery","Chaos"],"picked":"Self Repair","floor":7},{"not_picked":["Hello World","Sunder","Storm"],"picked":"SKIP","floor":10},{"not_picked":["Redo","Barrage"],"picked":"Leap","floor":13}],"player_experience":317897,"relics_obtained":[{"floor":6,"key":"Gremlin Horn"},{"floor":9,"key":"Pear"},{"floor":12,"key":"Kunai"}],"event_choices":[{"event_name":"Big Fish","player_choice":"Box","floor":5,"damage_taken":0},{"event_name":"The Lab","player_choice":"Got Potions","floor":8,"damage_taken":0}],"is_beta":true,"boss_relics":[],"items_purged_floors":[4],"is_endless":false,"potions_floor_spawned":[7,11,13],"killed_by":"Gremlin Gang","ascension_level":2}