{"gold_per_floor":[114,289,299,249,249,249,269,289,314,7,26,38,64,64,64,169,169,189,189,189,206,219,219,231,231,255,180,180,140,140,158,158,158],"floor_reached":33,"playtime":1023,"items_purged":[],"score":237,"play_id":"ea80cd8f-6412-4a11-a3af-1720780d4d23","local_time":"20190204170220","is_ascension_mode":false,"campfire_choices":[{"data":"True Grit","floor":6.0,"key":"SMITH"},{"data":"Infernal Blade","floor":15.0,"key":"SMITH"},{"floor":23.0,"key":"REST"},{"floor":25,"key":"REST"},{"data":"Metamorphosis","floor":30,"key":"SMITH"},{"floor":32,"key":"REST"}],"neow_cost":"NONE","seed_source_timestamp":535129990185145,"circlet_count":0,"master_deck":["Strike_R","Strike_R","Strike_R","Strike_R","Defend_R","Defend_R","Defend_R","Defend_R","Bash+1","Flame Barrier","True Grit+1","Shrug It Off","Spot Weakness","Metamorphosis+1","Rage","Iron Wave","Infernal Blade+1","Impervious","Feed","Wild Strike+1","Shrug It Off+1","Dual Wield","Power Through","Infernal Blade+1"],"special_seed":0,"relics":["Burning Blood"],"potions_floor_usage":[31,33,33,33],"damage_taken":[{"damage":6.0,"enemies":"Cultist","floor":1.0,"turns":3.0},{"damage":5.0,"enemies":"Small Slimes","floor":3.0,"turns":4.0},{"damage":2.0,"enemies":"2 Louse","floor":7.0,"turns":4.0},{"damage":7.0,"enemies":"Blue Slaver","floor":8.0,"turns":5.0},{"damage":1.0,"enemies":"Looter","floor":11.0,"turns":3.0},{"damage":6.0,"enemies":"3 Louse","floor":12.0,"turns":3.0},{"damage":24.0,"enemies":"The Guardian","floor":16.0,"turns":9.0},{"damage":15.0,"enemies":"2 Thieves","floor":18.0,"turns":4.0},{"damage":14.0,"enemies":"Shell Parasite","floor":21.0,"turns":5.0},{"damage":29.0,"enemies":"Snake Plant","floor":22.0,"turns":4.0},{"damage":33,"enemies":"Centurion and Healer","floor":24,"turns":7},{"damage":36,"enemies":"3 Cultists","floor":31,"turns":6},{"damage":88,"enemies":"Champ","floor":33,"turns":20}],"seed_played":"8998172917895192181","potions_obtained":[{"floor":1.0,"key":"Block Potion"},{"floor":7.0,"key":"Explosive Potion"},{"floor":16.0,"key":"AttackPotion"},{"floor":29,"key":"Explosive Potion"},{"floor":29,"key":"PowerPotion"},{"floor":29,"key":"Fire Potion"},{"floor":31,"key":"SkillPotion"}],"is_trial":false,"path_per_floor":["M","?","M","?","?","R","M","M","T","$","M","M","T","?","R","B",null,"M","?","?","M","M","R","M","R","T","?","T","?","R","M","R","B"],"character_chosen":"IRONCLAD","items_purchased":["Metamorphosis","Rage","Iron Wave"],"campfire_rested":3,"item_purchase_floors":[10,10,10],"current_hp_per_floor":[80,80,80,80,85,85,85,84,84,84,85,85,85,85,85,67,85,76,76,76,68,48,74,47,73,73,73,73,73,73,46,73,0],"gold":158,"neow_bonus":"UPGRADE_CARD","is_prod":false,"is_daily":false,"chose_seed":false,"campfire_upgraded":3,"win_rate":0,"timestamp":1549324940,"path_taken":["M","?","M","?","?","R","M","M","T","?","M","M","?","?","R","BOSS","M","?","?","M","?","R","M","R","T","?","?","?","R","M","R","BOSS"],"build_version":"2019-01-23","purchased_purges":0,"victory":false,"max_hp_per_floor":[80,80,80,80,85,85,85,85,85,85,85,85,85,85,85,85,85,85,85,85,85,88,88,88,88,88,88,88,88,88,91,91,91],"card_choices":[{"not_picked":["Heavy Blade","Corruption"],"picked":"Flame Barrier","floor":1.0},{"not_picked":["Bloodletting","Headbutt"],"picked":"True Grit","floor":3.0},{"not_picked":["Sword Boomerang","Anger"],"picked":"Shrug It Off","floor":7.0},{"not_picked":["Rampage","Body Slam"],"picked":"Spot Weakness","floor":8.0},{"not_picked":["Sever Soul","Body Slam"],"picked":"Infernal Blade","floor":11.0},{"not_picked":["Wild Strike","Warcry"],"picked":"Impervious","floor":12.0},{"not_picked":["Exhume","Dark Embrace"],"picked":"Feed","floor":16.0},{"not_picked":["Sword Boomerang","Burning Pact"],"picked":"Wild Strike+1","floor":18.0},{"not_picked":["Spot Weakness+1","Wild Strike"],"picked":"Shrug It Off+1","floor":21.0},{"not_picked":["Clothesline","Body Slam"],"picked":"Dual Wield","floor":22.0},{"not_picked":["Pommel Strike","Wild Strike"],"picked":"Power Through","floor":24},{"not_picked":["Offering","Rage"],"picked":"Infernal Blade+1","floor":31}],"player_experience":1389055,"relics_obtained":[],"event_choices":[{"damage_healed":0.0,"max_hp_gain":0.0,"max_hp_loss":0.0,"gold_gain":175.0,"event_name":"Liars Game","player_choice":"AGREE","floor":2.0,"gold_loss":0.0,"damage_taken":0.0,"cards_obtained":["Doubt"]},{"cards_removed":["Doubt"],"damage_healed":0.0,"max_hp_gain":0.0,"max_hp_loss":0.0,"gold_gain":0.0,"event_name":"The Cleric","player_choice":"Card Removal","floor":4.0,"gold_loss":50.0,"damage_taken":0.0},{"damage_healed":0.0,"max_hp_gain":5.0,"max_hp_loss":0.0,"gold_gain":0.0,"event_name":"Big Fish","player_choice":"Donut","floor":5.0,"gold_loss":0.0,"damage_taken":0.0},{"damage_healed":0.0,"max_hp_gain":0.0,"max_hp_loss":0.0,"gold_gain":0.0,"event_name":"Dead Adventurer","player_choice":"Searched \u00270\u0027 times","floor":14.0,"gold_loss":0.0,"damage_taken":0.0},{"damage_healed":0.0,"max_hp_gain":0.0,"max_hp_loss":0.0,"gold_gain":0.0,"cards_transformed":["Strike_R"],"event_name":"Transmorgrifier","player_choice":"Transformed","floor":20.0,"gold_loss":0.0,"damage_taken":0.0,"cards_obtained":["Searing Blow"]},{"cards_removed":["Searing Blow"],"damage_healed":0,"gold_gain":0,"player_choice":"Gave Gold","damage_taken":0,"max_hp_gain":0,"max_hp_loss":0,"event_name":"Beggar","floor":27,"gold_loss":75},{"damage_healed":0,"gold_gain":0,"player_choice":"Bought 3 Potions","damage_taken":0,"max_hp_gain":0,"max_hp_loss":0,"event_name":"The Woman in Blue","floor":29,"gold_loss":0}],"is_beta":false,"boss_relics":[{"not_picked":["Cursed Key","Coffee Dripper","Black Star"]}],"items_purged_floors":[],"is_endless":false,"potions_floor_spawned":[1,7,16,31],"killed_by":"Champ","ascension_level":0}