{"gold_per_floor":[118,137,137,12,25,25,38,38,38,61,31,48,59,70,70,166,166,177,177,188,205,221,221,240,250,250,250,250,250,9,9],"floor_reached":31,"playtime":1189,"items_purged":["Normality","Strike_R"],"score":281,"play_id":"adca9753-b652-4fbf-95ab-9ff9597fc86a","local_time":"20190216104111","is_ascension_mode":false,"campfire_choices":[{"data":"Armaments","floor":6.0,"key":"SMITH"},{"data":"Feed","floor":15.0,"key":"SMITH"},{"floor":23.0,"key":"REST"}],"neow_cost":"CURSE","seed_source_timestamp":59740667556959,"circlet_count":0,"master_deck":["Strike_R","Strike_R","Strike_R","Defend_R","Defend_R","Defend_R","Defend_R","Bash","Feed+1","True Grit","Exhume+1","Armaments+1","Shockwave","Rampage","Seeing Red","Limit Break","Headbutt+1","Warcry","Flex","Havoc+1","Havoc+1","Spot Weakness","Exhume"],"special_seed":0,"relics":["Burning Blood"],"potions_floor_usage":[24,24],"damage_taken":[{"damage":4.0,"enemies":"2 Louse","floor":1.0,"turns":3.0},{"damage":6.0,"enemies":"Cultist","floor":2.0,"turns":3.0},{"damage":8.0,"enemies":"Jaw Worm","floor":5.0,"turns":4.0},{"damage":3.0,"enemies":"2 Fungi Beasts","floor":7.0,"turns":4.0},{"damage":11.0,"enemies":"Lots of Slimes","floor":12.0,"turns":6.0},{"damage":4.0,"enemies":"Exordium Wildlife","floor":13.0,"turns":4.0},{"damage":9.0,"enemies":"Red Slaver","floor":14.0,"turns":5.0},{"damage":54.0,"enemies":"Hexaghost","floor":16.0,"turns":11.0},{"damage":51.0,"enemies":"Spheric Guardian","floor":18.0,"turns":8.0},{"damage":15.0,"enemies":"3 Byrds","floor":20.0,"turns":9.0},{"damage":36.0,"enemies":"Snake Plant","floor":21.0,"turns":6.0},{"damage":17.0,"enemies":"Chosen and Byrds","floor":22.0,"turns":6.0},{"damage":20,"enemies":"Cultist and Chosen","floor":24,"turns":6},{"damage":45,"enemies":"Snake Plant","floor":25,"turns":6},{"damage":39,"enemies":"3 Cultists","floor":31,"turns":4}],"seed_played":"7171770850493060646","potions_obtained":[{"floor":7.0,"key":"SteroidPotion"},{"floor":11.0,"key":"LiquidBronze"},{"floor":11.0,"key":"Strength Potion"},{"floor":13.0,"key":"SmokeBomb"},{"floor":16.0,"key":"Strength Potion"},{"floor":18.0,"key":"Strength Potion"},{"floor":19.0,"key":"Fruit Juice"},{"floor":19.0,"key":"SkillPotion"},{"floor":19.0,"key":"AttackPotion"},{"floor":21.0,"key":"Regen Potion"},{"floor":22.0,"key":"SkillPotion"}],"is_trial":false,"path_per_floor":["M","M","?","$","M","R","M","?","T","T","?","M","M","M","R","B",null,"M","?","M","M","M","R","M","M","T","?","?","?","$","M"],"character_chosen":"IRONCLAD","items_purchased":["Armaments","Exhume"],"campfire_rested":1,"item_purchase_floors":[4,30],"current_hp_per_floor":[83,86,86,86,87,87,97,97,97,97,97,98,106,103,103,55,109,64,69,68,42,46,83,69,34,34,34,34,34,34,0],"gold":9,"neow_bonus":"THREE_RARE_CARDS","is_prod":false,"is_daily":false,"chose_seed":false,"campfire_upgraded":2,"win_rate":0,"timestamp":1550338871,"path_taken":["M","M","?","$","M","R","?","?","T","?","?","M","M","?","R","BOSS","M","?","?","M","M","R","?","M","T","?","?","?","$","M"],"build_version":"2019-01-23","purchased_purges":2,"victory":false,"max_hp_per_floor":[83,86,86,86,89,89,97,97,97,97,97,103,109,109,109,109,109,109,114,122,126,126,126,126,130,130,130,130,130,130,134],"card_choices":[{"not_picked":["Impervious","Fiend Fire"],"picked":"Feed","floor":0.0},{"not_picked":["Sword Boomerang","Thunderclap"],"picked":"True Grit","floor":1.0},{"not_picked":["Pommel Strike","Wild Strike"],"picked":"Exhume","floor":2.0},{"not_picked":["Clothesline","Thunderclap"],"picked":"Shockwave","floor":5.0},{"not_picked":["Whirlwind","Havoc","Clash"],"picked":"SKIP","floor":7.0},{"not_picked":["Havoc","Fire Breathing","Sword Boomerang"],"picked":"SKIP","floor":12.0},{"not_picked":["Cleave","Reckless Charge"],"picked":"Rampage","floor":13.0},{"not_picked":["Wild Strike","Clash"],"picked":"Seeing Red","floor":14.0},{"not_picked":["Dark Embrace","Barricade"],"picked":"Limit Break","floor":16.0},{"not_picked":["Body Slam","Havoc"],"picked":"Headbutt+1","floor":18.0},{"not_picked":["Clash","Iron Wave"],"picked":"Warcry","floor":20.0},{"not_picked":["Searing Blow","Shockwave"],"picked":"Flex","floor":21.0},{"not_picked":["Warcry","Clash"],"picked":"Havoc+1","floor":22.0},{"not_picked":["Thunderclap","Wild Strike"],"picked":"Havoc+1","floor":24},{"not_picked":["Berserk","Clothesline+1"],"picked":"Spot Weakness","floor":25}],"player_experience":1494930,"relics_obtained":[],"event_choices":[{"damage_healed":0.0,"max_hp_gain":0.0,"max_hp_loss":0.0,"gold_gain":0.0,"event_name":"Upgrade Shrine","player_choice":"Upgraded","floor":3.0,"gold_loss":0.0,"damage_taken":0.0,"cards_upgraded":["Exhume"]},{"damage_healed":0.0,"max_hp_gain":0.0,"max_hp_loss":0.0,"gold_gain":0.0,"event_name":"Dead Adventurer","player_choice":"Searched \u00270\u0027 times","floor":8.0,"gold_loss":0.0,"damage_taken":0.0},{"damage_healed":0.0,"max_hp_gain":0.0,"max_hp_loss":0.0,"gold_gain":0.0,"event_name":"The Woman in Blue","player_choice":"Bought 2 Potions","floor":11.0,"gold_loss":0.0,"damage_taken":0.0},{"damage_healed":0.0,"max_hp_gain":0.0,"max_hp_loss":0.0,"gold_gain":0.0,"event_name":"Lab","player_choice":"Got Potions","floor":19.0,"gold_loss":0.0,"damage_taken":0.0},{"damage_healed":0,"gold_gain":0,"player_choice":"Ignored","damage_taken":0,"max_hp_gain":0,"max_hp_loss":0,"event_name":"Cursed Tome","floor":27,"gold_loss":0},{"damage_healed":0,"gold_gain":0,"player_choice":"Ignored","damage_taken":0,"max_hp_gain":0,"max_hp_loss":0,"event_name":"The Mausoleum","floor":28,"gold_loss":0},{"cards_removed":["Strike_R"],"damage_healed":0,"gold_gain":0,"player_choice":"Elegance","damage_taken":0,"max_hp_gain":0,"max_hp_loss":0,"event_name":"Back to Basics","floor":29,"gold_loss":0}],"is_beta":false,"boss_relics":[{"not_picked":["Eternal Feather","Snecko Eye","Orrery"]}],"items_purged_floors":[4,30],"is_endless":false,"potions_floor_spawned":[7,13,16,18,21,22],"killed_by":"3 Cultists","ascension_level":0}