{"gold_per_floor":[119,134,54,69,85,85,133,153,153,153,170,170,195,211,211,309,309,328,257,172,191,191,206,224,242,242,42,62,75,89,107,107,107],"floor_reached":33,"playtime":4158,"items_purged":[],"score":282,"play_id":"79f7ce76-9422-4f0d-b773-d72ef3b12eea","local_time":"20181024231300","is_ascension_mode":false,"campfire_choices":[{"data":"Reinforced Body","floor":6,"key":"SMITH"},{"data":"Buffer","floor":12,"key":"SMITH"},{"data":"Rebound","floor":15,"key":"SMITH"},{"floor":32,"key":"REST"}],"neow_cost":"NONE","seed_source_timestamp":1225907420147284,"circlet_count":0,"master_deck":["Strike_B","Strike_B","Strike_B","Defend_B+1","Defend_B","Defend_B","Defend_B","Zap","Dualcast","Undo","Reinforced Body+1","Gash","Static Discharge","Cold Snap+1","Buffer+1","Rebound+1","Gash","Melter","Go for the Eyes","All For One+1","Steam+1","Self Repair","Beam Cell","Rebound","Leap+1","Self Repair+1","Conserve Battery","Go for the Eyes","BootSequence","Buffer","Beam Cell"],"relics":["Cracked Core","Pen Nib","PreservedInsect","Oddly Smooth Stone","Eternal Feather","Potion Belt","War Paint","Whetstone"],"potions_floor_usage":[4,16,16,18,23,23,24,30,33],"damage_taken":[{"damage":0,"enemies":"Cultist","floor":1,"turns":3},{"damage":2,"enemies":"Small Slimes","floor":2,"turns":4},{"damage":0,"enemies":"2 Louse","floor":4,"turns":2},{"damage":17,"enemies":"Exordium Thugs","floor":5,"turns":5},{"damage":13,"enemies":"3 Louse","floor":8,"turns":3},{"damage":0,"enemies":"Red Slaver","floor":11,"turns":4},{"damage":0,"enemies":"Gremlin Nob","floor":13,"turns":4},{"damage":0,"enemies":"Blue Slaver","floor":14,"turns":3},{"damage":19,"enemies":"The Guardian","floor":16,"turns":12},{"damage":11,"enemies":"Spheric Guardian","floor":18,"turns":5},{"damage":2,"enemies":"Chosen","floor":21,"turns":5},{"damage":9,"enemies":"Shelled Parasite and Fungi","floor":23,"turns":5},{"damage":26,"enemies":"3 Cultists","floor":24,"turns":7},{"damage":16,"enemies":"Snake Plant","floor":25,"turns":3},{"damage":14,"enemies":"Centurion and Healer","floor":28,"turns":7},{"damage":14,"enemies":"Snecko","floor":29,"turns":6},{"damage":3,"enemies":"Snake Plant","floor":30,"turns":8},{"damage":8,"enemies":"Centurion and Healer","floor":31,"turns":8},{"damage":81,"enemies":"Collector","floor":33,"turns":6}],"seed_played":"2855548982859742011","potions_obtained":[{"floor":1,"key":"SkillPotion"},{"floor":8,"key":"Block Potion"},{"floor":13,"key":"Swift Potion"},{"floor":14,"key":"GamblersBrew"},{"floor":21,"key":"Fire Potion"},{"floor":23,"key":"EssenceOfSteel"},{"floor":29,"key":"SpeedPotion"},{"floor":31,"key":"Fruit Juice"}],"is_trial":false,"path_per_floor":["M","M","$","M","M","R","T","M","T","?","M","R","E","M","R","B",null,"M","$","?","M","?","M","M","M","T","$","M","M","M","M","R"],"character_chosen":"DEFECT","items_purchased":["Static Discharge","Self Repair","Conserve Battery","Whetstone"],"campfire_rested":1,"item_purchase_floors":[3,19,27,27],"current_hp_per_floor":[75,73,73,73,56,56,56,43,43,68,68,68,68,68,68,49,75,64,64,64,69,55,53,34,18,18,18,21,24,31,40,75,0],"gold":107,"neow_bonus":"TRANSFORM_CARD","is_prod":false,"is_daily":false,"chose_seed":false,"campfire_upgraded":3,"win_rate":0,"timestamp":1540444380,"path_taken":["M","M","$","M","?","R","?","M","T","?","M","R","E","M","R","BOSS","M","$","?","?","?","M","M","M","T","$","?","M","M","M","R","BOSS"],"build_version":"2018-10-18","purchased_purges":0,"victory":false,"max_hp_per_floor":[75,75,75,75,75,75,75,75,75,75,75,75,75,75,75,75,75,75,75,75,75,75,75,75,75,75,75,75,75,75,75,75,80],"card_choices":[{"not_picked":["Skim","Steam"],"picked":"Reinforced Body","floor":1},{"not_picked":["Coolheaded","Capacitor"],"picked":"Gash","floor":2},{"not_picked":["Barrage","Fusion"],"picked":"Cold Snap","floor":4},{"not_picked":["Streamline","FTL"],"picked":"Buffer","floor":5},{"not_picked":["Leap","Compile Driver"],"picked":"Rebound","floor":8},{"not_picked":["Turbo","Go for the Eyes"],"picked":"Gash","floor":11},{"not_picked":["Meteor Strike","FTL"],"picked":"Melter","floor":13},{"not_picked":["Stack","Lockon"],"picked":"Go for the Eyes","floor":14},{"not_picked":["Echo Form","Hyperbeam"],"picked":"All For One","floor":16},{"not_picked":["Sweeping Beam","Coolheaded"],"picked":"Steam","floor":18},{"not_picked":["Glacier","Turbo"],"picked":"Beam Cell","floor":21},{"not_picked":["Leap+1","Heatsinks"],"picked":"Rebound","floor":23},{"not_picked":["Stack","Cold Snap+1"],"picked":"Leap+1","floor":24},{"not_picked":["Go for the Eyes","Sweeping Beam"],"picked":"Self Repair+1","floor":25},{"not_picked":["Leap","Compile Driver+1"],"picked":"Go for the Eyes","floor":28},{"not_picked":["Reprogram","Sweeping Beam"],"picked":"BootSequence","floor":29},{"not_picked":["Compile Driver","Hologram+1"],"picked":"Buffer","floor":30},{"not_picked":["Steam","Steam Power"],"picked":"Beam Cell","floor":31}],"player_experience":815675,"relics_obtained":[{"floor":7,"key":"Pen Nib"},{"floor":9,"key":"PreservedInsect"},{"floor":13,"key":"Oddly Smooth Stone"},{"floor":26,"key":"War Paint"}],"event_choices":[{"damage_healed":25,"gold_gain":0,"player_choice":"Banana","damage_taken":0,"max_hp_gain":0,"max_hp_loss":0,"event_name":"Big Fish","floor":10,"gold_loss":0},{"damage_healed":0,"gold_gain":0,"player_choice":"Obtained Relic","damage_taken":0,"relics_obtained":["Potion Belt"],"max_hp_gain":0,"max_hp_loss":0,"event_name":"Addict","floor":20,"gold_loss":85},{"damage_healed":0,"gold_gain":0,"player_choice":"POTION ","damage_taken":14,"max_hp_gain":0,"max_hp_loss":0,"event_name":"Knowing Skull","floor":22,"potions_obtained":["SpeedPotion"],"gold_loss":0,"cards_obtained":[]}],"is_beta":false,"boss_relics":[{"not_picked":["Pandora\u0027s Box","Empty Cage"],"picked":"Eternal Feather"}],"items_purged_floors":[],"is_endless":false,"potions_floor_spawned":[1,8,13,14,21,23,29,31],"killed_by":"Collector","ascension_level":0}