{"gold_per_floor":[117,69,34,51,126,126,141,151,176,196,213,213,232,257,257,360,360,332,95,0,0,0,0],"floor_reached":23,"playtime":3091,"items_purged":[],"score":191,"play_id":"82fc3bab-f58f-412c-be1d-6393da517f97","local_time":"20180727141157","is_ascension_mode":false,"campfire_choices":[{"data":"Iron Wave","floor":6,"key":"SMITH"},{"floor":12,"key":"REST"},{"data":"Barricade","floor":15,"key":"SMITH"}],"neow_cost":"","seed_source_timestamp":70656787075204,"circlet_count":0,"master_deck":["Strike_R","Strike_R","Strike_R","Strike_R","Strike_R","Defend_R","Defend_R","Defend_R","Defend_R","Bash","Clothesline","Flex","Iron Wave+1","Battle Trance","Shrug It Off","Barricade+1","Cleave","Shrug It Off","Pommel Strike","Feed","Shrug It Off","Dropkick","Thunderclap","Swift Strike","Iron Wave+1"],"relics":["Burning Blood","Potion Belt","Ancient Tea Set","Mark of Pain"],"potions_floor_usage":[],"damage_taken":[{"damage":9,"enemies":"2 Louse","floor":1,"turns":3},{"damage":6,"enemies":"Jaw Worm","floor":4,"turns":4},{"damage":0,"enemies":"Small Slimes","floor":7,"turns":3},{"damage":31,"enemies":"Gremlin Gang","floor":8,"turns":8},{"damage":19,"enemies":"3 Louse","floor":10,"turns":4},{"damage":7,"enemies":"Blue Slaver","floor":11,"turns":6},{"damage":7,"enemies":"Looter","floor":13,"turns":4},{"damage":9,"enemies":"3 Sentries","floor":14,"turns":10},{"damage":58,"enemies":"The Guardian","floor":16,"turns":24},{"damage":23,"enemies":"2 Thieves","floor":18,"turns":5},{"damage":69,"enemies":"Gremlin Leader","floor":23,"turns":7}],"seed_played":"-6525420195542544499","potions_obtained":[{"floor":7,"key":"BloodPotion"},{"floor":11,"key":"Strength Potion"},{"floor":13,"key":"Weak Potion"},{"floor":16,"key":"BloodPotion"}],"is_trial":false,"path_per_floor":["M","$","?","M","?","R","M","M","T","M","M","R","M","E","R","B",null,"M","$","?","?","?"],"character_chosen":"IRONCLAD","items_purchased":["Flex","Dropkick","Thunderclap","Swift Strike"],"campfire_rested":1,"item_purchase_floors":[2,19,19,19],"current_hp_per_floor":[77,77,80,80,72,72,78,53,53,40,39,63,62,59,59,7,80,63,63,63,63,63,0],"gold":0,"neow_bonus":"","is_prod":false,"is_daily":false,"chose_seed":false,"campfire_upgraded":2,"win_rate":0.0,"timestamp":1532722317,"path_taken":["M","$","?","M","?","R","M","M","T","M","M","R","M","E","R","BOSS","M","$","?","?","?","E"],"build_version":"2018-07-26","purchased_purges":0,"victory":false,"max_hp_per_floor":[80,80,80,80,80,80,80,80,80,80,80,80,80,80,80,80,80,80,80,80,80,80,80],"card_choices":[{"not_picked":["Clash","Twin Strike"],"picked":"Clothesline","floor":1},{"not_picked":["Armaments","Disarm"],"picked":"Iron Wave","floor":4},{"not_picked":["Iron Wave","Anger"],"picked":"Battle Trance","floor":7},{"not_picked":["Clash","Shockwave"],"picked":"Shrug It Off","floor":8},{"not_picked":["Twin Strike","Shrug It Off"],"picked":"Barricade","floor":10},{"not_picked":["Shrug It Off","Sever Soul"],"picked":"Cleave","floor":11},{"not_picked":["Warcry","Bloodletting"],"picked":"Shrug It Off","floor":13},{"not_picked":["Fiend Fire","Shrug It Off"],"picked":"Pommel Strike","floor":14},{"not_picked":["Brutality","Berserk"],"picked":"Feed","floor":16},{"not_picked":["Clothesline","Warcry"],"picked":"Shrug It Off","floor":18}],"player_experience":0,"relics_obtained":[{"floor":9,"key":"Potion Belt"},{"floor":14,"key":"Ancient Tea Set"}],"event_choices":[{"event_name":"The Cleric","player_choice":"Healed","floor":3,"damage_taken":0},{"event_name":"FaceTrader","player_choice":"Touch","floor":5,"damage_taken":0},{"event_name":"Masked Bandits","player_choice":"Paid Bandits 95 gold","floor":20,"damage_taken":0},{"event_name":"Duplicator","player_choice":"One dupe","floor":21,"damage_taken":0},{"event_name":"Addict","player_choice":"Ignored","floor":22,"damage_taken":0}],"is_beta":false,"boss_relics":[{"not_picked":["Black Star","Sozu"],"picked":"Mark of Pain"}],"items_purged_floors":[],"is_endless":false,"potions_floor_spawned":[7,11,13,16],"killed_by":"Gremlin Leader","ascension_level":0}