{"gold_per_floor":[117,130,130,280,60,88,105,105,131,159,174,201,101,112,112,112],"floor_reached":16,"playtime":640,"items_purged":["Doubt","Strike_B"],"score":254,"play_id":"c0e8f33f-8e90-49b3-921e-84f8163ae135","local_time":"20190408020914","is_ascension_mode":true,"campfire_choices":[{"data":"Compile Driver","floor":8,"key":"SMITH"},{"floor":15,"key":"REST"}],"neow_cost":"NONE","seed_source_timestamp":1997025846557901,"circlet_count":0,"master_deck":["AscendersBane","Strike_B","Strike_B","Strike_B","Defend_B","Defend_B+1","Defend_B","Defend_B","Zap+1","Dualcast","Self Repair","Compile Driver+1","Reinforced Body+1","Creative AI","Coolheaded"],"relics":["Cracked Core","NeowsBlessing","Oddly Smooth Stone","Juzu Bracelet","Dream Catcher","Regal Pillow","War Paint"],"potions_floor_usage":[10],"damage_taken":[{"damage":0,"enemies":"Small Slimes","floor":1,"turns":1},{"damage":0,"enemies":"2 Louse","floor":2,"turns":1},{"damage":0,"enemies":"3 Sentries","floor":6,"turns":1},{"damage":1,"enemies":"Jaw Worm","floor":7,"turns":3},{"damage":18,"enemies":"Gremlin Nob","floor":10,"turns":3},{"damage":6,"enemies":"2 Fungi Beasts","floor":11,"turns":4},{"damage":19,"enemies":"Lagavulin","floor":12,"turns":9},{"damage":25,"enemies":"Gremlin Gang","floor":14,"turns":5},{"damage":72,"enemies":"Slime Boss","floor":16,"turns":10}],"seed_played":"-1766559119703865573","potions_obtained":[{"floor":1,"key":"PowerPotion"},{"floor":2,"key":"AttackPotion"},{"floor":12,"key":"FocusPotion"}],"is_trial":false,"path_per_floor":["?","?"],"character_chosen":"DEFECT","items_purchased":["Oddly Smooth Stone"],"campfire_rested":1,"item_purchase_floors":[5],"current_hp_per_floor":[64,71,71,71,71,71,70,70,70,59,60,48,48,30,66,0],"gold":112,"neow_bonus":"THREE_ENEMY_KILL","is_prod":false,"is_daily":false,"chose_seed":false,"campfire_upgraded":1,"win_rate":0,"timestamp":1554703754,"path_taken":["M","M","?","?","$","E","M","R","T","E","M","E","$","M","R","BOSS"],"build_version":"2019-01-23","purchased_purges":2,"victory":false,"max_hp_per_floor":[71,71,71,71,71,71,71,71,71,71,71,71,71,71,71,71],"card_choices":[{"not_picked":["Force Field","Capacitor"],"picked":"Self Repair","floor":1},{"not_picked":["Barrage","Streamline"],"picked":"Compile Driver","floor":2},{"not_picked":["Steam","Capacitor","Hologram"],"picked":"SKIP","floor":6},{"not_picked":["Redo","Double Energy","Storm"],"picked":"SKIP","floor":7},{"not_picked":["Stack","Self Repair"],"picked":"Reinforced Body","floor":10},{"not_picked":["Turbo","Barrage"],"picked":"Creative AI","floor":11},{"not_picked":["Hologram","Leap","Streamline"],"picked":"SKIP","floor":12},{"not_picked":["Stack","Streamline","Rebound"],"picked":"SKIP","floor":14},{"not_picked":["Chill","Melter"],"picked":"Coolheaded","floor":15}],"player_experience":1605270,"relics_obtained":[{"floor":6,"key":"Juzu Bracelet"},{"floor":9,"key":"Dream Catcher"},{"floor":10,"key":"Regal Pillow"},{"floor":12,"key":"War Paint"}],"event_choices":[{"damage_healed":0,"gold_gain":0,"player_choice":"Grow","damage_taken":0,"max_hp_gain":0,"max_hp_loss":0,"event_name":"Living Wall","floor":3,"gold_loss":0,"cards_upgraded":["Zap"]},{"damage_healed":0,"gold_gain":150,"player_choice":"AGREE","damage_taken":0,"max_hp_gain":0,"max_hp_loss":0,"event_name":"Liars Game","floor":4,"gold_loss":0,"cards_obtained":["Doubt"]}],"is_beta":false,"boss_relics":[],"items_purged_floors":[5,13],"is_endless":false,"potions_floor_spawned":[1,2,12],"killed_by":"Slime Boss","ascension_level":15}