{"gold_per_floor":[364,289,307,71,71,71,85,98,98,63,63,97,10,10,10,10],"floor_reached":16,"playtime":700,"items_purged":["Strike_G"],"score":200,"play_id":"a0b83325-bee9-4975-b725-31a2b93cdb35","local_time":"20190410140113","is_ascension_mode":true,"campfire_choices":[{"data":"Dash","floor":6.0,"key":"SMITH"},{"data":"Neutralize","floor":11.0,"key":"SMITH"},{"data":"Predator","floor":15.0,"key":"SMITH"}],"neow_cost":"PERCENT_DAMAGE","seed_source_timestamp":0,"circlet_count":0,"master_deck":["AscendersBane","Defend_G","Defend_G","Defend_G","Defend_G","Defend_G","Strike_G","Strike_G","Strike_G","Survivor","Neutralize+1","Well Laid Plans","Dash+1","Dodge and Roll","Predator+1"],"special_seed":0,"relics":["Ring of the Snake","Golden Idol","Ancient Tea Set","Toxic Egg 2"],"potions_floor_usage":[16],"damage_taken":[{"damage":6.0,"enemies":"2 Louse","floor":1.0,"turns":4.0},{"damage":4.0,"enemies":"Small Slimes","floor":3.0,"turns":7.0},{"damage":0.0,"enemies":"Cultist","floor":7.0,"turns":4.0},{"damage":1.0,"enemies":"Red Slaver","floor":8.0,"turns":4.0},{"damage":18.0,"enemies":"Exordium Thugs","floor":10.0,"turns":5.0},{"damage":12.0,"enemies":"3 Sentries","floor":12.0,"turns":18.0},{"damage":23,"enemies":"Hexaghost","floor":16,"turns":12}],"seed_played":"5931927248672817610","potions_obtained":[{"floor":3.0,"key":"Regen Potion"},{"floor":10.0,"key":"Block Potion"}],"is_trial":false,"path_per_floor":["M","?","M","$","?","R","M","M","T","M","R","E","$","?","R","B"],"character_chosen":"THE_SILENT","items_purchased":["Well Laid Plans","Dash","Predator"],"campfire_rested":0,"item_purchase_floors":[4,4,13],"current_hp_per_floor":[38,38,34,34,34,34,34,33,33,15,15,18,18,18,18,0],"gold":10,"neow_bonus":"TWO_FIFTY_GOLD","is_prod":false,"is_daily":false,"chose_seed":false,"campfire_upgraded":3,"win_rate":0,"timestamp":1554930073,"path_taken":["M","?","M","$","?","R","M","M","T","M","R","E","$","?","R","BOSS"],"build_version":"2019-01-23","purchased_purges":1,"victory":false,"max_hp_per_floor":[66,66,66,66,60,60,60,60,60,60,60,60,60,60,60,60],"card_choices":[{"not_picked":["Sucker Punch","Slice","Underhanded Strike"],"picked":"SKIP","floor":1.0},{"not_picked":["Blade Dance","Heel Hook","Bane"],"picked":"SKIP","floor":3.0},{"not_picked":["Skewer","Deflect","Prepared"],"picked":"SKIP","floor":7.0},{"not_picked":["Sucker Punch","Bane"],"picked":"Dodge and Roll","floor":8.0},{"not_picked":["Underhanded Strike","Reflex","Dodge and Roll"],"picked":"SKIP","floor":10.0},{"not_picked":["Dagger Throw","Quick Slash","Backstab"],"picked":"SKIP","floor":12.0}],"player_experience":514136,"relics_obtained":[{"floor":9.0,"key":"Ancient Tea Set"},{"floor":12.0,"key":"Toxic Egg 2"}],"event_choices":[{"cards_removed":["Strike_G"],"damage_healed":0.0,"max_hp_gain":0.0,"max_hp_loss":0.0,"gold_gain":0.0,"event_name":"The Cleric","player_choice":"Card Removal","floor":2.0,"gold_loss":75.0,"damage_taken":0.0},{"damage_healed":0.0,"max_hp_gain":0.0,"max_hp_loss":6.0,"gold_gain":0.0,"event_name":"Golden Idol","player_choice":"Lose Max HP","floor":5.0,"gold_loss":0.0,"damage_taken":0.0,"relics_obtained":["Golden Idol"]},{"damage_healed":0.0,"max_hp_gain":0.0,"max_hp_loss":0.0,"gold_gain":0.0,"event_name":"Shining Light","player_choice":"Ignored","floor":14.0,"gold_loss":0.0,"damage_taken":0.0}],"is_beta":false,"boss_relics":[],"items_purged_floors":[4],"is_endless":false,"potions_floor_spawned":[3,10],"killed_by":"Hexaghost","ascension_level":20}