{"gold_per_floor":[114,129,144,159,174,204,204,219,219,234,234,249,264,294,294,394,394,409,409,409,409,509,509,9,9,59,89,89,104,134,149,149,249,249,264,279,294,2,102,102,102,102,102,132,181,141,156,0,0,0],"floor_reached":51,"playtime":6227,"items_purged":[],"score":802,"play_id":"de6bcb24-bcab-445a-9b8c-49f2043c809f","local_time":"20190403183549","daily_mods":["Chimera","Vintage","Binary"],"is_ascension_mode":false,"campfire_choices":[{"floor":7.0,"key":"REST"},{"floor":15.0,"key":"REST"},{"floor":23.0,"key":"REST"},{"floor":25.0,"key":"REST"},{"floor":28.0,"key":"REST"},{"data":"Outmaneuver","floor":32.0,"key":"SMITH"},{"floor":40.0,"key":"REST"},{"floor":42.0,"key":"REST"},{"floor":49,"key":"DIG"}],"neow_cost":"","seed_source_timestamp":0,"circlet_count":0,"master_deck":["Bash","Survivor","Zap","Strike_G","Strike_B","Defend_R+1","Defend_G","Defend_B","Underhanded Strike+1","Dagger Throw+1","Noxious Fumes","Wraith Form v2","Clumsy","Doubt","Parasite","Decay","Noxious Fumes","Dagger Throw+1","Outmaneuver+1","Underhanded Strike+1","Night Terror","Transmutation+1","Bandage Up+1","Footwork+1","Madness","Madness","Backflip+1","Prepared+1"],"special_seed":17988,"relics":["Ring of the Snake","Prayer Wheel","Strawberry","Shuriken","Smiling Mask","Torii","Mango","Art of War","Dodecahedron","Happy Flower","Molten Egg 2","Snake Skull","Du-Vu Doll","Calling Bell","Bag of Marbles","Mummified Hand","Pocketwatch","Ornamental Fan","MutagenicStrength","Incense Burner","Paper Crane","HandDrill","Thread and Needle","PreservedInsect","Pen Nib","Orichalcum","Centennial Puzzle","Frozen Egg 2","Sozu","Unceasing Top","Dead Branch","Whetstone","Gambling Chip","Shovel","Pear","Bird Faced Urn","Oddly Smooth Stone","Red Mask","War Paint"],"potions_floor_usage":[45],"damage_taken":[{"damage":1.0,"enemies":"Cultist","floor":1.0,"turns":4.0},{"damage":0.0,"enemies":"Small Slimes","floor":2.0,"turns":4.0},{"damage":5.0,"enemies":"Jaw Worm","floor":3.0,"turns":4.0},{"damage":7.0,"enemies":"Looter","floor":4.0,"turns":4.0},{"damage":2.0,"enemies":"Blue Slaver","floor":5.0,"turns":5.0},{"damage":49.0,"enemies":"3 Sentries","floor":6.0,"turns":11.0},{"damage":2.0,"enemies":"3 Louse","floor":8.0,"turns":4.0},{"damage":9.0,"enemies":"Large Slime","floor":10.0,"turns":8.0},{"damage":2.0,"enemies":"Looter","floor":12.0,"turns":3.0},{"damage":2.0,"enemies":"Blue Slaver","floor":13.0,"turns":4.0},{"damage":0.0,"enemies":"Lagavulin","floor":14.0,"turns":5.0},{"damage":48.0,"enemies":"Slime Boss","floor":16.0,"turns":11.0},{"damage":10.0,"enemies":"2 Thieves","floor":18.0,"turns":3.0},{"damage":33.0,"enemies":"Colosseum Slavers","floor":22.0,"turns":4.0},{"damage":33.0,"enemies":"Colosseum Nobs","floor":22.0,"turns":6.0},{"damage":1.0,"enemies":"Slavers","floor":27.0,"turns":4.0},{"damage":0.0,"enemies":"Shell Parasite","floor":29.0,"turns":2.0},{"damage":2.0,"enemies":"Book of Stabbing","floor":30.0,"turns":4.0},{"damage":0.0,"enemies":"Snecko","floor":31.0,"turns":3.0},{"damage":29.0,"enemies":"Collector","floor":33.0,"turns":6.0},{"damage":8.0,"enemies":"3 Darklings","floor":35.0,"turns":4.0},{"damage":10.0,"enemies":"3 Shapes","floor":36.0,"turns":3.0},{"damage":14.0,"enemies":"Spire Growth","floor":37.0,"turns":3.0},{"damage":2.0,"enemies":"Mind Bloom Boss Battle","floor":39.0,"turns":3.0},{"damage":2.0,"enemies":"Giant Head","floor":44.0,"turns":8.0},{"damage":0,"enemies":"2 Orb Walkers","floor":45,"turns":4},{"damage":11,"enemies":"4 Shapes","floor":47,"turns":3},{"damage":35,"enemies":"Awakened One","floor":50,"turns":9}],"seed_played":"1331452613733458112","potions_obtained":[{"floor":2.0,"key":"Dexterity Potion"},{"floor":5.0,"key":"GamblersBrew"},{"floor":10.0,"key":"SkillPotion"},{"floor":14.0,"key":"FearPotion"},{"floor":27.0,"key":"Strength Potion"},{"floor":31.0,"key":"Energy Potion"},{"floor":33.0,"key":"GhostInAJar"}],"is_trial":false,"path_per_floor":["M","M","M","M","M","E","R","M","T","M","?","M","M","E","R","B",null,"M","?","?","?","?","R","$","R","T","E","R","M","E","M","R","B",null,"M","M","M","$","?","R","?","R","T","E","?","?","M","?","R","B",null],"character_chosen":"THE_SILENT","items_purchased":["HandDrill","Thread and Needle","Transmutation","Bandage Up"],"campfire_rested":7,"item_purchase_floors":[24,24,38,38],"current_hp_per_floor":[69,76,71,64,62,27,54,52,52,43,43,41,39,39,66,18,91,81,81,81,81,15,42,42,69,69,68,91,91,89,89,89,60,91,83,73,59,59,61,88,77,91,91,99,99,99,90,90,90,67],"gold":0,"neow_bonus":"","is_prod":false,"is_daily":true,"chose_seed":false,"campfire_upgraded":1,"win_rate":0,"timestamp":1554312949,"path_taken":["M","M","M","?","M","E","R","M","T","M","?","M","M","E","R","BOSS","M","?","?","?","?","R","$","R","T","E","R","M","E","M","R","BOSS","M","M","M","$","?","R","?","R","T","E","?","?","?","?","R","BOSS"],"build_version":"2019-01-23","purchased_purges":0,"victory":true,"max_hp_per_floor":[70,77,77,77,77,91,91,91,91,91,91,91,91,91,91,91,91,91,91,91,91,91,91,91,91,91,91,91,91,91,91,91,91,91,91,91,91,91,91,91,91,91,91,101,101,101,101,101,101,101],"card_choices":[{"not_picked":["Dagger Throw"],"picked":"Underhanded Strike","floor":6.0},{"not_picked":["Terror"],"picked":"Noxious Fumes","floor":14.0},{"not_picked":["Malaise"],"picked":"Wraith Form v2","floor":16.0},{"not_picked":["Dagger Spray+1"],"picked":"Dagger Throw+1","floor":22.0},{"not_picked":["Concentrate"],"picked":"Outmaneuver","floor":27.0},{"not_picked":["Escape Plan"],"picked":"Underhanded Strike+1","floor":30.0},{"not_picked":["Phantasmal Killer"],"picked":"Night Terror","floor":33.0},{"not_picked":["Well Laid Plans+1"],"picked":"Footwork+1","floor":39.0},{"not_picked":["Calculated Gamble+1"],"picked":"Backflip+1","floor":44},{"not_picked":["Outmaneuver"],"picked":"Prepared+1","floor":45}],"player_experience":290837,"relics_obtained":[{"floor":1.0,"key":"Prayer Wheel"},{"floor":2.0,"key":"Strawberry"},{"floor":3.0,"key":"Shuriken"},{"floor":4.0,"key":"Smiling Mask"},{"floor":5.0,"key":"Torii"},{"floor":6.0,"key":"Mango"},{"floor":8.0,"key":"Art of War"},{"floor":9.0,"key":"Dodecahedron"},{"floor":10.0,"key":"Happy Flower"},{"floor":12.0,"key":"Molten Egg 2"},{"floor":13.0,"key":"Snake Skull"},{"floor":14.0,"key":"Du-Vu Doll"},{"floor":17.0,"key":"Bag of Marbles"},{"floor":17.0,"key":"Mummified Hand"},{"floor":17.0,"key":"Pocketwatch"},{"floor":18.0,"key":"Ornamental Fan"},{"floor":22.0,"key":"Incense Burner"},{"floor":22.0,"key":"Paper Crane"},{"floor":26.0,"key":"PreservedInsect"},{"floor":27.0,"key":"Pen Nib"},{"floor":29.0,"key":"Orichalcum"},{"floor":30.0,"key":"Centennial Puzzle"},{"floor":31.0,"key":"Frozen Egg 2"},{"floor":35.0,"key":"Unceasing Top"},{"floor":36.0,"key":"Dead Branch"},{"floor":37.0,"key":"Whetstone"},{"floor":39.0,"key":"Gambling Chip"},{"floor":43.0,"key":"Shovel"},{"floor":44,"key":"Pear"},{"floor":45,"key":"Bird Faced Urn"},{"floor":47,"key":"Oddly Smooth Stone"},{"floor":49,"key":"War Paint"}],"event_choices":[{"damage_healed":0.0,"max_hp_gain":0.0,"max_hp_loss":0.0,"gold_gain":0.0,"cards_transformed":["Strike_R"],"event_name":"Living Wall","player_choice":"Change","floor":11.0,"gold_loss":0.0,"damage_taken":0.0,"cards_obtained":["Dagger Throw"]},{"damage_healed":0.0,"max_hp_gain":0.0,"max_hp_loss":0.0,"gold_gain":0.0,"event_name":"Forgotten Altar","player_choice":"Smashed Altar","floor":19.0,"gold_loss":0.0,"damage_taken":0.0,"cards_obtained":["Decay"]},{"damage_healed":0.0,"max_hp_gain":0.0,"max_hp_loss":0.0,"gold_gain":0.0,"event_name":"Drug Dealer","player_choice":"Inject Mutagens","floor":20.0,"gold_loss":0.0,"damage_taken":0.0,"relics_obtained":["MutagenicStrength"]},{"damage_healed":0.0,"max_hp_gain":0.0,"max_hp_loss":0.0,"gold_gain":0.0,"event_name":"The Library","player_choice":"Read","floor":21.0,"gold_loss":0.0,"damage_taken":0.0,"cards_obtained":["Noxious Fumes"]},{"damage_healed":0.0,"max_hp_gain":0.0,"max_hp_loss":0.0,"gold_gain":0.0,"event_name":"Colosseum","player_choice":"Fight","floor":22.0,"gold_loss":0.0,"damage_taken":0.0},{"damage_healed":0.0,"max_hp_gain":0.0,"max_hp_loss":0.0,"gold_gain":0.0,"event_name":"Colosseum","player_choice":"Fought Nobs","floor":22.0,"gold_loss":0.0,"damage_taken":0.0},{"damage_healed":0.0,"max_hp_gain":0.0,"max_hp_loss":0.0,"gold_gain":0.0,"event_name":"MindBloom","player_choice":"Fight","floor":39.0,"gold_loss":0.0,"damage_taken":0.0},{"damage_healed":0.0,"max_hp_gain":0.0,"max_hp_loss":0.0,"gold_gain":0.0,"event_name":"Winding Halls","player_choice":"Embrace Madness","floor":41.0,"gold_loss":0.0,"damage_taken":11.0,"cards_obtained":["Madness","Madness"]},{"damage_healed":0,"gold_gain":0,"player_choice":"Fight","damage_taken":0,"max_hp_gain":0,"max_hp_loss":0,"event_name":"Mysterious Sphere","floor":45,"gold_loss":0},{"damage_healed":0,"gold_gain":0,"player_choice":"Upgrade","damage_taken":0,"max_hp_gain":0,"max_hp_loss":0,"event_name":"Designer","floor":46,"gold_loss":40,"cards_upgraded":["Transmutation"]},{"damage_healed":0,"gold_gain":0,"player_choice":"Paid","damage_taken":0,"relics_obtained":["Red Mask"],"max_hp_gain":0,"max_hp_loss":0,"event_name":"Tomb of Lord Red Mask","floor":48,"gold_loss":156}],"is_beta":false,"boss_relics":[{"not_picked":["Tiny House","Astrolabe"],"picked":"Calling Bell"},{"not_picked":["Runic Dome","HoveringKite"],"picked":"Sozu"}],"items_purged_floors":[],"is_endless":false,"potions_floor_spawned":[2,5,10,14,22,27,31,33,36,44,45],"ascension_level":0}