{"path_per_floor":["M","?","?","M","M","E","?","E","T","E","R","M","?","M","R","B",null,"M","$","M","?","M","R","M","$","T","E","$","?"],"character_chosen":"IRONCLAD","items_purchased":["Second Wind","Omamori","Master of Strategy","Pommel Strike","Deep Breath","Pantograph","Flex"],"gold_per_floor":[114,114,114,129,144,174,174,204,254,284,284,299,399,414,414,514,514,529,45,60,510,525,525,540,96,96,126,26,26,26],"floor_reached":30,"campfire_rested":0,"playtime":1440,"current_hp_per_floor":[80,64,64,63,63,69,69,74,74,79,79,80,80,80,80,48,80,71,71,79,31,39,39,47,47,47,24,24,24,5],"items_purged":["Defend_R","Defend_R"],"gold":26,"score":293,"play_id":"5efc5ab9-bd79-48cc-8ab4-3f7e6304bff1","local_time":"20180412053029","daily_mods":["Allstar","Lethality","Binary"],"is_prod":false,"is_daily":true,"chose_seed":false,"is_ascension_mode":false,"campfire_upgraded":3,"timestamp":1523525429,"path_taken":["M","?","?","M","M","E","?","E","T","E","R","M","?","M","R","BOSS","M","$","M","?","M","R","M","$","T","E","$","?","E"],"build_version":"2018-04-11","seed_source_timestamp":0,"purchased_purges":2,"victory":false,"master_deck":["Strike_R","Strike_R","Strike_R","Strike_R","Defend_R","Defend_R+1","Bash","Jack Of All Trades","Madness","Secret Weapon","Secret Technique","Apotheosis+1","Body Slam+1","Infernal Blade","Power Through","Shrug It Off","Rampage+1","Iron Wave","Whirlwind+1","Immolate+1","Rampage","Second Wind","Master of Strategy","Pommel Strike","Twin Strike+1","Sentinel+1","Deep Breath","Flex","Shrug It Off+1","Iron Wave"],"max_hp_per_floor":[80,80,80,80,80,80,80,80,80,80,80,80,80,80,80,80,80,80,80,80,80,80,80,80,80,80,80,80,80,80],"relics":["Burning Blood","Ginger","Du-Vu Doll","Blood Vial","Bottled Flame","Mark of Pain","Omamori","Pantograph","Mummified Hand","Paper Frog"],"card_choices":[{"not_picked":["Flame Barrier"],"picked":"Body Slam","floor":1},{"not_picked":["Clash"],"picked":"Infernal Blade","floor":4},{"not_picked":["Havoc"],"picked":"Power Through","floor":5},{"not_picked":["Sword Boomerang"],"picked":"Shrug It Off","floor":6},{"not_picked":["Sever Soul"],"picked":"Rampage","floor":10},{"not_picked":["Flex"],"picked":"Iron Wave","floor":12},{"not_picked":["Metallicize"],"picked":"Whirlwind","floor":14},{"not_picked":["Demon Form"],"picked":"Immolate","floor":16},{"not_picked":["Clothesline"],"picked":"Rampage","floor":18},{"not_picked":["Clash"],"picked":"Twin Strike","floor":20},{"not_picked":["Carnage"],"picked":"Sentinel","floor":24},{"not_picked":["Combust"],"picked":"Shrug It Off","floor":27}],"player_experience":88444,"potions_floor_usage":[8,16,20,24,27,27,30],"damage_taken":[{"damage":0,"enemies":"Cultist","floor":1,"turns":2},{"damage":7,"enemies":"Small Slimes","floor":4,"turns":3},{"damage":6,"enemies":"Jaw Worm","floor":5,"turns":2},{"damage":0,"enemies":"Lagavulin","floor":6,"turns":5},{"damage":1,"enemies":"Gremlin Nob","floor":8,"turns":3},{"damage":3,"enemies":"3 Sentries","floor":10,"turns":5},{"damage":0,"enemies":"Blue Slaver","floor":12,"turns":2},{"damage":0,"enemies":"3 Louse","floor":14,"turns":2},{"damage":38,"enemies":"The Guardian","floor":16,"turns":7},{"damage":15,"enemies":"Shell Parasite","floor":18,"turns":3},{"damage":0,"enemies":"Spheric Guardian","floor":20,"turns":2},{"damage":0,"enemies":"3 Cultists","floor":22,"turns":2},{"damage":0,"enemies":"Snecko","floor":24,"turns":2},{"damage":31,"enemies":"Book of Stabbing","floor":27,"turns":4},{"damage":21,"enemies":"Slavers","floor":30,"turns":3}],"event_choices":[{"event_name":"Shining Light","player_choice":"Entered Light","floor":2,"damage_taken":0},{"event_name":"Living Wall","player_choice":"Grow","floor":3,"damage_taken":0},{"event_name":"The Lab","player_choice":"Got Potions","floor":7,"damage_taken":0},{"event_name":"Golden Shrine","player_choice":"Pray","floor":13,"damage_taken":0},{"event_name":"Knowing Skull","player_choice":"GOLD GOLD GOLD GOLD GOLD ","floor":21,"damage_taken":0},{"event_name":"Transmorgrifier","player_choice":"Transform","floor":29,"damage_taken":0}],"boss_relics":[{"not_picked":["Astrolabe","Velvet Choker"],"picked":"Mark of Pain"}],"potions_floor_spawned":[4,6,8,12,14,18,20,24],"seed_played":"8507077734950112790","killed_by":"Slavers","ascension_level":0,"is_trial":false}