{"gold_per_floor":[114,39,39,116,139,177,177,252,252,290,326,340,240,253,253,372,372,385,401,401,316,241,241,272,290,320,12,12,12,12,25,25,25],"floor_reached":33,"playtime":1927,"items_purged":["Defend_R","Regret"],"score":296,"play_id":"0401f92a-35f0-43f2-b2d7-2ade563325b5","local_time":"20190206194349","is_ascension_mode":false,"campfire_choices":[{"data":"Metallicize","floor":15,"key":"SMITH"},{"data":"Feed","floor":23,"key":"SMITH"},{"floor":32,"key":"DIG"}],"neow_cost":"NONE","seed_source_timestamp":765399067705928,"circlet_count":0,"master_deck":["Strike_R","Strike_R","Strike_R","Strike_R","Defend_R","Defend_R","Bash","Clash","Shrug It Off","Metallicize+1","Clash","Iron Wave","Feed+1","Shrug It Off"],"relics":["Burning Blood","Golden Idol","Pear","Blood Vial","Blue Candle","Matryoshka","Odd Mushroom","Sundial","Lizard Tail","Juzu Bracelet","Bottled Tornado","Tiny Chest","Bronze Scales","Shovel","Darkstone Periapt","Ornamental Fan","Pocketwatch","Letter Opener"],"potions_floor_usage":[25,33,33],"damage_taken":[{"damage":5,"enemies":"Small Slimes","floor":1,"turns":4},{"damage":3,"enemies":"Jaw Worm","floor":5,"turns":4},{"damage":21,"enemies":"Lagavulin","floor":6,"turns":5},{"damage":29,"enemies":"The Mushroom Lair","floor":10,"turns":6},{"damage":18,"enemies":"Gremlin Nob","floor":11,"turns":4},{"damage":1,"enemies":"2 Louse","floor":12,"turns":2},{"damage":0,"enemies":"Blue Slaver","floor":14,"turns":3},{"damage":24,"enemies":"The Guardian","floor":16,"turns":12},{"damage":16,"enemies":"2 Thieves","floor":18,"turns":4},{"damage":6,"enemies":"3 Byrds","floor":19,"turns":7},{"damage":49,"enemies":"Book of Stabbing","floor":24,"turns":8},{"damage":25,"enemies":"3 Cultists","floor":25,"turns":7},{"damage":0,"enemies":"Snecko","floor":31,"turns":6},{"damage":128,"enemies":"Collector","floor":33,"turns":17}],"seed_played":"-2065402031439103038","potions_obtained":[{"floor":1,"key":"BloodPotion"},{"floor":12,"key":"PowerPotion"},{"floor":14,"key":"LiquidBronze"},{"floor":16,"key":"SmokeBomb"},{"floor":31,"key":"Energy Potion"}],"is_trial":false,"path_per_floor":["?","T","?","?","?","?","?","?","$","T","?","?"],"character_chosen":"IRONCLAD","items_purchased":["Shovel"],"campfire_rested":0,"item_purchase_floors":[27],"current_hp_per_floor":[80,80,60,70,73,58,58,47,47,26,16,23,23,31,31,15,90,80,85,85,85,85,85,44,31,31,31,31,37,37,49,49,0],"gold":25,"neow_bonus":"REMOVE_CARD","is_prod":false,"is_daily":false,"chose_seed":false,"campfire_upgraded":2,"win_rate":0,"timestamp":1549500229,"path_taken":["M","$","?","?","M","E","?","?","T","?","E","M","$","M","R","BOSS","M","M","?","?","?","R","E","M","T","?","?","?","?","M","R","BOSS"],"build_version":"2019-01-23","purchased_purges":2,"victory":false,"max_hp_per_floor":[80,80,80,90,90,90,90,90,90,90,90,90,90,90,90,90,90,90,93,93,93,93,93,93,97,97,97,97,103,103,107,107,107],"card_choices":[{"not_picked":["Rage","Corruption","Flex"],"picked":"SKIP","floor":1},{"not_picked":["Sentinel","Warcry"],"picked":"Clash","floor":5},{"not_picked":["Heavy Blade","Intimidate","Twin Strike"],"picked":"SKIP","floor":6},{"not_picked":["Twin Strike","Fire Breathing"],"picked":"Shrug It Off","floor":10},{"not_picked":["Wild Strike","Pommel Strike"],"picked":"Metallicize","floor":11},{"not_picked":["Anger","Flex"],"picked":"Clash","floor":12},{"not_picked":["Burning Pact","Metallicize"],"picked":"Iron Wave","floor":14},{"not_picked":["Brutality","Demon Form"],"picked":"Feed","floor":16},{"not_picked":["Twin Strike","Cleave","Perfected Strike"],"picked":"SKIP","floor":18},{"not_picked":["Wild Strike+1","Fire Breathing","Burning Pact"],"picked":"SKIP","floor":19},{"not_picked":["Flex+1","Sword Boomerang","Wild Strike+1"],"picked":"SKIP","floor":24},{"not_picked":["Second Wind","Sentinel+1","Inflame"],"picked":"SKIP","floor":25},{"not_picked":["Pummel+1","Impervious","Shrug It Off"],"picked":"SKIP","floor":31}],"player_experience":332900,"relics_obtained":[{"floor":4,"key":"Pear"},{"floor":6,"key":"Blood Vial"},{"floor":9,"key":"Matryoshka"},{"floor":10,"key":"Odd Mushroom"},{"floor":11,"key":"Sundial"},{"floor":24,"key":"Bottled Tornado"},{"floor":26,"key":"Tiny Chest"},{"floor":26,"key":"Bronze Scales"},{"floor":28,"key":"Darkstone Periapt"},{"floor":28,"key":"Ornamental Fan"},{"floor":32,"key":"Letter Opener"}],"event_choices":[{"damage_healed":0,"gold_gain":0,"player_choice":"Take Damage","damage_taken":20,"relics_obtained":["Golden Idol"],"max_hp_gain":0,"max_hp_loss":0,"event_name":"Golden Idol","floor":3,"gold_loss":0},{"damage_healed":0,"gold_gain":0,"player_choice":"Box","damage_taken":0,"relics_obtained":["Blue Candle"],"max_hp_gain":0,"max_hp_loss":0,"event_name":"Big Fish","floor":7,"gold_loss":0,"cards_obtained":["Regret"]},{"damage_healed":0,"gold_gain":75,"player_choice":"Gather Gold","damage_taken":11,"max_hp_gain":0,"max_hp_loss":0,"event_name":"World of Goop","floor":8,"gold_loss":0},{"damage_healed":0,"gold_gain":0,"player_choice":"Fought Mushrooms","damage_taken":0,"max_hp_gain":0,"max_hp_loss":0,"event_name":"Mushrooms","floor":10,"gold_loss":0},{"damage_healed":0,"gold_gain":0,"player_choice":"Read","damage_taken":0,"max_hp_gain":0,"max_hp_loss":0,"event_name":"The Library","floor":20,"gold_loss":0,"cards_obtained":["Shrug It Off"]},{"damage_healed":0,"gold_gain":0,"player_choice":"Obtained Relic","damage_taken":0,"relics_obtained":["Juzu Bracelet"],"max_hp_gain":0,"max_hp_loss":0,"event_name":"Addict","floor":21,"gold_loss":85},{"cards_removed":["Defend_R"],"damage_healed":0,"gold_gain":0,"player_choice":"Gave Gold","damage_taken":0,"max_hp_gain":0,"max_hp_loss":0,"event_name":"Beggar","floor":22,"gold_loss":75},{"damage_healed":0,"gold_gain":0,"player_choice":"Opened","damage_taken":0,"relics_obtained":["Pocketwatch"],"max_hp_gain":0,"max_hp_loss":0,"event_name":"The Mausoleum","floor":29,"gold_loss":0,"cards_obtained":["Writhe"]},{"cards_removed":["Writhe"],"damage_healed":0,"gold_gain":0,"player_choice":"Elegance","damage_taken":0,"max_hp_gain":0,"max_hp_loss":0,"event_name":"Back to Basics","floor":30,"gold_loss":0}],"is_beta":false,"boss_relics":[{"not_picked":["Snecko Eye","Black Blood"],"picked":"Lizard Tail"}],"items_purged_floors":[2,13],"is_endless":false,"potions_floor_spawned":[1,12,14,16,19,24,31],"killed_by":"Collector","ascension_level":0}