{"gold_per_floor":[114,126,126,144,43,43,43,43,68,68,79,98,98,7,7,111,111,124,140,140,150,166,166],"floor_reached":23,"playtime":913,"items_purged":["Strike_R"],"score":183,"play_id":"ab480939-984a-423a-83c4-140663bf9933","local_time":"20190208152134","is_ascension_mode":false,"campfire_choices":[{"data":"Bandage Up","floor":6,"key":"SMITH"},{"data":"Shrug It Off","floor":8,"key":"SMITH"},{"data":"Bash","floor":10,"key":"SMITH"},{"data":"Trip","floor":15,"key":"SMITH"}],"neow_cost":"PERCENT_DAMAGE","seed_source_timestamp":874836491515091,"circlet_count":0,"master_deck":["Strike_R","Strike_R","Defend_R","Defend_R","Defend_R","Defend_R","Bash+1","Bandage Up+1","Dramatic Entrance","Body Slam+1","Twin Strike","Flex","Shrug It Off+1","Armaments","True Grit","Trip+1","Immolate","Shrug It Off","Flex","Decay","Body Slam","Cleave"],"relics":["Burning Blood"],"potions_floor_usage":[19,19,21,22,23],"damage_taken":[{"damage":7,"enemies":"Small Slimes","floor":1,"turns":3},{"damage":1,"enemies":"Cultist","floor":2,"turns":3},{"damage":8,"enemies":"Jaw Worm","floor":4,"turns":3},{"damage":0,"enemies":"Large Slime","floor":11,"turns":5},{"damage":10,"enemies":"Looter","floor":12,"turns":3},{"damage":53,"enemies":"Slime Boss","floor":16,"turns":17},{"damage":15,"enemies":"2 Thieves","floor":18,"turns":3},{"damage":25,"enemies":"3 Byrds","floor":19,"turns":5},{"damage":31,"enemies":"Shelled Parasite and Fungi","floor":21,"turns":7},{"damage":37,"enemies":"Snecko","floor":22,"turns":8},{"damage":49,"enemies":"Chosen and Byrds","floor":23,"turns":8}],"seed_played":"9048408437920699641","potions_obtained":[{"floor":11,"key":"LiquidBronze"},{"floor":16,"key":"Regen Potion"},{"floor":18,"key":"Weak Potion"},{"floor":21,"key":"Regen Potion"},{"floor":22,"key":"PowerPotion"}],"is_trial":false,"path_per_floor":["M","M","?","M","$","R","?","R","T","R","M","M","?","$","R","B",null,"M","M","?","M","M","M"],"character_chosen":"IRONCLAD","items_purchased":["Shrug It Off","Trip"],"campfire_rested":0,"item_purchase_floors":[5,14],"current_hp_per_floor":[59,68,68,70,70,70,63,63,63,63,75,77,77,77,77,36,80,77,58,58,54,41,0],"gold":166,"neow_bonus":"RANDOM_COLORLESS_2","is_prod":false,"is_daily":false,"chose_seed":false,"campfire_upgraded":4,"win_rate":0,"timestamp":1549664494,"path_taken":["M","M","?","M","?","R","?","R","T","R","?","M","?","$","R","BOSS","M","M","?","M","M","M"],"build_version":"2019-01-23","purchased_purges":1,"victory":false,"max_hp_per_floor":[80,80,80,80,80,80,80,80,80,80,80,80,80,80,80,80,80,80,80,80,80,80,80],"card_choices":[{"not_picked":["Heavy Blade","Sword Boomerang"],"picked":"Body Slam","floor":1},{"not_picked":["Wild Strike","Fire Breathing"],"picked":"Twin Strike","floor":2},{"not_picked":["Warcry","Wild Strike"],"picked":"Flex","floor":4},{"not_picked":["Hemokinesis","Pommel Strike"],"picked":"Armaments","floor":11},{"not_picked":["Combust","Rage"],"picked":"True Grit","floor":12},{"not_picked":["Offering","Reaper"],"picked":"Immolate","floor":16},{"not_picked":["Pommel Strike","Headbutt"],"picked":"Shrug It Off","floor":18},{"not_picked":["Perfected Strike","Sever Soul"],"picked":"Flex","floor":19},{"not_picked":["Twin Strike","Heavy Blade+1"],"picked":"Body Slam","floor":21},{"not_picked":["Pommel Strike","Sword Boomerang"],"picked":"Cleave","floor":22}],"player_experience":1423870,"relics_obtained":[],"event_choices":[{"damage_healed":0,"gold_gain":0,"player_choice":"Upgraded","damage_taken":0,"max_hp_gain":0,"max_hp_loss":0,"event_name":"Upgrade Shrine","floor":3,"gold_loss":0,"cards_upgraded":["Body Slam"]},{"cards_removed":["Strike_R"],"damage_healed":0,"gold_gain":0,"player_choice":"Card Removal","damage_taken":7,"max_hp_gain":0,"max_hp_loss":0,"event_name":"Golden Wing","floor":7,"gold_loss":0},{"cards_removed":["Strike_R"],"damage_healed":0,"gold_gain":0,"player_choice":"Forget","damage_taken":0,"max_hp_gain":0,"max_hp_loss":0,"event_name":"Living Wall","floor":13,"gold_loss":0},{"damage_healed":0,"gold_gain":0,"player_choice":"Cursed","damage_taken":0,"max_hp_gain":0,"max_hp_loss":0,"event_name":"Wheel of Change","floor":20,"gold_loss":0,"cards_obtained":["Decay"]}],"is_beta":false,"boss_relics":[{"not_picked":["Fusion Hammer","Runic Dome","Orrery"]}],"items_purged_floors":[5],"is_endless":false,"potions_floor_spawned":[11,16,18,21,22],"killed_by":"Chosen and Byrds","ascension_level":0}