{"gold_per_floor":[215,215,232,244,2,2,61,61,61,76,76,76,107,127,127,127],"floor_reached":16,"playtime":2335,"items_purged":[],"score":117,"play_id":"b084e590-0aa0-420f-9dac-7be9451f8b09","local_time":"20190410205735","is_ascension_mode":true,"campfire_choices":[{"data":"Mayhem","floor":6.0,"key":"SMITH"},{"floor":8.0,"key":"REST"},{"floor":12.0,"key":"REST"},{"floor":15,"key":"REST"}],"neow_cost":"NONE","seed_source_timestamp":0,"circlet_count":0,"master_deck":["Defend_G","Defend_G","Defend_G","Defend_G","Defend_G","Strike_G","Strike_G","Strike_G","Strike_G","Strike_G","Survivor","Neutralize","Escape Plan","Dodge and Roll","PiercingWail","PiercingWail","Mayhem+1","Backflip","Predator","Leg Sweep"],"special_seed":0,"relics":["Ring of the Snake","Peace Pipe","Prayer Wheel","Dodecahedron"],"potions_floor_usage":[],"damage_taken":[{"damage":0.0,"enemies":"Cultist","floor":1.0,"turns":4.0},{"damage":0.0,"enemies":"2 Louse","floor":2.0,"turns":5.0},{"damage":0.0,"enemies":"Jaw Worm","floor":3.0,"turns":3.0},{"damage":21.0,"enemies":"Large Slime","floor":4.0,"turns":13.0},{"damage":47.0,"enemies":"3 Sentries","floor":7.0,"turns":15.0},{"damage":11.0,"enemies":"Exordium Thugs","floor":10.0,"turns":7.0},{"damage":35,"enemies":"Lagavulin","floor":13,"turns":10},{"damage":0,"enemies":"2 Fungi Beasts","floor":14,"turns":5},{"damage":26,"enemies":"The Guardian","floor":16,"turns":13}],"seed_played":"6867136782658432386","potions_obtained":[{"floor":1.0,"key":"SkillPotion"},{"floor":3.0,"key":"SteroidPotion"},{"floor":7.0,"key":"LiquidBronze"}],"is_trial":false,"path_per_floor":["M","M","M","M","$","R","?","R","T","M","?","R","E","M","R","B"],"character_chosen":"THE_SILENT","items_purchased":["Mayhem","Backflip"],"campfire_rested":3,"item_purchase_floors":[5,5],"current_hp_per_floor":[70,70,70,49,49,49,2,23,23,12,17,39,4,4,26,0],"gold":127,"neow_bonus":"HUNDRED_GOLD","is_prod":false,"is_daily":false,"chose_seed":false,"campfire_upgraded":1,"win_rate":0,"timestamp":1554944255,"path_taken":["M","M","M","?","$","R","?","R","T","M","?","R","E","M","R","BOSS"],"build_version":"2019-01-23","purchased_purges":0,"victory":false,"max_hp_per_floor":[70,70,70,70,70,70,70,70,70,70,75,75,75,75,75,75],"card_choices":[{"not_picked":["Choke","Dodge and Roll"],"picked":"Escape Plan","floor":1.0},{"not_picked":["Choke","Masterful Stab"],"picked":"Dodge and Roll","floor":2.0},{"not_picked":["Flechettes","Masterful Stab"],"picked":"PiercingWail","floor":3.0},{"not_picked":["Slice","Blade Dance"],"picked":"PiercingWail","floor":4.0},{"not_picked":["Accuracy","Escape Plan"],"picked":"Predator","floor":10.0},{"not_picked":["Heel Hook","Finisher"],"picked":"Leg Sweep","floor":10.0},{"not_picked":["Masterful Stab","Sucker Punch","Doppelganger"],"picked":"SKIP","floor":13},{"not_picked":["Quick Slash","Finisher","Deflect"],"picked":"SKIP","floor":14},{"not_picked":["Underhanded Strike","Deadly Poison","Quick Slash"],"picked":"SKIP","floor":14}],"player_experience":309329,"relics_obtained":[{"floor":7.0,"key":"Peace Pipe"},{"floor":9.0,"key":"Prayer Wheel"},{"floor":13,"key":"Dodecahedron"}],"event_choices":[{"damage_healed":0.0,"max_hp_gain":0.0,"max_hp_loss":0.0,"gold_gain":0.0,"event_name":"Dead Adventurer","player_choice":"Searched \u00271\u0027 times","floor":7.0,"gold_loss":0.0,"damage_taken":0.0},{"damage_healed":0.0,"max_hp_gain":5.0,"max_hp_loss":0.0,"gold_gain":0.0,"event_name":"Big Fish","player_choice":"Donut","floor":11.0,"gold_loss":0.0,"damage_taken":0.0}],"is_beta":false,"boss_relics":[],"items_purged_floors":[],"is_endless":false,"potions_floor_spawned":[1,3,7],"killed_by":"The Guardian","ascension_level":3}