{"path_per_floor":["M","T","M","?","?","R","E","M","T","M","M","M","R","M","R","B",null,"M","M","M","?","$","E","?","R","T","M","M","R","M","M","R","B",null,"M","M","?","?","T","R","$","R","T","M","M"],"character_chosen":"IRONCLAD","items_purchased":["Pantograph","Flex","Perfected Strike","Whetstone"],"gold_per_floor":[112,112,132,132,132,132,163,178,178,203,226,241,241,265,265,390,390,404,420,438,438,129,156,56,56,56,76,94,94,110,121,121,224,224,242,257,309,309,378,378,177,177,177,196,210],"floor_reached":46,"campfire_rested":5,"playtime":2491,"current_hp_per_floor":[78,78,76,56,40,79,45,44,44,29,23,24,63,54,80,33,80,71,63,40,40,40,21,21,60,60,58,67,67,66,58,58,38,84,82,65,36,36,41,82,82,82,82,57,39],"items_purged":[],"gold":210,"score":396,"play_id":"f04ff878-0271-4d1a-a358-4b29c0d89caf","is_prod":false,"is_daily":false,"is_ascension_mode":false,"campfire_upgraded":3,"path_taken":["M","?","M","?","?","R","E","?","T","M","M","M","R","M","R","BOSS","M","M","M","?","$","E","?","R","T","M","M","R","M","M","R","BOSS","M","M","?","?","?","R","$","R","T","M","M","M"],"build_version":"2018-02-08-PROD1","purchased_purges":1,"victory":false,"master_deck":["Strike_R+1","Strike_R","Strike_R","Strike_R+1","Strike_R","Defend_R","Defend_R","Defend_R","Bash+1","Thunderclap","Headbutt+1","Twin Strike","Evolve+1","Perfected Strike+1","Rampage","Wild Strike","Wild Strike","Offering","Battle Trance+1","Shrug It Off","Power Through+1","Flex","Wild Strike","J.A.X.","Spot Weakness+1","Burning Pact+1","Limit Break+1","Perfected Strike","Perfected Strike"],"max_hp_per_floor":[80,80,80,80,80,80,80,80,80,80,80,80,80,80,80,80,80,80,80,80,80,80,80,80,80,80,80,80,80,82,84,84,84,84,86,86,88,88,88,88,88,88,88,90,92],"relics":["Burning Blood","Regal Pillow","Sundial","Bloody Idol","Toolbox","Ice Cream","White Beast Statue","Pantograph","Magic Flower","Singing Bowl","Sozu","Unceasing Top","Centennial Puzzle","Whetstone","Juzu Bracelet"],"card_choices":[{"not_picked":["True Grit","Reckless Charge"],"picked":"Thunderclap"},{"not_picked":["Warcry","Power Through"],"picked":"Headbutt"},{"not_picked":["Anger","Armaments"],"picked":"Twin Strike"},{"not_picked":["Anger","Shockwave"],"picked":"Evolve"},{"not_picked":["Heavy Blade","Clothesline"],"picked":"Perfected Strike"},{"not_picked":["Warcry","Shockwave"],"picked":"Rampage"},{"not_picked":["Metallicize","Spot Weakness"],"picked":"Wild Strike"},{"not_picked":["Anger","Clash"],"picked":"Wild Strike"},{"not_picked":["Demon Form","Double Tap"],"picked":"Offering"},{"not_picked":["Uppercut","Pummel"],"picked":"Battle Trance"},{"not_picked":["Carnage","Cleave"],"picked":"Shrug It Off"},{"not_picked":["Armaments","Anger"],"picked":"Power Through"},{"not_picked":["Feel No Pain","Rage"],"picked":"Wild Strike"},{"not_picked":["Evolve","True Grit"],"picked":"Spot Weakness"},{"not_picked":["Power Through","Anger"],"picked":"Burning Pact"},{"not_picked":["Bludgeon","Exhume"],"picked":"Limit Break"},{"not_picked":["Whirlwind","Combust"],"picked":"Perfected Strike"}],"player_experience":126960,"potions_floor_usage":[12,16,16,18,20,23,23,28,33,33,33],"damage_taken":[{"damage":8,"enemies":"Blue Slaver","floor":1,"turns":5},{"damage":8,"enemies":"Jaw Worm","floor":3,"turns":4},{"damage":40,"enemies":"3 Sentries","floor":7,"turns":7},{"damage":7,"enemies":"2 Louse","floor":8,"turns":2},{"damage":21,"enemies":"Large Slime","floor":10,"turns":4},{"damage":16,"enemies":"2 Fungi Beasts","floor":11,"turns":3},{"damage":11,"enemies":"Exordium Wildlife","floor":12,"turns":3},{"damage":15,"enemies":"Exordium Thugs","floor":14,"turns":4},{"damage":53,"enemies":"Slime Boss","floor":16,"turns":5},{"damage":15,"enemies":"3 Byrds","floor":18,"turns":5},{"damage":14,"enemies":"2 Thieves","floor":19,"turns":2},{"damage":29,"enemies":"Centurion and Healer","floor":20,"turns":4},{"damage":39,"enemies":"Gremlin Leader","floor":23,"turns":4},{"damage":16,"enemies":"Cultist and Chosen","floor":27,"turns":5},{"damage":11,"enemies":"3 Cultists","floor":28,"turns":5},{"damage":17,"enemies":"Slaver and Parasite","floor":30,"turns":4},{"damage":24,"enemies":"Snake Plant","floor":31,"turns":3},{"damage":60,"enemies":"Collector","floor":33,"turns":5},{"damage":18,"enemies":"3 Darklings","floor":35,"turns":3},{"damage":31,"enemies":"3 Shapes","floor":36,"turns":2},{"damage":45,"enemies":"Mysterious Sphere","floor":37,"turns":5},{"damage":41,"enemies":"Maw","floor":44,"turns":6},{"damage":34,"enemies":"Sphere and 2 Shapes","floor":45,"turns":3},{"damage":44,"enemies":"4 Shapes","floor":46,"turns":5}],"event_choices":[{"event_name":"Golden Idol","player_choice":"Take Damage","floor":4,"damage_taken":0},{"event_name":"Shining Light","player_choice":"Entered Light","floor":5,"damage_taken":0},{"event_name":"Forgotten Altar","player_choice":"Gave Idol","floor":21,"damage_taken":0},{"event_name":"Drug Dealer","player_choice":"Got JAXXED","floor":24,"damage_taken":0},{"event_name":"Mysterious Sphere","player_choice":"Fight","floor":37,"damage_taken":0}],"boss_relics":[{"not_picked":["Runic Cube","Lizard Tail"],"picked":"White Beast Statue"},{"not_picked":["Tiny House","Astrolabe"],"picked":"Sozu"}],"potions_floor_spawned":[7,8,11,14,18,19,20,23,27,28,30,31,33,35,36,37,44,45],"seed_played":"-6729461740081887722","killed_by":"4 Shapes","ascension_level":0,"is_trial":false}