{"gold_per_floor":[110,110,120,132,207,207,240,257,257,257,272,300,32,58,58,161,161,172,172,172,192,202,202,237,249,318,318,35,46,46,56,56,159,159,174,174,189,204,223,223,258,258,258,272,302,302,39,55,55,55],"floor_reached":51,"playtime":3426,"items_purged":[],"score":889,"play_id":"2197764c-6a6f-406d-be35-a5202e9efbcf","local_time":"20180819181618","is_ascension_mode":true,"campfire_choices":[{"data":"Genetic Algorithm","floor":6,"key":"SMITH"},{"data":"Chill","floor":10,"key":"SMITH"},{"floor":15,"key":"REST"},{"floor":23,"key":"REST"},{"floor":27,"key":"REST"},{"floor":32,"key":"REST"},{"floor":40,"key":"REST"},{"floor":42,"key":"REST"},{"data":"Apotheosis","floor":49,"key":"SMITH"}],"neow_cost":"NONE","seed_source_timestamp":230923502000352,"circlet_count":0,"master_deck":["Strike_B","Strike_B+1","Strike_B","Defend_B","Defend_B","Defend_B","Defend_B","Zap","Dualcast","Conserve Battery","Sweeping Beam","Genetic Algorithm+1","Steam","Chill+1","Hologram","Defragment+1","Cold Snap+1","Loop+1","Melter","Coolheaded","Forethought","Stack","Electrodynamics+1","Cold Snap+1","Redo","Coolheaded","Conserve Battery","Redo","Impatience","Stack","Seek","Turbo","Cold Snap","Echo Form+1","Redo+1","Apotheosis+1","Finesse","Mind Blast","Conserve Battery","Storm+1","Doom and Gloom","Fission","Static Discharge+1","Go for the Eyes+1","Madness+1","Madness+1","Self Repair+1","Tempest+1","Sweeping Beam+1"],"relics":["Cracked Core","Calipers","Frozen Egg 2","Bottled Flame","Whetstone","Nuclear Battery","Nilry\u0027s Codex","Nloth\u0027s Gift","Symbiotic Virus","Matryoshka","Black Star","Turnip","Emotion Chip","Toxic Egg 2","Strawberry","Peace Pipe","Thread and Needle","DataDisk"],"potions_floor_usage":[7,7,12,14,24,33,33,41,48,50],"damage_taken":[{"damage":7,"enemies":"Small Slimes","floor":1,"turns":4},{"damage":0,"enemies":"Jaw Worm","floor":3,"turns":3},{"damage":5,"enemies":"2 Louse","floor":4,"turns":3},{"damage":0,"enemies":"3 Sentries","floor":7,"turns":5},{"damage":0,"enemies":"Large Slime","floor":8,"turns":4},{"damage":0,"enemies":"Lots of Slimes","floor":11,"turns":4},{"damage":6,"enemies":"Lagavulin","floor":12,"turns":7},{"damage":0,"enemies":"Gremlin Nob","floor":14,"turns":4},{"damage":3,"enemies":"The Guardian","floor":16,"turns":17},{"damage":14,"enemies":"2 Thieves","floor":18,"turns":5},{"damage":0,"enemies":"Spheric Guardian","floor":21,"turns":1},{"damage":9,"enemies":"Shelled Parasite and Fungi","floor":22,"turns":5},{"damage":17,"enemies":"Book of Stabbing","floor":24,"turns":6},{"damage":28,"enemies":"Cultist and Chosen","floor":25,"turns":6},{"damage":0,"enemies":"3 Cultists","floor":29,"turns":4},{"damage":4,"enemies":"Snake Plant","floor":31,"turns":3},{"damage":0,"enemies":"Champ","floor":33,"turns":21},{"damage":0,"enemies":"3 Shapes","floor":35,"turns":2},{"damage":12,"enemies":"3 Darklings","floor":37,"turns":6},{"damage":12,"enemies":"Spire Growth","floor":38,"turns":5},{"damage":5,"enemies":"Maw","floor":39,"turns":8},{"damage":28,"enemies":"2 Orb Walkers","floor":41,"turns":5},{"damage":14,"enemies":"3 Darklings","floor":44,"turns":3},{"damage":11,"enemies":"Giant Head","floor":45,"turns":12},{"damage":0,"enemies":"Sphere and 2 Shapes","floor":48,"turns":5},{"damage":69,"enemies":"Awakened One","floor":50,"turns":12}],"seed_played":"-5901012902910339612","potions_obtained":[{"floor":1,"key":"PowerPotion"},{"floor":3,"key":"FocusPotion"},{"floor":4,"key":"FocusPotion"},{"floor":12,"key":"GamblersBrew"},{"floor":16,"key":"FairyPotion"},{"floor":21,"key":"SkillPotion"},{"floor":25,"key":"FocusPotion"},{"floor":31,"key":"SkillPotion"},{"floor":38,"key":"Dexterity Potion"},{"floor":39,"key":"Ancient Potion"},{"floor":45,"key":"Regen Potion"}],"is_trial":false,"path_per_floor":["M","?","M","M","?","R","E","M","T","R","M","E","$","E","R","B",null,"M","?","?","M","M","R","E","M","T","R","$","M","$","M","R","B",null,"M","?","M","M","M","R","E","R","T","M","E","?","$","M","R","B"],"character_chosen":"DEFECT","items_purchased":["Loop+1","Melter","Coolheaded","Forethought","Impatience","Stack","Seek","DataDisk","Self Repair+1","Tempest+1"],"campfire_rested":6,"item_purchase_floors":[13,13,13,13,28,28,28,47,47,47],"current_hp_per_floor":[68,68,68,63,52,52,52,52,52,52,52,46,46,46,68,65,75,61,45,45,45,36,58,41,13,13,35,35,35,35,31,53,53,75,75,65,53,41,36,58,30,52,59,45,41,31,31,65,65,18],"gold":55,"neow_bonus":"RANDOM_COMMON_RELIC","is_prod":false,"is_daily":false,"chose_seed":false,"campfire_upgraded":3,"win_rate":0,"timestamp":1534724178,"path_taken":["M","?","M","M","?","R","E","?","T","R","M","E","?","E","R","BOSS","M","?","?","M","M","R","E","M","T","R","$","M","?","M","R","BOSS","M","?","?","M","?","R","E","R","T","M","E","?","$","?","R","BOSS"],"build_version":"2018-08-16","purchased_purges":0,"victory":true,"max_hp_per_floor":[75,75,75,75,75,75,75,75,75,75,75,75,75,75,75,75,75,75,75,75,75,75,75,75,75,75,75,75,75,75,75,75,75,75,75,75,75,75,75,75,75,75,82,82,82,82,82,82,82,82],"card_choices":[{"not_picked":["Doom and Gloom","Gash"],"picked":"Conserve Battery","floor":1},{"not_picked":["Coolheaded","Conserve Battery"],"picked":"Genetic Algorithm","floor":3},{"not_picked":["Barrage","Sweeping Beam"],"picked":"Steam","floor":4},{"not_picked":["Sweeping Beam","Double Energy"],"picked":"Chill","floor":7},{"not_picked":["Creative AI","Sweeping Beam"],"picked":"Hologram","floor":8},{"not_picked":["Reinforced Body","Double Energy"],"picked":"Defragment+1","floor":11},{"not_picked":["Machine Learning+1","Stack"],"picked":"Cold Snap","floor":12},{"not_picked":["Compile Driver","Rebound"],"picked":"Stack","floor":14},{"not_picked":["Hyperbeam","Seek"],"picked":"Electrodynamics+1","floor":16},{"not_picked":["Steam","Reinforced Body"],"picked":"Cold Snap+1","floor":18},{"not_picked":["Hologram","Gash+1"],"picked":"Redo","floor":21},{"not_picked":["Gash","Sweeping Beam+1"],"picked":"Coolheaded","floor":22},{"not_picked":["Leap","Sweeping Beam+1"],"picked":"Conserve Battery","floor":24},{"not_picked":["Auto Shields+1","Sweeping Beam"],"picked":"Redo","floor":25},{"not_picked":["Stack","All For One"],"picked":"Turbo","floor":29},{"not_picked":["FTL","Beam Cell"],"picked":"Cold Snap","floor":31},{"not_picked":["Reboot","Machine Learning+1"],"picked":"Echo Form+1","floor":33},{"not_picked":["Loop+1","Auto Shields"],"picked":"Redo+1","floor":35},{"not_picked":["Deep Breath","Purity"],"picked":"Apotheosis","floor":36},{"not_picked":["Discovery","Magnetism+1"],"picked":"Finesse","floor":36},{"not_picked":["Finesse","Jack Of All Trades"],"picked":"Mind Blast","floor":36},{"not_picked":["Compile Driver+1","Hologram"],"picked":"Conserve Battery","floor":37},{"not_picked":["Stack","Redo+1"],"picked":"Storm+1","floor":38},{"not_picked":["Compile Driver","Melter"],"picked":"Doom and Gloom","floor":39},{"not_picked":["Redo","Glacier"],"picked":"Fission","floor":41},{"not_picked":["Hello World+1","Cold Snap"],"picked":"Static Discharge+1","floor":44},{"not_picked":["Sweeping Beam+1","Streamline+1"],"picked":"Go for the Eyes+1","floor":45},{"not_picked":["Beam Cell","All For One"],"picked":"Sweeping Beam+1","floor":48}],"player_experience":263866,"relics_obtained":[{"floor":7,"key":"Calipers"},{"floor":9,"key":"Frozen Egg 2"},{"floor":12,"key":"Bottled Flame"},{"floor":14,"key":"Whetstone"},{"floor":19,"key":"Nilry\u0027s Codex"},{"floor":24,"key":"Symbiotic Virus"},{"floor":26,"key":"Matryoshka"},{"floor":41,"key":"Turnip"},{"floor":41,"key":"Emotion Chip"},{"floor":43,"key":"Toxic Egg 2"},{"floor":43,"key":"Strawberry"},{"floor":45,"key":"Peace Pipe"},{"floor":45,"key":"Thread and Needle"}],"event_choices":[{"event_name":"Living Wall","player_choice":"Change","floor":2,"damage_taken":0},{"event_name":"World of Goop","player_choice":"Gather Gold","floor":5,"damage_taken":0},{"event_name":"Cursed Tome","player_choice":"Obtained Book","floor":19,"damage_taken":0},{"event_name":"N\u0027loth","player_choice":"Traded a Vajra","floor":20,"damage_taken":0},{"event_name":"SensoryStone","player_choice":"Memory 3","floor":36,"damage_taken":0},{"event_name":"Winding Halls","player_choice":"Embrace Madness","floor":46,"damage_taken":0}],"is_beta":false,"boss_relics":[{"not_picked":["Coffee Dripper","Astrolabe"],"picked":"Nuclear Battery"},{"not_picked":["Runic Pyramid","Sozu"],"picked":"Black Star"}],"items_purged_floors":[],"is_endless":false,"potions_floor_spawned":[1,3,4,12,16,21,25,31,38,39,45],"ascension_level":1}