{"gold_per_floor":[20,40,40,51,326,326,344,363,363,392,422,442,3,16,16,113,113,127,227,128,128,138,138,167,11,11,11,25,25,41,41,41,137,137,150,150,162,162,215,244,244,259,310,320,320,18,18,0,0,0,0,0,0,32,32],"floor_reached":55,"playtime":14518,"items_purged":["Regret"],"score":795,"play_id":"befa3ab7-18bd-474f-b997-07034d9011c1","local_time":"20181119141358","is_ascension_mode":false,"campfire_choices":[{"data":"Perfected Strike","floor":6,"key":"SMITH"},{"data":"Apotheosis","floor":15,"key":"SMITH"},{"data":"Secret Technique","floor":23,"key":"SMITH"},{"floor":27,"key":"RECALL"},{"floor":32,"key":"REST"},{"floor":41,"key":"REST"},{"floor":47,"key":"REST"},{"floor":49,"key":"REST"},{"floor":52,"key":"REST"}],"neow_cost":"NO_GOLD","seed_source_timestamp":491185611048175,"circlet_count":0,"master_deck":["Strike_R","Strike_R","Strike_R","Strike_R","Strike_R","Defend_R","Defend_R","Defend_R","Defend_R","Bash","Finesse","Secret Technique+1","Perfected Strike+1","Flame Barrier","Wild Strike","Perfected Strike","Shrug It Off","Pommel Strike","Rage","True Grit","Apotheosis+1","Feed","Twin Strike","Flex","Power Through+1","Body Slam","Twin Strike","Battle Trance+1","Discovery","Enlightenment","Deep Breath","Havoc","Perfected Strike","Wild Strike","Entrench","Wild Strike+1","Madness","Madness","Shrug It Off","Pommel Strike+1"],"relics":["Burning Blood","Strawberry","Odd Mushroom","Self Forming Clay","Gremlin Horn","White Beast Statue","Bottled Flame","Bag of Marbles","Ornamental Fan","Enchiridion","Fusion Hammer","Incense Burner","Shuriken","Orichalcum","Bottled Lightning","Red Mask","Oddly Smooth Stone"],"potions_floor_usage":[10,11,18,22,24,28,33,35,39,39,40,50,50,55,55],"damage_taken":[{"damage":12,"enemies":"Jaw Worm","floor":1,"turns":5},{"damage":0,"enemies":"2 Louse","floor":2,"turns":3},{"damage":0,"enemies":"Cultist","floor":4,"turns":4},{"damage":3,"enemies":"2 Fungi Beasts","floor":7,"turns":3},{"damage":14,"enemies":"Exordium Thugs","floor":8,"turns":5},{"damage":7,"enemies":"The Mushroom Lair","floor":10,"turns":5},{"damage":10,"enemies":"3 Sentries","floor":11,"turns":8},{"damage":1,"enemies":"3 Louse","floor":12,"turns":3},{"damage":11,"enemies":"Large Slime","floor":14,"turns":8},{"damage":16,"enemies":"The Guardian","floor":16,"turns":11},{"damage":16,"enemies":"Chosen","floor":18,"turns":6},{"damage":6,"enemies":"Shell Parasite","floor":22,"turns":5},{"damage":14,"enemies":"Book of Stabbing","floor":24,"turns":7},{"damage":12,"enemies":"Chosen and Byrds","floor":28,"turns":5},{"damage":0,"enemies":"3 Cultists","floor":30,"turns":4},{"damage":21,"enemies":"Collector","floor":33,"turns":10},{"damage":0,"enemies":"Orb Walker","floor":35,"turns":1},{"damage":0,"enemies":"3 Darklings","floor":37,"turns":4},{"damage":0,"enemies":"2 Orb Walkers","floor":39,"turns":3},{"damage":16,"enemies":"Reptomancer","floor":40,"turns":8},{"damage":13,"enemies":"Spire Growth","floor":42,"turns":2},{"damage":3,"enemies":"Jaw Worm Horde","floor":44,"turns":4},{"damage":50,"enemies":"Donu and Deca","floor":50,"turns":8},{"damage":31,"enemies":"Shield and Spear","floor":54,"turns":6},{"damage":85,"enemies":"The Heart","floor":55,"turns":9}],"seed_played":"796594282233943468","potions_obtained":[{"floor":1,"key":"Ancient Potion"},{"floor":2,"key":"EssenceOfSteel"},{"floor":4,"key":"EssenceOfSteel"},{"floor":16,"key":"PowerPotion"},{"floor":18,"key":"Poison Potion"},{"floor":22,"key":"SteroidPotion"},{"floor":24,"key":"Ancient Potion"},{"floor":28,"key":"SteroidPotion"},{"floor":30,"key":"PowerPotion"},{"floor":33,"key":"Poison Potion"},{"floor":35,"key":"AttackPotion"},{"floor":37,"key":"Block Potion"},{"floor":39,"key":"Swift Potion"},{"floor":40,"key":"SpeedPotion"},{"floor":42,"key":"Swift Potion"},{"floor":44,"key":"LiquidBronze"},{"floor":54,"key":"SpeedPotion"}],"is_trial":false,"path_per_floor":["M","M","?","M","?","R","M","M","T","?","E","M","$","M","R","B",null,"M","?","$","?","M","R","E","$","T","R","M","?","M","?","R","B",null,"M","?","M","?","?","E","R","M","T","M","?","$","R","?","R","B",null,"R","$","E","B"],"character_chosen":"IRONCLAD","items_purchased":["Apotheosis","Gremlin Horn","Flex","Bag of Marbles","Bottled Lightning","Shrug It Off"],"campfire_rested":5,"item_purchase_floors":[13,13,20,25,46,46],"current_hp_per_floor":[74,80,80,86,86,86,87,79,79,78,74,79,79,74,74,64,87,77,77,77,77,77,77,73,73,73,73,67,51,57,39,67,52,96,96,86,92,92,96,90,100,93,93,96,83,83,100,100,100,56,100,100,100,79,0],"gold":32,"neow_bonus":"RANDOM_COLORLESS_2","is_prod":false,"is_daily":false,"chose_seed":false,"campfire_upgraded":3,"win_rate":0,"timestamp":1542662038,"path_taken":["M","M","?","M","?","R","?","M","T","?","E","M","$","M","R","BOSS","M","?","?","?","M","R","E","$","T","R","M","?","M","?","R","BOSS","M","?","M","?","?","E","R","M","T","?","?","$","R","?","R","BOSS","R","$","E","BOSS"],"build_version":"2018-11-15","purchased_purges":1,"victory":false,"max_hp_per_floor":[80,80,87,87,87,87,87,87,87,87,87,87,87,87,87,87,87,87,87,87,87,87,87,91,91,91,91,91,91,91,96,96,96,96,96,96,96,96,96,100,100,100,100,100,100,100,100,100,100,100,100,100,100,104,104],"card_choices":[{"not_picked":["Hemokinesis","Sword Boomerang"],"picked":"Perfected Strike","floor":1},{"not_picked":["True Grit","Bloodletting"],"picked":"Flame Barrier","floor":2},{"not_picked":["Blood for Blood","Dropkick"],"picked":"Wild Strike","floor":4},{"not_picked":["Flame Barrier","Shockwave"],"picked":"Perfected Strike","floor":7},{"not_picked":["Twin Strike","Dropkick"],"picked":"Shrug It Off","floor":8},{"not_picked":["Clash","Rupture"],"picked":"Pommel Strike","floor":10},{"not_picked":["Headbutt","Pummel"],"picked":"Rage","floor":11},{"not_picked":["Burning Pact","Entrench"],"picked":"True Grit","floor":12},{"not_picked":["Combust","Thunderclap","Berserk"],"picked":"SKIP","floor":14},{"not_picked":["Bludgeon","Offering"],"picked":"Feed","floor":16},{"not_picked":["Evolve","Clothesline"],"picked":"Twin Strike","floor":18},{"not_picked":["Sword Boomerang","Heavy Blade"],"picked":"Power Through+1","floor":22},{"not_picked":["Heavy Blade","Havoc","Cleave"],"picked":"SKIP","floor":24},{"not_picked":["Inflame","Spot Weakness"],"picked":"Body Slam","floor":28},{"not_picked":["Iron Wave","Body Slam"],"picked":"Twin Strike","floor":30},{"not_picked":["Berserk","Fiend Fire"],"picked":"Juggernaut","floor":33},{"not_picked":["Cleave","Hemokinesis"],"picked":"Battle Trance+1","floor":35},{"not_picked":["Dramatic Entrance","Deep Breath"],"picked":"Discovery","floor":36},{"not_picked":["Madness","Magnetism"],"picked":"Enlightenment","floor":36},{"not_picked":["Dramatic Entrance","Mind Blast"],"picked":"Deep Breath","floor":36},{"not_picked":["Fire Breathing","Flex"],"picked":"Havoc","floor":37},{"not_picked":["Cleave","Inflame+1"],"picked":"Perfected Strike","floor":39},{"not_picked":["Burning Pact+1","Sword Boomerang"],"picked":"Wild Strike","floor":40},{"not_picked":["Thunderclap+1","Dropkick+1"],"picked":"Entrench","floor":42},{"not_picked":["Seeing Red+1","True Grit"],"picked":"Wild Strike+1","floor":44},{"not_picked":["Immolate","Burning Pact"],"picked":"Pommel Strike+1","floor":54}],"player_experience":1098812,"relics_obtained":[{"floor":10,"key":"Odd Mushroom"},{"floor":11,"key":"Self Forming Clay"},{"floor":24,"key":"Bottled Flame"},{"floor":26,"key":"Ornamental Fan"},{"floor":29,"key":"Enchiridion"},{"floor":39,"key":"Incense Burner"},{"floor":40,"key":"Shuriken"},{"floor":43,"key":"Orichalcum"},{"floor":54,"key":"Oddly Smooth Stone"}],"event_choices":[{"damage_healed":0,"gold_gain":0,"player_choice":"Success","damage_taken":7,"relics_obtained":["Strawberry"],"max_hp_gain":0,"max_hp_loss":0,"event_name":"Scrap Ooze","floor":3,"gold_loss":0},{"damage_healed":0,"gold_gain":275,"player_choice":"Desecrate","damage_taken":0,"max_hp_gain":0,"max_hp_loss":0,"event_name":"Golden Shrine","floor":5,"gold_loss":0,"cards_obtained":["Regret"]},{"damage_healed":0,"gold_gain":0,"player_choice":"Fought Mushrooms","damage_taken":0,"max_hp_gain":0,"max_hp_loss":0,"event_name":"Mushrooms","floor":10,"gold_loss":0},{"damage_healed":0,"gold_gain":100,"player_choice":"Pray","damage_taken":0,"max_hp_gain":0,"max_hp_loss":0,"event_name":"Golden Shrine","floor":19,"gold_loss":0},{"damage_healed":0,"gold_gain":0,"player_choice":"Ignored","damage_taken":0,"max_hp_gain":0,"max_hp_loss":0,"event_name":"Beggar","floor":21,"gold_loss":0},{"damage_healed":0,"gold_gain":0,"player_choice":"Obtained Book","damage_taken":16,"max_hp_gain":0,"max_hp_loss":0,"event_name":"Cursed Tome","floor":29,"gold_loss":0},{"damage_healed":0,"gold_gain":0,"player_choice":"Shed Blood","damage_taken":23,"max_hp_gain":5,"max_hp_loss":0,"event_name":"Forgotten Altar","floor":31,"gold_loss":0},{"damage_healed":0,"gold_gain":0,"player_choice":"Memory 3","damage_taken":10,"max_hp_gain":0,"max_hp_loss":0,"event_name":"SensoryStone","floor":36,"gold_loss":0},{"cards_removed":["Juggernaut"],"damage_healed":0,"gold_gain":0,"player_choice":"Removed Power","damage_taken":0,"max_hp_gain":0,"max_hp_loss":0,"event_name":"Falling","floor":38,"gold_loss":0},{"damage_healed":0,"gold_gain":0,"player_choice":"Fight","damage_taken":0,"max_hp_gain":0,"max_hp_loss":0,"event_name":"Mysterious Sphere","floor":39,"gold_loss":0},{"damage_healed":0,"gold_gain":0,"player_choice":"Embrace Madness","damage_taken":13,"max_hp_gain":0,"max_hp_loss":0,"event_name":"Winding Halls","floor":45,"gold_loss":0,"cards_obtained":["Madness","Madness"]},{"damage_healed":0,"gold_gain":0,"player_choice":"Paid","damage_taken":0,"relics_obtained":["Red Mask"],"max_hp_gain":0,"max_hp_loss":0,"event_name":"Tomb of Lord Red Mask","floor":48,"gold_loss":18}],"is_beta":false,"boss_relics":[{"not_picked":["Calling Bell","Empty Cage"],"picked":"White Beast Statue"},{"not_picked":["Velvet Choker","Philosopher\u0027s Stone"],"picked":"Fusion Hammer"}],"items_purged_floors":[20],"is_endless":false,"potions_floor_spawned":[1,2,4,8,16,18,22,24,28,30,33,35,37,39,40,42,44,54],"killed_by":"The Heart","ascension_level":0}