{"gold_per_floor":[111,124,49,67,67,67,83,33,57,57,76,104,159,173,173,276,276],"floor_reached":17,"playtime":719,"items_purged":["Strike_R"],"score":157,"play_id":"4f42f6e3-e1a6-47ff-8751-a6302a08dd8c","local_time":"20190206214032","is_ascension_mode":false,"campfire_choices":[{"data":"Bash","floor":6.0,"key":"SMITH"},{"data":"Strike_R","floor":10.0,"key":"SMITH"},{"data":"Disarm","floor":15.0,"key":"SMITH"}],"neow_cost":"TEN_PERCENT_HP_LOSS","seed_source_timestamp":357256250020820,"circlet_count":0,"master_deck":["Strike_R","Strike_R","Strike_R+1","Defend_R","Defend_R","Defend_R","Bash+1","Disarm+1"],"special_seed":0,"relics":["Burning Blood","Red Skull","Ginger","Oddly Smooth Stone","Juzu Bracelet","Bottled Lightning","Orrery"],"potions_floor_usage":[],"damage_taken":[{"damage":10.0,"enemies":"Small Slimes","floor":1.0,"turns":3.0},{"damage":8.0,"enemies":"Jaw Worm","floor":2.0,"turns":5.0},{"damage":1.0,"enemies":"Cultist","floor":4.0,"turns":3.0},{"damage":19.0,"enemies":"Gremlin Gang","floor":7.0,"turns":6.0},{"damage":1.0,"enemies":"Blue Slaver","floor":11.0,"turns":4.0},{"damage":28.0,"enemies":"Gremlin Nob","floor":12.0,"turns":4.0},{"damage":6.0,"enemies":"Gremlin Nob","floor":13.0,"turns":3.0},{"damage":6.0,"enemies":"Exordium Wildlife","floor":14.0,"turns":3.0},{"damage":32.0,"enemies":"Slime Boss","floor":16.0,"turns":12.0}],"seed_played":"-1268837175473082477","potions_obtained":[{"floor":12.0,"key":"SpeedPotion"},{"floor":13.0,"key":"Fire Potion"},{"floor":14.0,"key":"Weak Potion"},{"floor":16,"key":"Block Potion"}],"is_trial":false,"path_per_floor":["M","M","$","M","?","R","M","?","T","R","M","E","?","M","R","B",null],"character_chosen":"IRONCLAD","items_purchased":[],"campfire_rested":0,"item_purchase_floors":[],"current_hp_per_floor":[68,66,66,71,64,64,51,51,51,51,56,34,34,34,34,8,8],"gold":276,"neow_bonus":"REMOVE_TWO","is_prod":false,"is_daily":false,"chose_seed":false,"campfire_upgraded":3,"win_rate":0,"timestamp":1549518032,"path_taken":["M","M","$","M","?","R","M","?","T","R","?","E","?","M","R","BOSS","BOSS"],"build_version":"2019-01-23","purchased_purges":1,"victory":false,"max_hp_per_floor":[72,72,72,72,72,72,72,72,72,72,72,72,72,72,72,72,72],"card_choices":[{"not_picked":["Iron Wave","Metallicize","Pummel"],"picked":"SKIP","floor":1.0},{"not_picked":["Rage","Sword Boomerang","Clash"],"picked":"SKIP","floor":2.0},{"not_picked":["Inflame","Clash","Power Through"],"picked":"SKIP","floor":4.0},{"not_picked":["Flex","Iron Wave","Armaments"],"picked":"SKIP","floor":7.0},{"not_picked":["Anger","Pummel","Warcry"],"picked":"SKIP","floor":11.0},{"not_picked":["Limit Break","True Grit","Rage"],"picked":"SKIP","floor":12.0},{"not_picked":["Sword Boomerang","Clash"],"picked":"Disarm","floor":13.0},{"not_picked":["Reckless Charge","Warcry","Body Slam"],"picked":"SKIP","floor":14.0}],"player_experience":362878,"relics_obtained":[{"floor":9.0,"key":"Oddly Smooth Stone"},{"floor":12.0,"key":"Juzu Bracelet"},{"floor":13.0,"key":"Bottled Lightning"}],"event_choices":[{"damage_healed":0.0,"max_hp_gain":0.0,"max_hp_loss":0.0,"gold_gain":0.0,"event_name":"Scrap Ooze","player_choice":"Success","floor":5.0,"gold_loss":0.0,"damage_taken":7.0,"relics_obtained":["Red Skull"]},{"damage_healed":0.0,"max_hp_gain":0.0,"max_hp_loss":0.0,"gold_gain":0.0,"event_name":"WeMeetAgain","player_choice":"Paid Gold","floor":8.0,"gold_loss":50.0,"damage_taken":0.0,"relics_obtained":["Ginger"]},{"damage_healed":0.0,"max_hp_gain":0.0,"max_hp_loss":0.0,"gold_gain":30.0,"event_name":"Dead Adventurer","player_choice":"Searched \u00272\u0027 times","floor":13.0,"gold_loss":0.0,"damage_taken":0.0}],"is_beta":false,"boss_relics":[{"not_picked":["Runic Dome","Velvet Choker"],"picked":"Orrery"}],"items_purged_floors":[3],"is_endless":false,"potions_floor_spawned":[12,13,14,16],"ascension_level":0}