{"gold_per_floor":[110,126,76,89,102,102,136,149,149,179,13,30,45,45,45,149,149,160,160,173,24,24,24,24],"floor_reached":24,"playtime":1409,"items_purged":[],"score":243,"play_id":"9e950d0b-28c6-422a-b25f-129f93c871c1","local_time":"20180925000213","is_ascension_mode":true,"campfire_choices":[{"data":"Calculated Gamble","floor":6,"key":"SMITH"},{"floor":15,"key":"REST"},{"floor":23,"key":"REST"}],"neow_cost":"NONE","seed_source_timestamp":40018787508682,"circlet_count":0,"master_deck":["Defend_G","Defend_G","Defend_G","Defend_G","Strike_G","Strike_G","Strike_G","Strike_G","Survivor","Neutralize","Calculated Gamble+1","Finisher","Leg Sweep","Dagger Throw","Well Laid Plans+1","Burst","Riddle With Holes","Bandage Up","Backflip","Flying Knee","Blade Dance","Masterful Stab","Burst","Endless Agony","Skewer+1","Well Laid Plans","Masterful Stab","Ghostly","Ghostly","Ghostly","Ghostly","Ghostly"],"relics":["Ring of the Snake","Blood Vial","Mummified Hand","Sundial","White Beast Statue"],"potions_floor_usage":[7,8,10,16,19,24],"damage_taken":[{"damage":0,"enemies":"2 Louse","floor":1,"turns":2},{"damage":4,"enemies":"Jaw Worm","floor":2,"turns":4},{"damage":0,"enemies":"Small Slimes","floor":4,"turns":6},{"damage":11,"enemies":"2 Fungi Beasts","floor":5,"turns":4},{"damage":19,"enemies":"3 Sentries","floor":7,"turns":13},{"damage":7,"enemies":"Exordium Thugs","floor":8,"turns":6},{"damage":16,"enemies":"Gremlin Nob","floor":10,"turns":5},{"damage":2,"enemies":"Large Slime","floor":12,"turns":8},{"damage":6,"enemies":"3 Louse","floor":13,"turns":3},{"damage":35,"enemies":"Slime Boss","floor":16,"turns":10},{"damage":29,"enemies":"2 Thieves","floor":18,"turns":5},{"damage":30,"enemies":"Colosseum Slavers","floor":19,"turns":9},{"damage":21,"enemies":"Spheric Guardian","floor":20,"turns":6},{"damage":5,"enemies":"Gremlin Leader","floor":24,"turns":6}],"seed_played":"2107203361648193243","potions_obtained":[{"floor":1,"key":"FearPotion"},{"floor":2,"key":"Regen Potion"},{"floor":7,"key":"Block Potion"},{"floor":10,"key":"FearPotion"},{"floor":18,"key":"SpeedPotion"},{"floor":20,"key":"FearPotion"}],"is_trial":false,"path_per_floor":["M","M","?","M","M","R","E","M","T","E","$","M","M","?","R","B",null,"M","?","M","$","?","R"],"character_chosen":"THE_SILENT","items_purchased":["Bandage Up","Backflip","Flying Knee","Well Laid Plans","Masterful Stab"],"campfire_rested":2,"item_purchase_floors":[11,11,11,21,21],"current_hp_per_floor":[70,66,66,66,55,55,51,46,46,32,32,36,36,36,57,28,70,45,21,10,10,10,20,21],"gold":24,"neow_bonus":"TRANSFORM_CARD","is_prod":false,"is_daily":false,"chose_seed":false,"campfire_upgraded":1,"win_rate":0,"timestamp":1537848133,"path_taken":["M","M","?","M","M","R","E","M","T","E","$","M","M","?","R","BOSS","M","?","M","$","?","R","E"],"build_version":"2018-09-20","purchased_purges":0,"victory":false,"max_hp_per_floor":[70,70,70,70,70,70,70,70,70,70,70,70,70,70,70,70,70,70,70,70,70,35,35,35],"card_choices":[{"not_picked":["Caltrops","Acrobatics"],"picked":"Finisher","floor":1},{"not_picked":["Slice","Concentrate"],"picked":"Leg Sweep","floor":2},{"not_picked":["Tactician","Slice"],"picked":"Dagger Throw","floor":4},{"not_picked":["Reflex","Infinite Blades"],"picked":"Well Laid Plans","floor":5},{"not_picked":["Escape Plan","Dagger Spray"],"picked":"Burst","floor":7},{"not_picked":["Concentrate","Catalyst"],"picked":"Riddle With Holes","floor":8},{"not_picked":["Doppelganger","Poisoned Stab","Expertise"],"picked":"SKIP","floor":10},{"not_picked":["Dagger Spray","Sucker Punch"],"picked":"Blade Dance","floor":12},{"not_picked":["Leg Sweep","Noxious Fumes"],"picked":"Masterful Stab","floor":13},{"not_picked":["Tools of the Trade","Bullet Time"],"picked":"Burst","floor":16},{"not_picked":["Caltrops","Acrobatics+1"],"picked":"Endless Agony","floor":18},{"not_picked":["Footwork","Poisoned Stab"],"picked":"Skewer+1","floor":20}],"player_experience":278289,"relics_obtained":[{"floor":7,"key":"Blood Vial"},{"floor":9,"key":"Mummified Hand"},{"floor":10,"key":"Sundial"}],"event_choices":[{"event_name":"The Cleric","player_choice":"Card Removal","floor":3,"damage_taken":0},{"event_name":"Living Wall","player_choice":"Grow","floor":14,"damage_taken":0},{"event_name":"Colosseum","player_choice":"Fight","floor":19,"damage_taken":0},{"event_name":"Colosseum","player_choice":"Fled From Nobs","floor":19,"damage_taken":0},{"event_name":"Ghosts","player_choice":"Became a Ghost","floor":22,"damage_taken":0}],"is_beta":true,"boss_relics":[{"not_picked":["Runic Pyramid","Snecko Eye"],"picked":"White Beast Statue"}],"items_purged_floors":[],"is_endless":false,"potions_floor_spawned":[1,2,7,10,18,19,20],"killed_by":"Gremlin Leader","ascension_level":1}