{"gold_per_floor":[113,131,131,149,169,169,497,514,541,555,570,246,271,289,289,394,394,413,431,448,467,484,513,613,613,639,658,757,757,784,784,784,887,887,897,897,897,897,913,947,963,988,988,988,998,466,466,54,54,54],"floor_reached":51,"playtime":7356,"items_purged":["Strike_B","Writhe","Strike_B"],"score":811,"play_id":"29a0c6e6-8372-4946-a768-ec10e9122c7f","local_time":"20180910031718","is_ascension_mode":false,"campfire_choices":[{"data":"Electrodynamics","floor":6,"key":"SMITH"},{"data":"Coolheaded","floor":15,"key":"SMITH"},{"data":"Hologram","floor":25,"key":"SMITH"},{"floor":32,"key":"REST"},{"data":"Buffer","floor":44,"key":"SMITH"},{"data":"Defragment","floor":49,"key":"SMITH"}],"neow_cost":"","seed_source_timestamp":554111765447629,"circlet_count":0,"master_deck":["Strike_B","Defend_B","Defend_B","Defend_B","Zap","Dualcast","Conserve Battery","Coolheaded+1","Doom and Gloom","Electrodynamics+1","Self Repair","Coolheaded","Coolheaded","FTL","Aggregate","Compile Driver","Electrodynamics","Double Energy+1","Loop","Compile Driver+1","Capacitor+1","Defragment+1","Cold Snap+1","Hologram+1","Blizzard+1","Machine Learning","Machine Learning","Cold Snap+1","Auto Shields+1","Discovery","Panacea","Redo+1","Coolheaded+1","Hologram+1","Conserve Battery+1","Glacier+1","Buffer+1","Conserve Battery+1","Defragment+1"],"relics":["Cracked Core","Old Coin","Lantern","Frozen Eye","Anchor","Nuclear Battery","Smiling Mask","Prayer Wheel","Mercury Hourglass","Juzu Bracelet","Girya","Letter Opener","Inserter","Calipers","Meat on the Bone","Torii","Boot","Potion Belt","Toy Ornithopter","Shuriken","Mango"],"potions_floor_usage":[13,16,30,33,33,42,50,50,50,50,50],"damage_taken":[{"damage":0,"enemies":"Cultist","floor":1,"turns":3},{"damage":0,"enemies":"Jaw Worm","floor":2,"turns":4},{"damage":0,"enemies":"Small Slimes","floor":4,"turns":2},{"damage":10,"enemies":"3 Louse","floor":5,"turns":2},{"damage":2,"enemies":"3 Sentries","floor":7,"turns":2},{"damage":5,"enemies":"Blue Slaver","floor":8,"turns":3},{"damage":0,"enemies":"2 Fungi Beasts","floor":10,"turns":2},{"damage":0,"enemies":"Looter","floor":11,"turns":3},{"damage":0,"enemies":"Lagavulin","floor":13,"turns":3},{"damage":0,"enemies":"Lots of Slimes","floor":14,"turns":1},{"damage":37,"enemies":"Hexaghost","floor":16,"turns":13},{"damage":14,"enemies":"Shell Parasite","floor":18,"turns":5},{"damage":0,"enemies":"Spheric Guardian","floor":19,"turns":3},{"damage":9,"enemies":"Chosen and Byrds","floor":20,"turns":5},{"damage":0,"enemies":"Snecko","floor":21,"turns":3},{"damage":1,"enemies":"Centurion and Healer","floor":22,"turns":5},{"damage":3,"enemies":"Gremlin Leader","floor":23,"turns":5},{"damage":0,"enemies":"Colosseum Slavers","floor":24,"turns":2},{"damage":52,"enemies":"Colosseum Nobs","floor":24,"turns":4},{"damage":0,"enemies":"Snake Plant","floor":27,"turns":2},{"damage":4,"enemies":"Book of Stabbing","floor":30,"turns":7},{"damage":39,"enemies":"Collector","floor":33,"turns":9},{"damage":7,"enemies":"3 Darklings","floor":35,"turns":3},{"damage":0,"enemies":"Mind Bloom Boss Battle","floor":38,"turns":5},{"damage":7,"enemies":"Orb Walker","floor":39,"turns":3},{"damage":9,"enemies":"Nemesis","floor":40,"turns":7},{"damage":27,"enemies":"3 Darklings","floor":41,"turns":3},{"damage":31,"enemies":"2 Orb Walkers","floor":42,"turns":5},{"damage":1,"enemies":"Spire Growth","floor":45,"turns":10},{"damage":1,"enemies":"Time Eater","floor":50,"turns":14}],"seed_played":"6732744981264895980","potions_obtained":[{"floor":4,"key":"AttackPotion"},{"floor":5,"key":"Explosive Potion"},{"floor":13,"key":"SkillPotion"},{"floor":14,"key":"Regen Potion"},{"floor":18,"key":"Fire Potion"},{"floor":21,"key":"Swift Potion"},{"floor":24,"key":"EssenceOfSteel"},{"floor":30,"key":"Strength Potion"},{"floor":38,"key":"SpeedPotion"},{"floor":40,"key":"Explosive Potion"},{"floor":42,"key":"PowerPotion"}],"is_trial":false,"path_per_floor":["M","M","?","M","M","R","E","M","T","M","M","$","E","M","R","B",null,"M","M","M","M","M","E","?","R","T","M","?","?","E","?","R","B",null,"M","?","?","?","M","E","M","E","T","R","M","$","T","$","R","B"],"character_chosen":"DEFECT","items_purchased":["Frozen Eye","PowerPotion","Potion Belt","Toy Ornithopter","Block Potion","FocusPotion","Mango","Defragment"],"campfire_rested":1,"item_purchase_floors":[12,12,46,46,46,46,48,48],"current_hp_per_floor":[75,75,75,75,65,65,63,65,65,65,72,72,72,72,72,42,75,68,68,66,66,72,69,30,30,30,37,37,37,33,33,55,31,75,68,68,58,65,58,56,48,29,29,29,47,47,47,61,61,89],"gold":54,"neow_bonus":"","is_prod":false,"is_daily":false,"chose_seed":false,"campfire_upgraded":5,"win_rate":0.0,"timestamp":1536574638,"path_taken":["M","?","?","M","M","R","E","?","T","M","M","$","E","M","R","BOSS","M","M","M","M","M","E","?","R","T","M","?","?","E","?","R","BOSS","M","?","?","?","M","E","M","E","T","R","M","$","?","$","R","BOSS"],"build_version":"2018-09-06","purchased_purges":3,"victory":true,"max_hp_per_floor":[75,75,75,75,75,75,75,75,75,75,75,75,75,75,75,75,75,75,75,75,75,75,75,75,75,75,75,75,75,75,75,75,75,75,75,75,75,75,75,75,75,75,75,75,75,75,75,89,89,89],"card_choices":[{"not_picked":["Redo","Stack"],"picked":"Conserve Battery","floor":1},{"not_picked":["Steam","FTL"],"picked":"Coolheaded","floor":2},{"not_picked":["Gash","Skim"],"picked":"Cold Snap","floor":4},{"not_picked":["Leap","Stack"],"picked":"Electrodynamics","floor":5},{"not_picked":["Seek","Lockon"],"picked":"Self Repair","floor":7},{"not_picked":["Gash","Blizzard"],"picked":"Coolheaded","floor":8},{"not_picked":["Beam Cell","Barrage"],"picked":"Coolheaded","floor":10},{"not_picked":["Reinforced Body","Rip and Tear"],"picked":"FTL","floor":11},{"not_picked":["Chill","Stack"],"picked":"Aggregate","floor":13},{"not_picked":["Sweeping Beam","Go for the Eyes"],"picked":"Compile Driver","floor":14},{"not_picked":["Creative AI","Rainbow"],"picked":"Electrodynamics","floor":16},{"not_picked":["FTL","Steam+1"],"picked":"Double Energy+1","floor":18},{"not_picked":["Redo","Genetic Algorithm+1"],"picked":"Loop","floor":19},{"not_picked":["BootSequence","Stack"],"picked":"Compile Driver+1","floor":20},{"not_picked":["Barrage","Heatsinks"],"picked":"Capacitor+1","floor":21},{"not_picked":["Aggregate","Consume"],"picked":"Defragment+1","floor":22},{"not_picked":["Streamline","Rainbow"],"picked":"Cold Snap+1","floor":23},{"not_picked":["Sweeping Beam+1","Chaos"],"picked":"Hologram","floor":24},{"not_picked":["Redo","Go for the Eyes"],"picked":"Blizzard+1","floor":27},{"not_picked":["Hello World+1","Rip and Tear","Sweeping Beam"],"picked":"SKIP","floor":27},{"not_picked":["Fission","Blizzard"],"picked":"Machine Learning","floor":30},{"not_picked":["Seek","Fission"],"picked":"Machine Learning","floor":33},{"not_picked":["Conserve Battery","Stack+1"],"picked":"Cold Snap+1","floor":35},{"not_picked":["Cold Snap","Lockon"],"picked":"Auto Shields+1","floor":35},{"not_picked":["Apotheosis","Trip"],"picked":"Discovery","floor":37},{"not_picked":["Purity","Good Instincts"],"picked":"Panacea","floor":37},{"not_picked":["Coolheaded","Leap"],"picked":"Redo+1","floor":38},{"not_picked":["Rip and Tear+1","Hello World"],"picked":"Coolheaded+1","floor":39},{"not_picked":["Self Repair","Rip and Tear+1"],"picked":"Hologram+1","floor":39},{"not_picked":["Rip and Tear+1","Coolheaded","Sweeping Beam"],"picked":"SKIP","floor":40},{"not_picked":["Steam","Tempest"],"picked":"Conserve Battery+1","floor":41},{"not_picked":["Coolheaded","Streamline+1"],"picked":"Glacier+1","floor":41},{"not_picked":["Coolheaded","Chill+1"],"picked":"Buffer","floor":42},{"not_picked":["Leap+1","Gash"],"picked":"Conserve Battery+1","floor":45},{"not_picked":["Sweeping Beam","Streamline","Go for the Eyes"],"picked":"SKIP","floor":45}],"player_experience":28305,"relics_obtained":[{"floor":7,"key":"Old Coin"},{"floor":9,"key":"Lantern"},{"floor":13,"key":"Anchor"},{"floor":23,"key":"Smiling Mask"},{"floor":24,"key":"Prayer Wheel"},{"floor":24,"key":"Mercury Hourglass"},{"floor":26,"key":"Juzu Bracelet"},{"floor":30,"key":"Letter Opener"},{"floor":38,"key":"Calipers"},{"floor":40,"key":"Meat on the Bone"},{"floor":42,"key":"Torii"},{"floor":43,"key":"Boot"},{"floor":47,"key":"Shuriken"}],"event_choices":[{"event_name":"Transmorgrifier","player_choice":"Transform","floor":3,"damage_taken":0},{"event_name":"Colosseum","player_choice":"Fight","floor":24,"damage_taken":0},{"event_name":"Colosseum","player_choice":"Fought Nobs","floor":24,"damage_taken":0},{"event_name":"Nest","player_choice":"Stole From Cult","floor":28,"damage_taken":0},{"event_name":"The Mausoleum","player_choice":"Yes","floor":29,"damage_taken":0},{"event_name":"Back to Basics","player_choice":"Elegance","floor":31,"damage_taken":0},{"event_name":"Falling","player_choice":"Removed Attack","floor":36,"damage_taken":0},{"event_name":"SensoryStone","player_choice":"Memory 3","floor":37,"damage_taken":0},{"event_name":"MindBloom","player_choice":"Fight","floor":38,"damage_taken":0}],"is_beta":false,"boss_relics":[{"not_picked":["Empty Cage","Busted Crown"],"picked":"Nuclear Battery"},{"not_picked":["Velvet Choker","Cursed Key"],"picked":"Inserter"}],"items_purged_floors":[12,46,48],"is_endless":false,"potions_floor_spawned":[4,5,13,14,18,21,24,30,38,40,42],"ascension_level":0}