{"gold_per_floor":[214,289,289,300,313,326,336,362,388,403,47,47,65,108,108,234,234,248,267,342,355,355,391,55,80,80,80,80,80,30,30,30,134,164,177,45,65,15,32,32,32],"floor_reached":41,"playtime":2821,"items_purged":["Defend_R","Defend_R","Pain","Regret"],"score":423,"play_id":"dc625949-65a0-4fec-ac16-512d98cda78a","local_time":"20190209123117","is_ascension_mode":false,"campfire_choices":[{"floor":15,"key":"REST"},{"floor":27,"key":"REST"},{"data":"Double Tap","floor":32,"key":"SMITH"},{"data":"Decay","floor":40,"key":"PURGE"}],"neow_cost":"NONE","seed_source_timestamp":170627490866235,"circlet_count":0,"master_deck":["Strike_R","Strike_R","Strike_R","Strike_R+1","Strike_R","Defend_R","Defend_R","Bash","Pommel Strike","Flame Barrier+1","Twin Strike+1","Pommel Strike","Bludgeon","Clash","Finesse","Iron Wave","Inflame","True Grit","Double Tap+1","Shrug It Off+1","Headbutt","Cleave","J.A.X.","Shrug It Off+1","Warcry+1","Warcry+1","Feed","Inflame+1","Purity+1","Flame Barrier+1","Shrug It Off+1","Parasite"],"relics":["Burning Blood","Bag of Preparation","Whetstone","Self Forming Clay","Bloody Idol","Dream Catcher","Lizard Tail","Smiling Mask","Toxic Egg 2","Gremlin Horn","Calling Bell","Tiny Chest","Paper Frog","Peace Pipe"],"potions_floor_usage":[8,23,23,25,25,41,41,41],"damage_taken":[{"damage":6,"enemies":"Cultist","floor":1,"turns":3},{"damage":3,"enemies":"Small Slimes","floor":4,"turns":3},{"damage":4,"enemies":"2 Louse","floor":5,"turns":3},{"damage":13,"enemies":"Gremlin Gang","floor":6,"turns":6},{"damage":2,"enemies":"3 Louse","floor":7,"turns":3},{"damage":28,"enemies":"Lagavulin","floor":8,"turns":5},{"damage":1,"enemies":"2 Fungi Beasts","floor":10,"turns":4},{"damage":11,"enemies":"Exordium Wildlife","floor":13,"turns":4},{"damage":11,"enemies":"3 Sentries","floor":14,"turns":7},{"damage":18,"enemies":"Slime Boss","floor":16,"turns":10},{"damage":22,"enemies":"2 Thieves","floor":18,"turns":4},{"damage":26,"enemies":"3 Byrds","floor":19,"turns":8},{"damage":8,"enemies":"Snecko","floor":21,"turns":5},{"damage":32,"enemies":"Slavers","floor":23,"turns":5},{"damage":14,"enemies":"Snake Plant","floor":25,"turns":5},{"damage":72,"enemies":"Champ","floor":33,"turns":11},{"damage":12,"enemies":"Orb Walker","floor":35,"turns":4},{"damage":19,"enemies":"3 Shapes","floor":37,"turns":6},{"damage":61,"enemies":"Maw","floor":39,"turns":9},{"damage":30,"enemies":"Writhing Mass","floor":41,"turns":8}],"seed_played":"701556709345158660","potions_obtained":[{"floor":6,"key":"Ancient Potion"},{"floor":7,"key":"Regen Potion"},{"floor":8,"key":"Fire Potion"},{"floor":14,"key":"PowerPotion"},{"floor":23,"key":"BloodPotion"},{"floor":33,"key":"EssenceOfSteel"},{"floor":35,"key":"Swift Potion"},{"floor":39,"key":"GamblersBrew"}],"is_trial":false,"path_per_floor":["?","?","?","?","M","?","?","?","?","M"],"character_chosen":"IRONCLAD","items_purchased":["Self Forming Clay","Finesse","Toxic Egg 2","Shrug It Off+1","Purity+1"],"campfire_rested":2,"item_purchase_floors":[11,11,24,24,36],"current_hp_per_floor":[80,69,74,77,79,72,76,63,63,68,68,47,42,37,62,50,85,69,49,41,39,39,13,13,13,13,38,66,66,66,66,66,47,85,84,84,76,76,26,26,0],"gold":32,"neow_bonus":"HUNDRED_GOLD","is_prod":false,"is_daily":false,"chose_seed":false,"campfire_upgraded":1,"win_rate":0,"timestamp":1549733477,"path_taken":["M","?","?","M","M","M","M","E","T","M","$","?","M","E","R","BOSS","M","M","?","?","?","E","$","M","T","R","?","?","$","?","R","BOSS","M","$","M","$","?","R","M"],"build_version":"2019-01-23","purchased_purges":4,"victory":false,"max_hp_per_floor":[80,80,85,85,85,85,85,85,85,85,85,85,85,85,85,85,85,85,85,85,85,85,85,85,85,85,85,85,85,85,85,85,85,85,85,85,85,85,85,85,85],"card_choices":[{"not_picked":["Havoc","Clothesline"],"picked":"Pommel Strike","floor":1},{"not_picked":["Body Slam","Sever Soul"],"picked":"Flame Barrier","floor":4},{"not_picked":["Perfected Strike","Body Slam"],"picked":"Twin Strike","floor":5},{"not_picked":["Heavy Blade","Warcry","Dropkick"],"picked":"SKIP","floor":6},{"not_picked":["Dual Wield","Reckless Charge"],"picked":"Pommel Strike","floor":7},{"not_picked":["Impervious","Wild Strike"],"picked":"Bludgeon","floor":8},{"not_picked":["Havoc","Hemokinesis"],"picked":"Clash","floor":10},{"not_picked":["Headbutt","Pummel"],"picked":"Iron Wave","floor":13},{"not_picked":["Brutality","Searing Blow"],"picked":"Inflame","floor":14},{"not_picked":["Heavy Blade","Thunderclap"],"picked":"True Grit","floor":15},{"not_picked":["Brutality","Exhume"],"picked":"Double Tap","floor":16},{"not_picked":["Wild Strike","Pommel Strike"],"picked":"Shrug It Off+1","floor":18},{"not_picked":["Sword Boomerang","Combust"],"picked":"Headbutt","floor":19},{"not_picked":["Perfected Strike","Seeing Red"],"picked":"Cleave","floor":21},{"not_picked":["Flex","Rage","Evolve"],"picked":"SKIP","floor":23},{"not_picked":["Carnage","Thunderclap"],"picked":"Warcry+1","floor":25},{"not_picked":["Havoc+1","Clothesline+1"],"picked":"Warcry+1","floor":27},{"not_picked":["Barricade","Immolate"],"picked":"Feed","floor":33},{"not_picked":["Spot Weakness+1","Pommel Strike"],"picked":"Inflame+1","floor":35},{"not_picked":["Combust+1","Corruption+1"],"picked":"Flame Barrier+1","floor":37},{"not_picked":["Sword Boomerang+1","Twin Strike"],"picked":"Shrug It Off+1","floor":39}],"player_experience":354920,"relics_obtained":[{"floor":8,"key":"Bag of Preparation"},{"floor":9,"key":"Whetstone"},{"floor":14,"key":"Dream Catcher"},{"floor":23,"key":"Smiling Mask"},{"floor":26,"key":"Gremlin Horn"},{"floor":34,"key":"Tiny Chest"},{"floor":34,"key":"Paper Frog"},{"floor":34,"key":"Peace Pipe"}],"event_choices":[{"damage_healed":0,"gold_gain":75,"player_choice":"Gather Gold","damage_taken":11,"max_hp_gain":0,"max_hp_loss":0,"event_name":"World of Goop","floor":2,"gold_loss":0},{"damage_healed":0,"gold_gain":0,"player_choice":"Donut","damage_taken":0,"max_hp_gain":5,"max_hp_loss":0,"event_name":"Big Fish","floor":3,"gold_loss":0},{"damage_healed":0,"gold_gain":0,"player_choice":"Take Damage","damage_taken":21,"relics_obtained":["Golden Idol"],"max_hp_gain":0,"max_hp_loss":0,"event_name":"Golden Idol","floor":12,"gold_loss":0},{"damage_healed":0,"gold_gain":75,"player_choice":"Touch","damage_taken":8,"max_hp_gain":0,"max_hp_loss":0,"event_name":"FaceTrader","floor":20,"gold_loss":0},{"damage_healed":0,"gold_gain":0,"player_choice":"Obtain J.A.X.","damage_taken":0,"max_hp_gain":0,"max_hp_loss":0,"event_name":"Drug Dealer","floor":22,"gold_loss":0,"cards_obtained":["J.A.X."]},{"damage_healed":28,"gold_gain":0,"player_choice":"Heal","damage_taken":0,"max_hp_gain":0,"max_hp_loss":0,"event_name":"The Library","floor":28,"gold_loss":0},{"damage_healed":0,"gold_gain":0,"player_choice":"Gave Idol","damage_taken":0,"relics_obtained":["Bloody Idol"],"max_hp_gain":0,"max_hp_loss":0,"event_name":"Forgotten Altar","floor":29,"relics_lost":["Golden Idol"],"gold_loss":0},{"damage_healed":0,"gold_gain":0,"player_choice":"Upgraded","damage_taken":0,"max_hp_gain":0,"max_hp_loss":0,"event_name":"Upgrade Shrine","floor":31,"gold_loss":0,"cards_upgraded":["Flame Barrier"]}],"is_beta":false,"boss_relics":[{"not_picked":["Runic Cube","Black Star"],"picked":"Lizard Tail"},{"not_picked":["Runic Dome","Eternal Feather"],"picked":"Calling Bell"}],"items_purged_floors":[24,30,36,38],"is_endless":false,"potions_floor_spawned":[6,7,8,14,19,23,33,35,39],"killed_by":"Writhing Mass","ascension_level":0}