{"gold_per_floor":[114,133,133,144,160,160,179,179,204,204,222,222,176,176,176,273,273,285,302,302,176,192,192,192,192,192,212,235,255,255,255,255,255],"floor_reached":33,"playtime":1311,"items_purged":["Strike_G"],"score":264,"play_id":"e6437029-df0c-44da-bcfd-1ae34b1758f2","local_time":"20190214115349","is_ascension_mode":false,"campfire_choices":[{"data":"Eviscerate","floor":6.0,"key":"SMITH"},{"data":"Glass Knife","floor":8.0,"key":"SMITH"},{"data":"Prepared","floor":12.0,"key":"SMITH"},{"data":"Neutralize","floor":15.0,"key":"SMITH"},{"data":"After Image","floor":23,"key":"SMITH"},{"floor":25,"key":"REST"},{"floor":32,"key":"REST"}],"neow_cost":"NONE","seed_source_timestamp":145193084499640,"circlet_count":0,"master_deck":["Defend_G","Defend_G","Defend_G","Defend_G","Defend_G","Strike_G","Strike_G","Strike_G","Strike_G","Survivor","Neutralize+1","Prepared+1","Dagger Throw","Eviscerate+1","Glass Knife+1","Backflip","Prepared+1","Flechettes","Dagger Throw","Flying Knee","Dagger Throw","After Image+1","Calculated Gamble","Backflip","Prepared","Flying Knee","Deflect","Dagger Throw","Acrobatics","Decay"],"special_seed":0,"relics":["Ring of the Snake"],"potions_floor_usage":[22,22,22,24,33,33],"damage_taken":[{"damage":0.0,"enemies":"2 Louse","floor":1.0,"turns":3.0},{"damage":1.0,"enemies":"Cultist","floor":2.0,"turns":5.0},{"damage":0.0,"enemies":"Jaw Worm","floor":4.0,"turns":3.0},{"damage":5.0,"enemies":"Large Slime","floor":5.0,"turns":6.0},{"damage":1.0,"enemies":"Red Slaver","floor":7.0,"turns":4.0},{"damage":6.0,"enemies":"Exordium Wildlife","floor":11.0,"turns":4.0},{"damage":31.0,"enemies":"Hexaghost","floor":16.0,"turns":10.0},{"damage":1.0,"enemies":"Chosen","floor":18.0,"turns":5.0},{"damage":8.0,"enemies":"Spheric Guardian","floor":19.0,"turns":4.0},{"damage":0,"enemies":"Snecko","floor":22,"turns":2},{"damage":21,"enemies":"Cultist and Chosen","floor":24,"turns":7},{"damage":20,"enemies":"Snake Plant","floor":27,"turns":6},{"damage":27,"enemies":"Chosen and Byrds","floor":29,"turns":7},{"damage":47,"enemies":"Collector","floor":33,"turns":7}],"seed_played":"7512281879055088855","potions_obtained":[{"floor":1.0,"key":"PowerPotion"},{"floor":5.0,"key":"FearPotion"},{"floor":11.0,"key":"Block Potion"},{"floor":16.0,"key":"SteroidPotion"},{"floor":19.0,"key":"EntropicBrew"}],"is_trial":false,"path_per_floor":["M","M","?","M","M","R","M","R","T","?","M","R","$","?","R","B",null,"M","M","?","$","M","R","M","R","T","M","T","M","T","?","R","B"],"character_chosen":"THE_SILENT","items_purchased":["Dagger Throw","Flying Knee"],"campfire_rested":2,"item_purchase_floors":[13,21],"current_hp_per_floor":[77,76,76,76,71,71,70,70,70,70,64,64,64,64,64,33,77,76,68,68,68,68,68,47,70,70,50,50,23,23,23,46,0],"gold":255,"neow_bonus":"TEN_PERCENT_HP_BONUS","is_prod":false,"is_daily":false,"chose_seed":false,"campfire_upgraded":5,"win_rate":0,"timestamp":1550170429,"path_taken":["M","M","?","?","M","R","M","R","T","?","M","R","?","?","R","BOSS","M","M","?","$","M","R","M","R","T","M","?","M","?","?","R","BOSS"],"build_version":"2019-01-23","purchased_purges":1,"victory":false,"max_hp_per_floor":[77,77,77,77,77,77,77,77,77,77,77,77,77,77,77,77,77,77,77,77,77,77,77,77,77,77,77,77,77,77,77,77,77],"card_choices":[{"not_picked":["All Out Attack","Dodge and Roll"],"picked":"Prepared","floor":1.0},{"not_picked":["Footwork","Caltrops"],"picked":"Dagger Throw","floor":2.0},{"not_picked":["Flechettes","Poisoned Stab"],"picked":"Prepared","floor":4.0},{"not_picked":["Quick Slash","Bane"],"picked":"Flechettes","floor":5.0},{"not_picked":["Tactician","Well Laid Plans"],"picked":"Dagger Throw","floor":7.0},{"not_picked":["Noxious Fumes","Crippling Poison"],"picked":"Flying Knee","floor":11.0},{"not_picked":["Doppelganger","A Thousand Cuts"],"picked":"After Image","floor":16.0},{"not_picked":["Blade Dance+1","Sucker Punch+1"],"picked":"Calculated Gamble","floor":18.0},{"not_picked":["Cloak And Dagger+1","Blade Dance"],"picked":"Backflip","floor":19.0},{"not_picked":["Cloak And Dagger","Footwork"],"picked":"Deflect","floor":22},{"not_picked":["Backflip","Poisoned Stab"],"picked":"Dagger Throw","floor":27},{"not_picked":["Infinite Blades","Deflect"],"picked":"Acrobatics","floor":29}],"player_experience":1474014,"relics_obtained":[],"event_choices":[{"damage_healed":0.0,"max_hp_gain":0.0,"max_hp_loss":0.0,"gold_gain":0.0,"event_name":"Match and Keep!","player_choice":"3 cards matched","floor":3.0,"gold_loss":0.0,"damage_taken":0.0,"cards_obtained":["Eviscerate","Glass Knife","Backflip"]},{"damage_healed":0.0,"max_hp_gain":0.0,"max_hp_loss":0.0,"gold_gain":0.0,"event_name":"Scrap Ooze","player_choice":"Fled","floor":10.0,"gold_loss":0.0,"damage_taken":0.0},{"damage_healed":0.0,"max_hp_gain":0.0,"max_hp_loss":0.0,"gold_gain":0.0,"event_name":"Upgrade Shrine","player_choice":"Upgraded","floor":14.0,"gold_loss":0.0,"damage_taken":0.0,"cards_upgraded":["Prepared"]},{"damage_healed":0.0,"max_hp_gain":0.0,"max_hp_loss":0.0,"gold_gain":0.0,"event_name":"The Library","player_choice":"Read","floor":20.0,"gold_loss":0.0,"damage_taken":0.0,"cards_obtained":["Prepared"]},{"damage_healed":0,"gold_gain":0,"player_choice":"Cursed","damage_taken":0,"max_hp_gain":0,"max_hp_loss":0,"event_name":"Wheel of Change","floor":31,"gold_loss":0,"cards_obtained":["Decay"]}],"is_beta":false,"boss_relics":[{"not_picked":["Runic Dome","Lizard Tail","Eternal Feather"]}],"items_purged_floors":[21],"is_endless":false,"potions_floor_spawned":[1,5,11,16,19],"killed_by":"Collector","ascension_level":0}