{"gold_per_floor":[110,123,138,149,167,167,193,193,193,193,211,244,255,289,289,366,366,386,148,248,248,198,231,231,266,266,284,314,324,354,354],"floor_reached":31,"playtime":2327,"items_purged":["Strike_G"],"score":635,"play_id":"3c7b9783-5cb1-4271-a15d-76615dfb8c50","local_time":"20190401011421","is_ascension_mode":true,"campfire_choices":[{"floor":6,"key":"REST"},{"floor":8,"key":"REST"},{"data":"After Image","floor":10,"key":"SMITH"},{"floor":15,"key":"REST"},{"data":"Neutralize","floor":24,"key":"SMITH"}],"neow_cost":"NONE","seed_source_timestamp":1387245826578381,"circlet_count":0,"master_deck":["AscendersBane","Defend_G","Defend_G","Defend_G","Defend_G","Defend_G","Strike_G","Strike_G","Strike_G","Strike_G","Survivor","Neutralize+1","Flying Knee","Dagger Spray","After Image+1","Backflip","Sucker Punch","Poisoned Stab","Flying Knee","PiercingWail","Storm of Steel","Dagger Throw","Infinite Blades","Backstab","Cloak And Dagger","Infinite Blades","PiercingWail","Wraith Form v2"],"relics":["Ring of the Snake","NeowsBlessing","Snake Skull","Shuriken","Incense Burner","Kunai","Runic Pyramid","Tough Bandages","Dodecahedron","Bottled Tornado","Anchor","Mango","Regal Pillow"],"potions_floor_usage":[14,18,20,31],"damage_taken":[{"damage":0,"enemies":"Small Slimes","floor":1,"turns":1},{"damage":0,"enemies":"2 Louse","floor":2,"turns":1},{"damage":0,"enemies":"Cultist","floor":3,"turns":1},{"damage":0,"enemies":"2 Fungi Beasts","floor":4,"turns":4},{"damage":7,"enemies":"Gremlin Gang","floor":5,"turns":4},{"damage":51,"enemies":"Gremlin Nob","floor":7,"turns":6},{"damage":10,"enemies":"Exordium Thugs","floor":11,"turns":5},{"damage":18,"enemies":"3 Sentries","floor":12,"turns":11},{"damage":0,"enemies":"Looter","floor":13,"turns":4},{"damage":4,"enemies":"Gremlin Nob","floor":14,"turns":4},{"damage":5,"enemies":"The Guardian","floor":16,"turns":13},{"damage":1,"enemies":"Chosen","floor":18,"turns":4},{"damage":4,"enemies":"Colosseum Slavers","floor":20,"turns":5},{"damage":15,"enemies":"Colosseum Nobs","floor":20,"turns":5},{"damage":0,"enemies":"Slavers","floor":23,"turns":5},{"damage":7,"enemies":"Book of Stabbing","floor":25,"turns":5},{"damage":0,"enemies":"Spheric Guardian","floor":27,"turns":3},{"damage":11,"enemies":"Slavers","floor":28,"turns":7},{"damage":6,"enemies":"Shelled Parasite and Fungi","floor":29,"turns":5},{"damage":0,"enemies":"Book of Stabbing","floor":30,"turns":5},{"damage":32,"enemies":"Sentry and Sphere","floor":31,"turns":5}],"seed_played":"1657663035404105481","potions_obtained":[{"floor":2,"key":"Dexterity Potion"},{"floor":3,"key":"SpeedPotion"},{"floor":16,"key":"PowerPotion"},{"floor":23,"key":"FearPotion"},{"floor":27,"key":"PowerPotion"}],"is_trial":false,"path_per_floor":["?","?","?","M"],"character_chosen":"THE_SILENT","items_purchased":["Infinite Blades","Backstab"],"campfire_rested":3,"item_purchase_floors":[19,19],"current_hp_per_floor":[63,63,63,63,56,70,19,40,40,40,30,12,12,8,29,24,59,58,58,39,39,39,39,39,32,32,32,35,29,29,0],"gold":354,"neow_bonus":"THREE_ENEMY_KILL","is_prod":false,"is_daily":false,"chose_seed":false,"campfire_upgraded":2,"win_rate":0,"timestamp":1554095661,"path_taken":["M","M","M","M","M","R","E","R","T","R","M","E","M","E","R","BOSS","M","$","?","?","?","E","R","E","T","M","E","?","E","M"],"build_version":"2019-01-23","purchased_purges":1,"victory":false,"max_hp_per_floor":[70,70,70,70,70,70,70,70,70,70,70,70,70,70,70,70,70,70,70,70,70,70,70,70,70,70,70,84,84,84,84],"card_choices":[{"not_picked":["Outmaneuver","Calculated Gamble","Flechettes"],"picked":"SKIP","floor":1},{"not_picked":["Deflect","Outmaneuver"],"picked":"Flying Knee","floor":2},{"not_picked":["Prepared","Poisoned Stab"],"picked":"Dagger Spray","floor":3},{"not_picked":["Deflect","Flying Knee"],"picked":"After Image","floor":4},{"not_picked":["Underhanded Strike","Outmaneuver","Quick Slash"],"picked":"SKIP","floor":5},{"not_picked":["Slice","Dagger Spray"],"picked":"Backflip","floor":7},{"not_picked":["Tactician","Outmaneuver"],"picked":"Sucker Punch","floor":11},{"not_picked":["Flechettes","Finisher"],"picked":"Poisoned Stab","floor":12},{"not_picked":["Predator","Choke"],"picked":"Flying Knee","floor":13},{"not_picked":["Outmaneuver","Acrobatics"],"picked":"PiercingWail","floor":14},{"not_picked":["Venomology","Unload"],"picked":"Storm of Steel","floor":16},{"not_picked":["Noxious Fumes","Crippling Poison"],"picked":"Dagger Throw","floor":18},{"not_picked":["Deadly Poison","Tactician"],"picked":"Cloak And Dagger","floor":20},{"not_picked":["Bane","Bouncing Flask"],"picked":"Infinite Blades","floor":23},{"not_picked":["Flying Knee","Bouncing Flask","Deflect"],"picked":"SKIP","floor":25},{"not_picked":["Sucker Punch","Prepared"],"picked":"PiercingWail","floor":27},{"not_picked":["Blur","Die Die Die","Poisoned Stab"],"picked":"SKIP","floor":28},{"not_picked":["Flying Knee","Deflect","All Out Attack"],"picked":"SKIP","floor":29},{"not_picked":["Leg Sweep","Escape Plan"],"picked":"Wraith Form v2","floor":30}],"player_experience":1362152,"relics_obtained":[{"floor":7,"key":"Snake Skull"},{"floor":9,"key":"Shuriken"},{"floor":12,"key":"Incense Burner"},{"floor":14,"key":"Kunai"},{"floor":20,"key":"Tough Bandages"},{"floor":20,"key":"Dodecahedron"},{"floor":23,"key":"Bottled Tornado"},{"floor":25,"key":"Anchor"},{"floor":28,"key":"Mango"},{"floor":30,"key":"Regal Pillow"}],"event_choices":[{"damage_healed":0,"gold_gain":0,"player_choice":"Fight","damage_taken":0,"max_hp_gain":0,"max_hp_loss":0,"event_name":"Colosseum","floor":20,"gold_loss":0},{"damage_healed":0,"gold_gain":0,"player_choice":"Fought Nobs","damage_taken":0,"max_hp_gain":0,"max_hp_loss":0,"event_name":"Colosseum","floor":20,"gold_loss":0},{"damage_healed":0,"gold_gain":0,"player_choice":"Ignored","damage_taken":0,"max_hp_gain":0,"max_hp_loss":0,"event_name":"Ghosts","floor":21,"gold_loss":0},{"damage_healed":0,"gold_gain":0,"player_choice":"Bet on Murderer","damage_taken":0,"max_hp_gain":0,"max_hp_loss":0,"event_name":"The Joust","floor":22,"gold_loss":50}],"is_beta":false,"boss_relics":[{"not_picked":["Lizard Tail","Velvet Choker"],"picked":"Runic Pyramid"}],"items_purged_floors":[19],"is_endless":false,"potions_floor_spawned":[2,3,11,12,16,20,23,27,30],"killed_by":"Sentry and Sphere","ascension_level":13}