{"gold_per_floor":[211,221,139,149,149,180,194,194,221,296,296],"floor_reached":11,"playtime":626,"items_purged":[],"score":99,"play_id":"0bb2e638-70b2-473d-9f36-002348ee2ac4","local_time":"20190323122259","is_ascension_mode":true,"campfire_choices":[{"data":"Zap","floor":8,"key":"SMITH"}],"neow_cost":"NONE","seed_source_timestamp":651462606103148,"circlet_count":0,"master_deck":["Strike_B","Strike_B","Strike_B","Strike_B","Defend_B+1","Defend_B","Defend_B","Defend_B+1","Zap+1","Dualcast","Coolheaded","Capacitor+1","Self Repair","Buffer+1","Leap"],"relics":["Cracked Core","Oddly Smooth Stone","War Paint"],"potions_floor_usage":[11],"damage_taken":[{"damage":0,"enemies":"Small Slimes","floor":1,"turns":3},{"damage":8,"enemies":"2 Louse","floor":2,"turns":3},{"damage":9,"enemies":"Jaw Worm","floor":4,"turns":5},{"damage":8,"enemies":"Lagavulin","floor":6,"turns":10},{"damage":4,"enemies":"2 Fungi Beasts","floor":7,"turns":4},{"damage":34,"enemies":"3 Sentries","floor":11,"turns":6}],"seed_played":"8415503520433804514","potions_obtained":[{"floor":4,"key":"AttackPotion"}],"is_trial":false,"path_per_floor":["?","?"],"character_chosen":"DEFECT","items_purchased":["Self Repair"],"campfire_rested":0,"item_purchase_floors":[3],"current_hp_per_floor":[68,60,60,58,43,42,45,45,45,34,0],"gold":296,"neow_bonus":"HUNDRED_GOLD","is_prod":false,"is_daily":false,"chose_seed":false,"campfire_upgraded":1,"win_rate":0,"timestamp":1553358179,"path_taken":["M","M","$","M","?","E","M","R","T","?","E"],"build_version":"2019-01-23","purchased_purges":0,"victory":false,"max_hp_per_floor":[75,75,75,75,75,75,75,75,75,75,75],"card_choices":[{"not_picked":["Stack","Hologram"],"picked":"Coolheaded","floor":1},{"not_picked":["Rebound","Beam Cell"],"picked":"Capacitor","floor":2},{"not_picked":["Consume","Self Repair"],"picked":"Buffer","floor":4},{"not_picked":["Sweeping Beam","Hologram"],"picked":"Leap","floor":6},{"not_picked":["Steam","Rebound","Aggregate"],"picked":"SKIP","floor":7}],"player_experience":924117,"relics_obtained":[{"floor":6,"key":"Oddly Smooth Stone"},{"floor":9,"key":"War Paint"}],"event_choices":[{"damage_healed":0,"gold_gain":0,"player_choice":"Entered Light","damage_taken":15,"max_hp_gain":0,"max_hp_loss":0,"event_name":"Shining Light","floor":5,"gold_loss":0,"cards_upgraded":["Capacitor","Buffer"]},{"damage_healed":0,"gold_gain":75,"player_choice":"Gather Gold","damage_taken":11,"max_hp_gain":0,"max_hp_loss":0,"event_name":"World of Goop","floor":10,"gold_loss":0}],"is_beta":false,"boss_relics":[],"items_purged_floors":[],"is_endless":false,"potions_floor_spawned":[4],"killed_by":"3 Sentries","ascension_level":7}