{"path_per_floor":["M","M","?","M","M","E","M","R","T","E","?","M","M","$","R","B",null,"M","?","?","M","?","E","M","R","T","M","M","R","M","?","R","B",null,"M","M","M","M","M","R","?","R","T","R","M"],"character_chosen":"IRONCLAD","items_purchased":["Exhume","Combust"],"gold_per_floor":[114,128,128,147,158,190,204,204,204,236,236,249,269,46,46,149,149,149,99,99,99,99,99,99,99,99,99,99,99,99,99,99,99,99,99,99,99,99,99,99,99,99,99,99,99],"floor_reached":46,"campfire_rested":3,"playtime":2918,"current_hp_per_floor":[80,79,72,78,64,43,49,49,49,42,42,48,43,43,67,44,80,78,78,78,68,68,28,22,46,46,50,32,32,30,30,54,42,80,77,61,34,22,27,27,27,27,27,27,12],"items_purged":["Strike_R"],"gold":99,"score":408,"play_id":"231d9880-8a5e-40cf-a4dd-b1274674d8f9","is_prod":false,"is_daily":false,"is_ascension_mode":false,"campfire_upgraded":5,"path_taken":["M","M","?","?","M","E","M","R","T","E","?","?","M","?","R","BOSS","M","?","?","M","?","E","M","R","T","M","?","R","M","?","R","BOSS","M","M","M","M","M","R","?","R","T","R","?","M"],"build_version":"2018-02-08-PROD1","purchased_purges":1,"victory":false,"master_deck":["Strike_R","Strike_R","Strike_R","Defend_R","Defend_R","Defend_R","Defend_R","Pommel Strike+1","Ghostly Armor+1","Sword Boomerang","Dropkick","Flex","Headbutt","Cleave","Dual Wield","Exhume","Combust","Brutality","Wild Strike","Metallicize","Rupture+1","Flame Barrier","Twin Strike+1","Dual Wield+1","Rampage+1","Wild Strike+1","Armaments+1","Rupture+1","Dual Wield+1","Rupture+1","Power Through"],"max_hp_per_floor":[80,80,80,80,80,80,80,80,80,80,80,80,80,80,80,80,80,80,80,80,80,80,80,80,80,80,80,80,80,80,80,80,80,80,80,80,80,80,80,80,80,80,80,80,80],"relics":["Burning Blood","Orichalcum","Red Skull","Dodecahedron","Sundial","Torii","Mummified Hand","Ectoplasm","Old Coin","Centennial Puzzle","Shuriken","White Beast Statue","Ice Cream"],"card_choices":[{"not_picked":["True Grit","Shrug It Off"],"picked":"Pommel Strike"},{"not_picked":["Thunderclap","Pommel Strike"],"picked":"Ghostly Armor"},{"not_picked":["Havoc","Clash"],"picked":"Sword Boomerang"},{"not_picked":["Clash","Pommel Strike"],"picked":"Dropkick"},{"not_picked":["Clash","Uppercut"],"picked":"Flex"},{"not_picked":["Offering","Perfected Strike"],"picked":"Headbutt"},{"not_picked":["Body Slam","True Grit"],"picked":"Cleave"},{"not_picked":["Cleave","Anger"],"picked":"Dual Wield"},{"not_picked":["Bludgeon","Impervious"],"picked":"Brutality"},{"not_picked":["Ghostly Armor","Disarm"],"picked":"Wild Strike"},{"not_picked":["Warcry","True Grit"],"picked":"Rupture"},{"not_picked":["Bloodletting","Seeing Red"],"picked":"Flame Barrier"},{"not_picked":["Flex","Perfected Strike"],"picked":"Twin Strike"},{"not_picked":["Wild Strike","Sword Boomerang"],"picked":"Dual Wield"},{"not_picked":["Sentinel","Clash"],"picked":"Rampage"},{"not_picked":["Flex","Bloodletting"],"picked":"Wild Strike"},{"not_picked":["Anger","Flex"],"picked":"Armaments"},{"not_picked":["Body Slam","Infernal Blade"],"picked":"Rupture"},{"not_picked":["Anger","Brutality"],"picked":"Dual Wield"},{"not_picked":["Anger","Headbutt"],"picked":"Rupture"},{"not_picked":["Hemokinesis","Rampage"],"picked":"Power Through"}],"player_experience":109761,"potions_floor_usage":[12,16,23,24,33,36,37,37,39,45,46,46],"damage_taken":[{"damage":0,"enemies":"Cultist","floor":1,"turns":3},{"damage":7,"enemies":"2 Louse","floor":2,"turns":2},{"damage":0,"enemies":"Small Slimes","floor":4,"turns":3},{"damage":20,"enemies":"Gremlin Gang","floor":5,"turns":6},{"damage":27,"enemies":"Lagavulin","floor":6,"turns":8},{"damage":0,"enemies":"2 Fungi Beasts","floor":7,"turns":2},{"damage":13,"enemies":"Gremlin Nob","floor":10,"turns":4},{"damage":0,"enemies":"Lots of Slimes","floor":12,"turns":1},{"damage":11,"enemies":"Large Slime","floor":13,"turns":7},{"damage":29,"enemies":"Hexaghost","floor":16,"turns":11},{"damage":8,"enemies":"Chosen","floor":18,"turns":4},{"damage":16,"enemies":"Spheric Guardian","floor":21,"turns":5},{"damage":46,"enemies":"Slavers","floor":23,"turns":6},{"damage":12,"enemies":"Cultist and Chosen","floor":24,"turns":5},{"damage":2,"enemies":"3 Cultists","floor":27,"turns":4},{"damage":24,"enemies":"Centurion and Healer","floor":28,"turns":5},{"damage":8,"enemies":"Snake Plant","floor":30,"turns":3},{"damage":18,"enemies":"Champ","floor":33,"turns":9},{"damage":9,"enemies":"Orb Walker","floor":35,"turns":3},{"damage":22,"enemies":"3 Darklings","floor":36,"turns":5},{"damage":33,"enemies":"Maw","floor":37,"turns":7},{"damage":18,"enemies":"Sphere and 2 Shapes","floor":38,"turns":5},{"damage":1,"enemies":"3 Darklings","floor":39,"turns":3},{"damage":21,"enemies":"4 Shapes","floor":45,"turns":5},{"damage":12,"enemies":"Maw","floor":46,"turns":3}],"event_choices":[{"event_name":"Scrap Ooze","player_choice":"success","floor":3,"damage_taken":7},{"event_name":"Accursed Blacksmith","player_choice":"Rummage","floor":11,"damage_taken":0},{"event_name":"The Joust","player_choice":"Bet on Murderer","floor":19,"damage_taken":0},{"event_name":"The Library","player_choice":"Read","floor":20,"damage_taken":0},{"event_name":"Wheel of Change","player_choice":"Relic","floor":22,"damage_taken":0},{"event_name":"Purifier","player_choice":"One Purge","floor":31,"damage_taken":0},{"event_name":"Wheel of Change","player_choice":"Card Removal","floor":41,"damage_taken":0}],"boss_relics":[{"not_picked":["Cursed Key","Philosopher\u0027s Stone"],"picked":"Ectoplasm"},{"not_picked":["Runic Pyramid","Velvet Choker"],"picked":"White Beast Statue"}],"potions_floor_spawned":[5,7,13,16,23,30,33,35,36,37,38,39,45],"seed_played":"7810439774261961360","killed_by":"Maw","ascension_level":0,"is_trial":false}