{"gold_per_floor":[114,127,127,142,153,178,196,212,212,212],"floor_reached":10,"playtime":491,"items_purged":[],"score":72,"play_id":"3c1150d9-6ea1-4a4d-abdf-77ffba5f1cb9","local_time":"20190107222341","is_ascension_mode":false,"campfire_choices":[],"neow_cost":"NONE","seed_source_timestamp":540028148556535,"circlet_count":0,"master_deck":["Strike_R","Strike_R","Strike_R","Strike_R","Strike_R","Defend_R","Defend_R","Defend_R","Defend_R","Bash+1","Ghostly Armor","Headbutt"],"relics":["Burning Blood","Singing Bowl","Frozen Egg 2"],"potions_floor_usage":[],"damage_taken":[{"damage":8,"enemies":"Small Slimes","floor":1,"turns":4},{"damage":1,"enemies":"Cultist","floor":2,"turns":3},{"damage":1,"enemies":"2 Louse","floor":4,"turns":4},{"damage":12,"enemies":"Looter","floor":5,"turns":4},{"damage":53,"enemies":"Lagavulin","floor":6,"turns":7},{"damage":28,"enemies":"Large Slime","floor":7,"turns":11},{"damage":16,"enemies":"2 Fungi Beasts","floor":8,"turns":4},{"damage":2,"enemies":"Gremlin Gang","floor":10,"turns":2}],"seed_played":"7898153038013310060","potions_obtained":[{"floor":4,"key":"Fire Potion"},{"floor":6,"key":"SteroidPotion"}],"is_trial":false,"path_per_floor":["M","M","?","M","M","E","M","M","T","M"],"character_chosen":"IRONCLAD","items_purchased":[],"campfire_rested":0,"item_purchase_floors":[],"current_hp_per_floor":[86,88,88,88,82,37,17,7,7,5],"gold":212,"neow_bonus":"TEN_PERCENT_HP_BONUS","is_prod":false,"is_daily":false,"chose_seed":false,"campfire_upgraded":0,"win_rate":0,"timestamp":1546928621,"path_taken":["M","M","?","M","M","E","?","M","T","M"],"build_version":"2019-01-03v4","purchased_purges":0,"victory":false,"max_hp_per_floor":[88,88,88,88,88,90,92,92,92,92],"card_choices":[{"not_picked":["Anger","Rupture","Rage"],"picked":"SKIP","floor":1},{"not_picked":["Reckless Charge","Clash","Flex"],"picked":"SKIP","floor":2},{"not_picked":["Wild Strike","Disarm","Ghostly Armor"],"picked":"SKIP","floor":4},{"not_picked":["Wild Strike","Disarm"],"picked":"Ghostly Armor","floor":4},{"not_picked":["Anger","Sword Boomerang","Flex"],"picked":"SKIP","floor":5},{"not_picked":["Combust","Iron Wave","Power Through"],"picked":"Singing Bowl","floor":6},{"not_picked":["Battle Trance","Iron Wave","Sword Boomerang"],"picked":"Singing Bowl","floor":7},{"not_picked":["Bloodletting","True Grit"],"picked":"Headbutt","floor":8}],"player_experience":167108,"relics_obtained":[{"floor":6,"key":"Singing Bowl"},{"floor":9,"key":"Frozen Egg 2"}],"event_choices":[{"damage_healed":0,"gold_gain":0,"player_choice":"Forge","damage_taken":0,"max_hp_gain":0,"max_hp_loss":0,"event_name":"Accursed Blacksmith","floor":3,"gold_loss":0,"cards_upgraded":["Bash"]}],"is_beta":false,"boss_relics":[],"items_purged_floors":[],"is_endless":false,"potions_floor_spawned":[4,6],"killed_by":"Gremlin Gang","ascension_level":0}