{"gold_per_floor":[116,134,409,426,63,63,63,63,131,131,131,162,176,202,202,303,353,364,3,33,33,33,33,53,53,53,53,68,19,34,65,65,166,166,181,197,197,197,472,472,522,522,522,0,10,40,40,54,54,54],"floor_reached":51,"playtime":2048,"items_purged":["Regret","Regret"],"score":894,"play_id":"ea4b2dbf-fd6a-43ff-ad27-21647f946424","local_time":"20181006201652","is_ascension_mode":true,"campfire_choices":[{"data":"Glass Knife","floor":6,"key":"SMITH"},{"data":"Neutralize","floor":10,"key":"SMITH"},{"data":"Distraction","floor":15,"key":"SMITH"},{"data":"Trip","floor":23,"key":"SMITH"},{"data":"After Image","floor":27,"key":"SMITH"},{"floor":32,"key":"REST"},{"data":"Madness","floor":40,"key":"SMITH"},{"data":"Madness","floor":42,"key":"SMITH"},{"floor":47,"key":"REST"},{"floor":49,"key":"REST"}],"neow_cost":"NONE","seed_source_timestamp":89157859289924,"circlet_count":0,"master_deck":["Survivor+1","Neutralize+1","Dagger Spray","Glass Knife+1","Quick Slash+1","Distraction+1","Escape Plan+1","After Image+1","Dagger Throw+1","Well Laid Plans","Trip+1","Dash+1","Predator+1","RitualDagger+1","Quick Slash+1","Choke+1","Dagger Spray+1","PiercingWail","Acrobatics+1","Glass Knife+1","Crippling Poison","Setup","Noxious Fumes","Tactician","Finisher+1","Choke+1","Dagger Spray+1","Blur","Terror","Underhanded Strike+1","Backflip","Terror+1","Madness+1","Madness+1","Predator+1","Sadistic Nature","Well Laid Plans","Flash of Steel+1","Acrobatics","Flying Knee+1","Acrobatics+1"],"relics":["Ring of the Snake","Pen Nib","War Paint","Mummified Hand","Molten Egg 2","Art of War","Tiny House","Toolbox","Red Mask","Pear","Paper Crane","Pandora\u0027s Box","StoneCalendar","Mercury Hourglass","Vajra"],"potions_floor_usage":[12,12,24,28,30,33,41,50,50,50,50],"damage_taken":[{"damage":1,"enemies":"2 Louse","floor":1,"turns":3},{"damage":0,"enemies":"Cultist","floor":2,"turns":4},{"damage":3,"enemies":"Jaw Worm","floor":4,"turns":4},{"damage":1,"enemies":"Lagavulin","floor":12,"turns":4},{"damage":0,"enemies":"2 Fungi Beasts","floor":13,"turns":2},{"damage":0,"enemies":"Gremlin Nob","floor":14,"turns":2},{"damage":55,"enemies":"Hexaghost","floor":16,"turns":12},{"damage":8,"enemies":"Spheric Guardian","floor":18,"turns":4},{"damage":4,"enemies":"Masked Bandits","floor":20,"turns":4},{"damage":0,"enemies":"Chosen","floor":24,"turns":4},{"damage":0,"enemies":"3 Cultists","floor":28,"turns":4},{"damage":8,"enemies":"Shelled Parasite and Fungi","floor":30,"turns":4},{"damage":5,"enemies":"Book of Stabbing","floor":31,"turns":3},{"damage":54,"enemies":"Automaton","floor":33,"turns":11},{"damage":4,"enemies":"Orb Walker","floor":35,"turns":3},{"damage":9,"enemies":"3 Shapes","floor":36,"turns":2},{"damage":13,"enemies":"Mysterious Sphere","floor":41,"turns":2},{"damage":3,"enemies":"Reptomancer","floor":45,"turns":3},{"damage":1,"enemies":"Giant Head","floor":46,"turns":6},{"damage":12,"enemies":"Spire Growth","floor":48,"turns":3},{"damage":31,"enemies":"Time Eater","floor":50,"turns":8}],"seed_played":"-5997829486656364191","potions_obtained":[{"floor":2,"key":"Block Potion"},{"floor":4,"key":"Dexterity Potion"},{"floor":11,"key":"GhostInAJar"},{"floor":11,"key":"SteroidPotion"},{"floor":12,"key":"Fire Potion"},{"floor":16,"key":"SneckoOil"},{"floor":17,"key":"GamblersBrew"},{"floor":28,"key":"AttackPotion"},{"floor":33,"key":"SkillPotion"},{"floor":35,"key":"EntropicBrew"},{"floor":46,"key":"SpeedPotion"},{"floor":48,"key":"Energy Potion"}],"is_trial":false,"path_per_floor":["M","M","?","M","$","R","$","?","T","R","?","E","M","E","R","B",null,"M","$","?","?","$","R","M","?","T","R","M","$","M","E","R","B",null,"M","M","?","?","?","R","?","R","T","$","M","E","R","M","R","B"],"character_chosen":"THE_SILENT","items_purchased":["Glass Knife","War Paint","Trip","Dash+1","Toolbox","Dagger Spray+1","Sadistic Nature","Well Laid Plans","Flash of Steel+1","Acrobatics","SteroidPotion"],"campfire_rested":3,"item_purchase_floors":[5,5,19,19,19,29,44,44,44,44,44],"current_hp_per_floor":[69,69,69,66,66,66,66,70,70,70,70,69,69,69,69,14,75,67,67,63,57,57,57,57,57,67,67,67,67,59,54,79,25,85,81,72,72,61,61,61,48,48,48,48,45,44,69,57,82,51],"gold":54,"neow_bonus":"RANDOM_COMMON_RELIC","is_prod":false,"is_daily":false,"chose_seed":false,"campfire_upgraded":7,"win_rate":0,"timestamp":1538871412,"path_taken":["M","M","?","M","?","R","$","?","T","R","?","E","M","E","R","BOSS","M","$","?","?","$","R","M","?","T","R","M","$","M","E","R","BOSS","M","M","?","?","?","R","?","R","T","$","?","E","R","?","R","BOSS"],"build_version":"2018-10-04","purchased_purges":2,"victory":true,"max_hp_per_floor":[70,70,70,70,70,70,70,70,70,70,70,70,70,70,70,70,75,75,75,75,75,75,75,75,75,85,85,85,85,85,85,85,85,85,85,85,85,85,85,85,85,85,85,85,85,85,85,85,85,85],"card_choices":[{"not_picked":["Deflect","Predator"],"picked":"PiercingWail","floor":1},{"not_picked":["Bane","Masterful Stab"],"picked":"Dagger Spray","floor":2},{"not_picked":["Underhanded Strike","Outmaneuver"],"picked":"Deadly Poison","floor":4},{"not_picked":["Prepared","Slice"],"picked":"Quick Slash","floor":12},{"not_picked":["Expertise","Catalyst"],"picked":"Distraction","floor":13},{"not_picked":["Outmaneuver","Underhanded Strike+1"],"picked":"Escape Plan","floor":14},{"not_picked":["Malaise","Burst"],"picked":"After Image","floor":16},{"not_picked":["Slice+1","Bane+1"],"picked":"Dagger Throw+1","floor":17},{"not_picked":["Dodge and Roll","Prepared"],"picked":"Well Laid Plans","floor":18},{"not_picked":["Crippling Poison","PiercingWail"],"picked":"Predator+1","floor":20},{"not_picked":["Prepared","Grand Finale+1"],"picked":"Quick Slash+1","floor":24},{"not_picked":["Dagger Throw+1","Footwork","Outmaneuver"],"picked":"SKIP","floor":28},{"not_picked":["Bane+1","Underhanded Strike+1"],"picked":"PiercingWail","floor":30},{"not_picked":["Bullet Time","Bane+1"],"picked":"Acrobatics+1","floor":31},{"not_picked":["Doppelganger","Malaise"],"picked":"Glass Knife+1","floor":33},{"not_picked":["Deflect+1","Quick Slash+1"],"picked":"Backflip","floor":35},{"not_picked":["Poisoned Stab+1","Dagger Throw+1"],"picked":"Terror+1","floor":36},{"not_picked":["Setup","Prepared"],"picked":"Predator+1","floor":41},{"not_picked":["Predator+1","Bouncing Flask+1"],"picked":"Flying Knee+1","floor":45},{"not_picked":["Caltrops+1","Sucker Punch+1"],"picked":"Acrobatics+1","floor":46},{"not_picked":["Sucker Punch+1","Flying Knee+1","Outmaneuver"],"picked":"SKIP","floor":48}],"player_experience":304048,"relics_obtained":[{"floor":9,"key":"Mummified Hand"},{"floor":12,"key":"Molten Egg 2"},{"floor":14,"key":"Art of War"},{"floor":20,"key":"Red Mask"},{"floor":26,"key":"Pear"},{"floor":31,"key":"Paper Crane"},{"floor":41,"key":"StoneCalendar"},{"floor":43,"key":"Mercury Hourglass"},{"floor":46,"key":"Vajra"}],"event_choices":[{"event_name":"Golden Shrine","player_choice":"Desecrate","floor":3,"damage_taken":0},{"event_name":"Bonfire Elementals","player_choice":"COMMON","floor":8,"damage_taken":0},{"event_name":"The Lab","player_choice":"Got Potions","floor":11,"damage_taken":0},{"event_name":"Masked Bandits","player_choice":"Fought Bandits","floor":20,"damage_taken":0},{"event_name":"Nest","player_choice":"Joined the Cult","floor":21,"damage_taken":0},{"event_name":"The Library","player_choice":"Read","floor":25,"damage_taken":0},{"event_name":"Falling","player_choice":"Removed Skill","floor":37,"damage_taken":0},{"event_name":"Winding Halls","player_choice":"Embrace Madness","floor":38,"damage_taken":0},{"event_name":"Golden Shrine","player_choice":"Desecrate","floor":39,"damage_taken":0},{"event_name":"Mysterious Sphere","player_choice":"Fight","floor":41,"damage_taken":0}],"is_beta":true,"boss_relics":[{"not_picked":["Lizard Tail","Velvet Choker"],"picked":"Tiny House"},{"not_picked":["Empty Cage","HoveringKite"],"picked":"Pandora\u0027s Box"}],"items_purged_floors":[5,44],"is_endless":false,"potions_floor_spawned":[2,4,12,16,20,28,33,35,46,48],"ascension_level":2}