{"gold_per_floor":[114,114,45,45,45,74,88,88,88,88,100,100,132,152,152,256,256,276,295,309,309,309,309,325,325,378,393,393,393,421,366,366,468,468,485,485,505,49,63,63,78,178,254,254,30,30,50,61,61,61],"floor_reached":51,"playtime":1949,"items_purged":["blackbeard:StrikeBlackbeard","blackbeard:StrikeBlackbeard"],"score":725,"play_id":"aa02b672-03a5-4021-9870-8f72c5cb66e2","local_time":"20190118012749","is_ascension_mode":false,"campfire_choices":[{"data":"blackbeard:MegaUpgrade","floor":8,"key":"SMITH"},{"data":"blackbeard:WeaponProficiency","floor":10,"key":"SMITH"},{"data":"blackbeard:Cutlass","floor":12,"key":"SMITH"},{"data":"blackbeard:BeatUp","floor":15,"key":"SMITH"},{"floor":23,"key":"REST"},{"floor":28,"key":"REST"},{"floor":32,"key":"REST"},{"data":"blackbeard:WiseDefend","floor":40,"key":"SMITH"},{"data":"blackbeard:MegaUpgrade","floor":44,"key":"SMITH"},{"data":"Secret Weapon","floor":46,"key":"SMITH"},{"data":"Mayhem","floor":49,"key":"SMITH"}],"neow_cost":"NONE","seed_source_timestamp":203487740128489,"circlet_count":0,"master_deck":["blackbeard:IntimidatingStrike","blackbeard:DefendBlackbeard","blackbeard:DefendBlackbeard","blackbeard:DefendBlackbeard","blackbeard:DefendBlackbeard","blackbeard:Cutlass+1","blackbeard:MegaUpgrade+1","blackbeard:Sword","blackbeard:CaptainsCabin+1","blackbeard:WeaponProficiency+1","blackbeard:Dagger","blackbeard:BeatUp+1","blackbeard:BlindAttacks","blackbeard:Shrapnel","blackbeard:CaptainsHat","blackbeard:RearmingStrike+1","blackbeard:Spear","blackbeard:Boarding+1","blackbeard:DoubleCannonball","blackbeard:Fencing","blackbeard:WiseDefend+1","blackbeard:WeaponProficiency","blackbeard:CatONineTails","blackbeard:MegaUpgrade+1","blackbeard:SwordDance","Panacea","Mayhem+1","Bandage Up","blackbeard:Spear+1","blackbeard:DoubleBottom","Finesse","blackbeard:Fencing+1","blackbeard:ArmorUp","blackbeard:TerrorOfTheSeas","Secret Weapon+1","blackbeard:Sword+1"],"relics":["blackbeard:LoadTheCannons","Darkstone Periapt","Pear","Omamori","Philosopher\u0027s Stone","Nunchaku","Anchor","Potion Belt","Tiny Chest","Eternal Feather","Membership Card","Meat on the Bone","StoneCalendar","Mummified Hand","Pen Nib"],"potions_floor_usage":[30,37,42,50,50,50],"damage_taken":[{"damage":1,"enemies":"Jaw Worm","floor":1,"turns":3},{"damage":12,"enemies":"Gremlin Nob","floor":6,"turns":4},{"damage":0,"enemies":"Cultist","floor":7,"turns":3},{"damage":0,"enemies":"2 Louse","floor":11,"turns":3},{"damage":13,"enemies":"Lagavulin","floor":13,"turns":4},{"damage":0,"enemies":"Lots of Slimes","floor":14,"turns":3},{"damage":22,"enemies":"The Guardian","floor":16,"turns":9},{"damage":35,"enemies":"3 Byrds","floor":18,"turns":5},{"damage":0,"enemies":"Shell Parasite","floor":19,"turns":2},{"damage":10,"enemies":"Snecko","floor":20,"turns":4},{"damage":12,"enemies":"Colosseum Slavers","floor":21,"turns":4},{"damage":14,"enemies":"Shelled Parasite and Fungi","floor":24,"turns":3},{"damage":3,"enemies":"Snake Plant","floor":27,"turns":4},{"damage":27,"enemies":"Book of Stabbing","floor":30,"turns":4},{"damage":39,"enemies":"Champ","floor":33,"turns":7},{"damage":0,"enemies":"3 Shapes","floor":35,"turns":3},{"damage":20,"enemies":"3 Darklings","floor":37,"turns":4},{"damage":40,"enemies":"Sphere and 2 Shapes","floor":39,"turns":5},{"damage":19,"enemies":"Jaw Worm Horde","floor":41,"turns":5},{"damage":7,"enemies":"Mind Bloom Boss Battle","floor":42,"turns":5},{"damage":27,"enemies":"Transient","floor":47,"turns":5},{"damage":19,"enemies":"4 Shapes","floor":48,"turns":4},{"damage":71,"enemies":"Donu and Deca","floor":50,"turns":5}],"seed_played":"-2398445751980222525","potions_obtained":[{"floor":0,"key":"Explosive Potion"},{"floor":0,"key":"LiquidBronze"},{"floor":0,"key":"GamblersBrew"},{"floor":7,"key":"FearPotion"},{"floor":30,"key":"blackbeard:RumPotion"},{"floor":35,"key":"BloodPotion"},{"floor":37,"key":"SteroidPotion"},{"floor":48,"key":"SpeedPotion"}],"is_trial":false,"path_per_floor":["M","?","$","?","$","E","M","R","T","R","M","R","E","M","R","B",null,"M","M","M","?","?","R","M","?","T","M","R","?","E","?","R","B",null,"M","?","M","$","M","R","M","?","T","R","$","R","M","M","R","B",null],"character_chosen":"BLACKBEARD_CLASS","items_purchased":["blackbeard:CaptainsCabin","Membership Card","blackbeard:DoubleBottom","Finesse","Meat on the Bone","Pen Nib","blackbeard:TerrorOfTheSeas","Secret Weapon"],"campfire_rested":3,"item_purchase_floors":[3,38,38,38,38,45,45,45],"current_hp_per_floor":[74,74,74,74,74,62,62,62,72,72,72,72,59,59,59,37,85,50,50,40,28,28,53,39,39,39,36,61,61,34,34,59,20,85,85,75,55,55,31,49,46,51,51,69,69,85,58,51,72,25],"gold":61,"neow_bonus":"THREE_SMALL_POTIONS","is_prod":false,"is_daily":false,"chose_seed":false,"campfire_upgraded":8,"win_rate":0,"timestamp":1547792869,"path_taken":["M","?","?","?","$","E","?","R","T","R","M","R","E","M","R","BOSS","M","M","M","?","?","R","M","?","T","?","R","?","E","?","R","BOSS","M","?","M","$","M","R","M","?","T","R","?","R","M","M","R","BOSS"],"build_version":"2019-01-16","purchased_purges":2,"victory":true,"max_hp_per_floor":[75,75,75,75,75,75,75,75,85,85,85,85,85,85,85,85,85,85,85,85,85,85,85,85,85,85,85,85,85,85,85,85,85,85,85,85,85,85,85,85,85,85,85,85,85,85,85,85,85,85],"card_choices":[{"not_picked":["blackbeard:Sharpening","blackbeard:SwordDance","blackbeard:RearmingStrike"],"picked":"SKIP","floor":1},{"not_picked":["blackbeard:Dagger","blackbeard:Spear"],"picked":"blackbeard:WeaponProficiency","floor":6},{"not_picked":["blackbeard:GoldenCannonball","blackbeard:Scrap"],"picked":"blackbeard:Dagger","floor":7},{"not_picked":["blackbeard:TheDrunkenSailor","blackbeard:Toast"],"picked":"blackbeard:BeatUp","floor":11},{"not_picked":["blackbeard:GhostInTheRum","blackbeard:RearmingStrike"],"picked":"blackbeard:BlindAttacks","floor":13},{"not_picked":["blackbeard:WiseDefend","blackbeard:Revenge"],"picked":"blackbeard:Shrapnel","floor":14},{"not_picked":["blackbeard:PirateStrength","blackbeard:Murder"],"picked":"blackbeard:CaptainsHat","floor":16},{"not_picked":["blackbeard:Toast","blackbeard:BlindAttacks"],"picked":"blackbeard:RearmingStrike+1","floor":18},{"not_picked":["blackbeard:DoubleCannonball","blackbeard:Fencing"],"picked":"blackbeard:Spear","floor":19},{"not_picked":["blackbeard:Spear+1","blackbeard:CloakAndCannonball"],"picked":"blackbeard:Boarding+1","floor":20},{"not_picked":["blackbeard:JollyRoger","blackbeard:PiratesWill"],"picked":"blackbeard:WiseDefend","floor":24},{"not_picked":["blackbeard:Intoxication","blackbeard:Dagger"],"picked":"blackbeard:WeaponProficiency","floor":27},{"not_picked":["blackbeard:SwordDance","blackbeard:Recklessness"],"picked":"blackbeard:CatONineTails","floor":30},{"not_picked":["blackbeard:TheDrunkenSailor","blackbeard:HumongousCannonball"],"picked":"blackbeard:MegaUpgrade","floor":33},{"not_picked":["blackbeard:RearmingStrike","blackbeard:VengefulSpirit"],"picked":"blackbeard:SwordDance","floor":35},{"not_picked":["Metamorphosis","Dramatic Entrance"],"picked":"Panacea","floor":36},{"not_picked":["Swift Strike","Impatience"],"picked":"Mayhem","floor":36},{"not_picked":["Swift Strike","Enlightenment"],"picked":"Bandage Up","floor":36},{"not_picked":["blackbeard:TacticalRetreat+1","blackbeard:PiratesWill"],"picked":"blackbeard:Spear+1","floor":37},{"not_picked":["blackbeard:RearmingStrike+1","blackbeard:BeatUp"],"picked":"blackbeard:Fencing+1","floor":39},{"not_picked":["blackbeard:WiseDefend","blackbeard:Sharpening+1"],"picked":"blackbeard:ArmorUp","floor":41},{"not_picked":["blackbeard:Fencing+1","blackbeard:WoodenLeg+1"],"picked":"blackbeard:Sword+1","floor":47},{"not_picked":["blackbeard:Toast","blackbeard:UndeadForm","blackbeard:SwordDance+1"],"picked":"SKIP","floor":48}],"player_experience":519436,"relics_obtained":[{"floor":6,"key":"Darkstone Periapt"},{"floor":9,"key":"Pear"},{"floor":13,"key":"Omamori"},{"floor":25,"key":"Nunchaku"},{"floor":26,"key":"Anchor"},{"floor":30,"key":"Potion Belt"},{"floor":42,"key":"StoneCalendar"},{"floor":43,"key":"Mummified Hand"}],"event_choices":[{"damage_healed":0,"gold_gain":0,"player_choice":"2 cards matched","damage_taken":0,"max_hp_gain":0,"max_hp_loss":0,"event_name":"Match and Keep!","floor":2,"gold_loss":0,"cards_obtained":["blackbeard:MegaUpgrade","blackbeard:Sword"]},{"damage_healed":0,"gold_gain":0,"player_choice":"Upgraded","damage_taken":0,"max_hp_gain":0,"max_hp_loss":0,"event_name":"Upgrade Shrine","floor":4,"gold_loss":0,"cards_upgraded":["blackbeard:CaptainsCabin"]},{"damage_healed":0,"gold_gain":0,"player_choice":"Fight","damage_taken":0,"max_hp_gain":0,"max_hp_loss":0,"event_name":"Colosseum","floor":21,"gold_loss":0},{"damage_healed":0,"gold_gain":0,"player_choice":"Fled From Nobs","damage_taken":0,"max_hp_gain":0,"max_hp_loss":0,"event_name":"Colosseum","floor":21,"gold_loss":0},{"damage_healed":0,"gold_gain":0,"cards_transformed":["blackbeard:StrikeBlackbeard","blackbeard:StrikeBlackbeard"],"player_choice":"Became Test Subject","damage_taken":0,"max_hp_gain":0,"max_hp_loss":0,"event_name":"Drug Dealer","floor":22,"gold_loss":0,"cards_obtained":["blackbeard:DoubleCannonball","blackbeard:Fencing"]},{"damage_healed":0,"gold_gain":0,"player_choice":"Relic","damage_taken":0,"max_hp_gain":0,"max_hp_loss":0,"event_name":"Wheel of Change","floor":25,"gold_loss":0},{"damage_healed":0,"gold_gain":0,"player_choice":"Smashed Altar","damage_taken":0,"max_hp_gain":0,"max_hp_loss":0,"event_name":"Forgotten Altar","floor":29,"gold_loss":0,"cards_obtained":["Decay"]},{"damage_healed":0,"gold_gain":0,"player_choice":"Obtained Relic","damage_taken":0,"relics_obtained":["Tiny Chest"],"max_hp_gain":0,"max_hp_loss":0,"event_name":"Addict","floor":31,"gold_loss":85},{"damage_healed":0,"gold_gain":0,"player_choice":"Memory 3","damage_taken":10,"max_hp_gain":0,"max_hp_loss":0,"event_name":"SensoryStone","floor":36,"gold_loss":0},{"damage_healed":0,"gold_gain":0,"player_choice":"Fight","damage_taken":0,"max_hp_gain":0,"max_hp_loss":0,"event_name":"MindBloom","floor":42,"gold_loss":0}],"is_beta":true,"boss_relics":[{"not_picked":["Velvet Choker","Black Star"],"picked":"Philosopher\u0027s Stone"},{"not_picked":["Coffee Dripper","Empty Cage"],"picked":"Eternal Feather"}],"items_purged_floors":[38,45],"is_endless":false,"potions_floor_spawned":[7,11,14,19,24,30,35,37,48],"ascension_level":0}