{"gold_per_floor":[118,60,70,80,80,113,113,154,154,188,13,13,13,47,47,175,175,198,212,233,233,70,114,114],"floor_reached":24,"playtime":5504,"items_purged":[],"score":254,"play_id":"6f11a786-1352-45a9-b288-8e409405e1e8","local_time":"20190409152635","is_ascension_mode":true,"campfire_choices":[{"floor":7,"key":"REST"},{"floor":12,"key":"REST"},{"floor":15,"key":"REST"}],"neow_cost":"NONE","seed_source_timestamp":326732130764159,"circlet_count":0,"master_deck":["Strike_R+1","Strike_R+1","Strike_R+1","Strike_R+1","Strike_R+1","Defend_R+1","Defend_R+1","Defend_R+1","Defend_R+1","Bash","Flex","Pommel Strike","Carnage","Injury","Disarm+1","True Grit+1","Bludgeon","The Bomb+1","Cleave","Shrug It Off+1","Double Tap+1","Inflame","Headbutt+1","Warcry+1","The Bomb+1","Feel No Pain"],"relics":["Burning Blood","NeowsBlessing","Toxic Egg 2","Golden Idol","Kunai","Letter Opener","Darkstone Periapt","Anchor","Charon\u0027s Ashes","Philosopher\u0027s Stone","Peace Pipe"],"potions_floor_usage":[10,16,18,19,23],"damage_taken":[{"damage":0,"enemies":"Jaw Worm","floor":1,"turns":1},{"damage":0,"enemies":"Cultist","floor":3,"turns":1},{"damage":0,"enemies":"2 Louse","floor":4,"turns":1},{"damage":32,"enemies":"Gremlin Nob","floor":6,"turns":4},{"damage":33,"enemies":"Lagavulin","floor":8,"turns":5},{"damage":9,"enemies":"Gremlin Nob","floor":10,"turns":4},{"damage":29,"enemies":"3 Sentries","floor":14,"turns":8},{"damage":35,"enemies":"The Guardian","floor":16,"turns":10},{"damage":0,"enemies":"Spheric Guardian","floor":18,"turns":3},{"damage":39,"enemies":"3 Byrds","floor":19,"turns":4},{"damage":2,"enemies":"Cultist and Chosen","floor":20,"turns":4},{"damage":35,"enemies":"Slavers","floor":23,"turns":3},{"damage":30,"enemies":"Snake Plant","floor":24,"turns":3}],"seed_played":"783197230635726554","potions_obtained":[{"floor":1,"key":"Poison Potion"},{"floor":6,"key":"BloodPotion"},{"floor":14,"key":"Strength Potion"},{"floor":16,"key":"PowerPotion"},{"floor":18,"key":"AttackPotion"},{"floor":19,"key":"Dexterity Potion"}],"is_trial":false,"path_per_floor":["M","?","M","M","?","E","R","E","T","E","$","R","?","E","R","B",null,"M","M","M","?","$","E","M"],"character_chosen":"IRONCLAD","items_purchased":["The Bomb+1","The Bomb+1"],"campfire_rested":3,"item_purchase_floors":[11,22],"current_hp_per_floor":[80,80,80,80,80,54,78,51,51,48,48,72,72,49,73,44,80,80,47,51,51,51,30,0],"gold":114,"neow_bonus":"THREE_ENEMY_KILL","is_prod":false,"is_daily":false,"chose_seed":false,"campfire_upgraded":0,"win_rate":0,"timestamp":1554819995,"path_taken":["M","?","?","M","?","E","R","E","T","E","$","R","?","E","R","BOSS","M","M","M","?","?","E","M"],"build_version":"2019-01-23","purchased_purges":0,"victory":false,"max_hp_per_floor":[80,80,80,80,80,80,80,80,80,80,80,80,80,80,80,80,80,80,80,80,80,80,80,80],"card_choices":[{"not_picked":["Sentinel","Fire Breathing"],"picked":"Flex","floor":1},{"not_picked":["Clash","Seeing Red+1"],"picked":"Pommel Strike","floor":3},{"not_picked":["Wild Strike","Rupture"],"picked":"Carnage","floor":4},{"not_picked":["Seeing Red+1","Fire Breathing"],"picked":"Disarm+1","floor":6},{"not_picked":["Pommel Strike","Body Slam"],"picked":"True Grit+1","floor":8},{"not_picked":["Reckless Charge","Body Slam"],"picked":"Bludgeon","floor":10},{"not_picked":["Combust","Twin Strike"],"picked":"Shrug It Off+1","floor":14},{"not_picked":["Bludgeon","Exhume+1"],"picked":"Double Tap+1","floor":16},{"not_picked":["Flex+1","Blood for Blood+1"],"picked":"Inflame","floor":18},{"not_picked":["Wild Strike","Clash"],"picked":"Headbutt+1","floor":19},{"not_picked":["Twin Strike","Disarm+1"],"picked":"Warcry+1","floor":20},{"not_picked":["Flex+1","Havoc+1"],"picked":"Feel No Pain","floor":23}],"player_experience":366379,"relics_obtained":[{"floor":6,"key":"Kunai"},{"floor":8,"key":"Letter Opener"},{"floor":9,"key":"Darkstone Periapt"},{"floor":10,"key":"Anchor"},{"floor":14,"key":"Charon\u0027s Ashes"},{"floor":23,"key":"Peace Pipe"}],"event_choices":[{"damage_healed":0,"gold_gain":0,"player_choice":"Paid Gold","damage_taken":0,"relics_obtained":["Toxic Egg 2"],"max_hp_gain":0,"max_hp_loss":0,"event_name":"WeMeetAgain","floor":2,"gold_loss":58},{"damage_healed":0,"gold_gain":0,"player_choice":"Take Wound","damage_taken":0,"relics_obtained":["Golden Idol"],"max_hp_gain":0,"max_hp_loss":0,"event_name":"Golden Idol","floor":5,"gold_loss":0,"cards_obtained":["Injury"]},{"damage_healed":0,"gold_gain":0,"player_choice":"1 cards matched","damage_taken":0,"max_hp_gain":0,"max_hp_loss":0,"event_name":"Match and Keep!","floor":13,"gold_loss":0,"cards_obtained":["Cleave"]},{"damage_healed":0,"gold_gain":0,"player_choice":"Simplicity","damage_taken":0,"max_hp_gain":0,"max_hp_loss":0,"event_name":"Back to Basics","floor":21,"gold_loss":0,"cards_upgraded":["Strike_R","Strike_R","Strike_R","Strike_R","Strike_R","Defend_R","Defend_R","Defend_R","Defend_R"]}],"is_beta":false,"boss_relics":[{"not_picked":["Lizard Tail","Busted Crown"],"picked":"Philosopher\u0027s Stone"}],"items_purged_floors":[],"is_endless":false,"potions_floor_spawned":[1,6,14,16,18,19],"killed_by":"Snake Plant","ascension_level":1}