{"gold_per_floor":[110,110,185,26,26,26,38,53,53,68,87,87,87,122,122,226,226,242,215,215,215,229,229,242,242,242,242,242,261,225,239,239,239],"floor_reached":33,"playtime":2800,"items_purged":[],"score":247,"play_id":"87d7ea6e-e813-4466-9d33-a2c57e5b77eb","local_time":"20181025130243","is_ascension_mode":false,"campfire_choices":[{"data":"Loop","floor":6,"key":"SMITH"},{"data":"Chaos","floor":12,"key":"SMITH"},{"floor":15,"key":"REST"},{"data":"Rainbow","floor":23,"key":"SMITH"},{"data":"Buffer","floor":25,"key":"SMITH"},{"floor":27,"key":"REST"},{"floor":32,"key":"REST"}],"neow_cost":"NONE","seed_source_timestamp":1277052781511301,"circlet_count":0,"master_deck":["Strike_B","Strike_B","Strike_B","Defend_B","Defend_B","Defend_B","Defend_B","Zap","Dualcast+1","Echo Form","Conserve Battery","Loop+1","Ball Lightning","Chaos+1","Chill","BootSequence","Loop","Leap","Buffer+1","Self Repair","Rainbow+1","Chill+1","Auto Shields","Sunder","Stack+1","Consume","Reinforced Body"],"relics":["Cracked Core","Du-Vu Doll","Smiling Mask","Busted Crown","Singing Bowl"],"potions_floor_usage":[10,14,14,22,29,33],"damage_taken":[{"damage":0,"enemies":"Small Slimes","floor":1,"turns":3},{"damage":0,"enemies":"2 Louse","floor":7,"turns":2},{"damage":1,"enemies":"Jaw Worm","floor":8,"turns":3},{"damage":5,"enemies":"Blue Slaver","floor":10,"turns":3},{"damage":4,"enemies":"3 Louse","floor":11,"turns":3},{"damage":10,"enemies":"Gremlin Nob","floor":14,"turns":4},{"damage":28,"enemies":"Hexaghost","floor":16,"turns":11},{"damage":6,"enemies":"3 Byrds","floor":18,"turns":6},{"damage":11,"enemies":"2 Thieves","floor":19,"turns":5},{"damage":4,"enemies":"Centurion and Healer","floor":22,"turns":7},{"damage":28,"enemies":"3 Cultists","floor":24,"turns":8},{"damage":0,"enemies":"Cultist and Chosen","floor":29,"turns":4},{"damage":18,"enemies":"Snake Plant","floor":31,"turns":6},{"damage":81,"enemies":"Automaton","floor":33,"turns":14}],"seed_played":"5517073896399567476","potions_obtained":[{"floor":7,"key":"FocusPotion"},{"floor":8,"key":"GamblersBrew"},{"floor":10,"key":"Fire Potion"},{"floor":19,"key":"LiquidBronze"},{"floor":24,"key":"Fire Potion"},{"floor":29,"key":"Strength Potion"}],"is_trial":false,"path_per_floor":["M","$","?","$","?","R","M","M","T","M","M","R","?","E","R","B",null,"M","M","?","?","M","R","M","R","T","R","?","M","$","M","R"],"character_chosen":"DEFECT","items_purchased":["Loop","Ball Lightning","Chaos","Consume"],"campfire_rested":3,"item_purchase_floors":[4,4,4,30],"current_hp_per_floor":[75,75,64,64,64,64,64,63,63,58,54,54,54,44,66,45,75,75,71,57,57,60,60,39,39,39,63,55,55,55,44,68,0],"gold":239,"neow_bonus":"ONE_RANDOM_RARE_CARD","is_prod":false,"is_daily":false,"chose_seed":false,"campfire_upgraded":4,"win_rate":0,"timestamp":1540494163,"path_taken":["M","$","?","$","?","R","M","M","T","M","M","R","?","E","R","BOSS","M","M","?","?","M","R","M","R","T","R","?","M","$","M","R","BOSS"],"build_version":"2018-10-18","purchased_purges":0,"victory":false,"max_hp_per_floor":[75,75,75,75,75,75,75,75,75,75,75,75,75,75,75,75,75,75,75,80,80,80,80,80,80,80,80,80,80,80,80,80,80],"card_choices":[{"not_picked":["Rebound","Hologram"],"picked":"Conserve Battery","floor":1},{"not_picked":["Beam Cell","Auto Shields"],"picked":"Chill","floor":7},{"not_picked":["Rip and Tear","Aggregate"],"picked":"BootSequence","floor":8},{"not_picked":["Compile Driver","Fusion"],"picked":"Loop","floor":10},{"not_picked":["Barrage","Turbo"],"picked":"Leap","floor":11},{"not_picked":["Loop","Compile Driver"],"picked":"Self Repair","floor":14},{"not_picked":["Machine Learning","All For One"],"picked":"Rainbow","floor":16},{"not_picked":[],"picked":"Chill+1","floor":18},{"not_picked":[],"picked":"Auto Shields","floor":19},{"not_picked":[],"picked":"Sunder","floor":22},{"not_picked":["Scrape"],"picked":"SKIP","floor":24},{"not_picked":[],"picked":"Stack+1","floor":29},{"not_picked":[],"picked":"Reinforced Body","floor":31}],"player_experience":824408,"relics_obtained":[{"floor":9,"key":"Du-Vu Doll"},{"floor":14,"key":"Smiling Mask"},{"floor":26,"key":"Singing Bowl"}],"event_choices":[{"damage_healed":0,"gold_gain":75,"player_choice":"Gather Gold","damage_taken":11,"max_hp_gain":0,"max_hp_loss":0,"event_name":"World of Goop","floor":3,"gold_loss":0},{"damage_healed":0,"gold_gain":0,"player_choice":"Grow","damage_taken":0,"max_hp_gain":0,"max_hp_loss":0,"event_name":"Living Wall","floor":5,"gold_loss":0,"cards_upgraded":["Dualcast"]},{"damage_healed":0,"gold_gain":0,"cards_transformed":["Strike_B"],"player_choice":"Transformed","damage_taken":0,"max_hp_gain":0,"max_hp_loss":0,"event_name":"Transmorgrifier","floor":13,"gold_loss":0,"cards_obtained":["Buffer"]},{"damage_healed":0,"gold_gain":0,"player_choice":"Shed Blood","damage_taken":19,"max_hp_gain":5,"max_hp_loss":0,"event_name":"Forgotten Altar","floor":20,"gold_loss":0},{"damage_healed":0,"gold_gain":0,"player_choice":"0 cards matched","damage_taken":0,"max_hp_gain":0,"max_hp_loss":0,"event_name":"Match and Keep!","floor":21,"gold_loss":0,"cards_obtained":[]},{"damage_healed":0,"gold_gain":0,"player_choice":"","damage_taken":8,"max_hp_gain":0,"max_hp_loss":0,"event_name":"Knowing Skull","floor":28,"potions_obtained":[],"gold_loss":0,"cards_obtained":[]}],"is_beta":false,"boss_relics":[{"not_picked":["Philosopher\u0027s Stone","Empty Cage"],"picked":"Busted Crown"}],"items_purged_floors":[],"is_endless":false,"potions_floor_spawned":[7,8,10,19,24,29],"killed_by":"Automaton","ascension_level":0}