{"gold_per_floor":[111,111,61,75,55,93,93,113,185,220,236,271,271,289,289,408,408,428,29,53,53,53,53,68,68,91,107,145,158,158,196,196,196],"floor_reached":33,"playtime":1243,"items_purged":[],"score":488,"play_id":"52d45230-403a-47c1-82a4-6b854fe48468","local_time":"20181129195000","is_ascension_mode":true,"campfire_choices":[{"floor":7,"key":"REST"},{"floor":13,"key":"REST"},{"floor":15,"key":"REST"},{"floor":23,"key":"REST"},{"floor":25,"key":"REST"},{"floor":32,"key":"REST"}],"neow_cost":"NONE","seed_source_timestamp":1389060688856680,"circlet_count":0,"master_deck":["AscendersBane","Strike_R+1","Strike_R+1","Strike_R","Strike_R","Strike_R","Defend_R","Defend_R","Defend_R","Defend_R","Bash","Forethought","Shrug It Off","Body Slam","Double Tap","Twin Strike","Twin Strike","Feel No Pain","Havoc","Carnage","Fiend Fire","Perfected Strike","Shrug It Off","Flame Barrier","Wild Strike","Wild Strike","True Grit+1","Flex","Wild Strike","Reckless Charge"],"relics":["Burning Blood","Golden Idol","Strawberry","Mercury Hourglass","Whetstone","Art of War","Fusion Hammer","Ice Cream","MutagenicStrength","Bag of Marbles","Bird Faced Urn","Torii"],"potions_floor_usage":[6,10,12,16,27,31,31,33],"damage_taken":[{"damage":7,"enemies":"Small Slimes","floor":1,"turns":4},{"damage":5,"enemies":"2 Louse","floor":4,"turns":3},{"damage":44,"enemies":"3 Sentries","floor":6,"turns":13},{"damage":5,"enemies":"Jaw Worm","floor":8,"turns":4},{"damage":45,"enemies":"Gremlin Nob","floor":10,"turns":6},{"damage":0,"enemies":"Large Slime","floor":11,"turns":6},{"damage":27,"enemies":"Lagavulin","floor":12,"turns":5},{"damage":16,"enemies":"Lots of Slimes","floor":14,"turns":3},{"damage":20,"enemies":"Slime Boss","floor":16,"turns":8},{"damage":4,"enemies":"Chosen","floor":18,"turns":4},{"damage":8,"enemies":"2 Thieves","floor":20,"turns":4},{"damage":40,"enemies":"Snake Plant","floor":24,"turns":4},{"damage":2,"enemies":"3 Cultists","floor":27,"turns":5},{"damage":66,"enemies":"Gremlin Leader","floor":28,"turns":8},{"damage":0,"enemies":"Centurion and Healer","floor":29,"turns":2},{"damage":24,"enemies":"Slavers","floor":31,"turns":6},{"damage":52,"enemies":"Champ","floor":33,"turns":5}],"seed_played":"-4503977288627161586","potions_obtained":[{"floor":1,"key":"Poison Potion"},{"floor":5,"key":"Ancient Potion"},{"floor":6,"key":"SpeedPotion"},{"floor":11,"key":"AttackPotion"},{"floor":12,"key":"LiquidBronze"},{"floor":16,"key":"Energy Potion"},{"floor":20,"key":"Fire Potion"},{"floor":24,"key":"Block Potion"},{"floor":27,"key":"Energy Potion"},{"floor":31,"key":"AttackPotion"}],"is_trial":false,"path_per_floor":["M","?","?","M","?","E","R","M","T","E","M","E","R","M","R","B",null,"M","$","M","?","$","R","M","R","T","M","E","M","?","E","R","B"],"character_chosen":"IRONCLAD","items_purchased":["Ice Cream","Shrug It Off","Flame Barrier"],"campfire_rested":6,"item_purchase_floors":[19,19,19],"current_hp_per_floor":[71,71,71,72,72,41,67,68,68,29,35,14,40,30,56,42,76,78,78,76,76,76,87,53,79,79,83,23,29,29,13,39,0],"gold":196,"neow_bonus":"RANDOM_COLORLESS","is_prod":false,"is_daily":false,"chose_seed":false,"campfire_upgraded":0,"win_rate":0,"timestamp":1543546200,"path_taken":["M","?","?","?","?","E","R","M","T","E","M","E","R","M","R","BOSS","M","$","?","?","?","R","M","R","T","M","E","M","?","E","R","BOSS"],"build_version":"2018-11-15","purchased_purges":0,"victory":false,"max_hp_per_floor":[80,80,80,80,80,87,87,87,87,87,87,87,87,87,87,87,87,87,87,87,87,87,87,87,87,87,87,87,87,87,87,87,87],"card_choices":[{"not_picked":["True Grit","Seeing Red"],"picked":"Shrug It Off","floor":1},{"not_picked":["Entrench","Flex"],"picked":"Body Slam","floor":4},{"not_picked":["Cleave","Anger"],"picked":"Double Tap","floor":6},{"not_picked":["Cleave","Rupture"],"picked":"Twin Strike","floor":8},{"not_picked":["Heavy Blade","Rupture"],"picked":"Twin Strike","floor":10},{"not_picked":["Headbutt","Disarm"],"picked":"Feel No Pain","floor":11},{"not_picked":["Warcry","Sword Boomerang"],"picked":"Havoc","floor":12},{"not_picked":["Anger","Blood for Blood"],"picked":"Carnage","floor":14},{"not_picked":["Limit Break","Double Tap"],"picked":"Fiend Fire","floor":16},{"not_picked":["Burning Pact+1","Pummel+1"],"picked":"Perfected Strike","floor":18},{"not_picked":["Clothesline","Flex"],"picked":"Wild Strike","floor":20},{"not_picked":["Clash+1","Thunderclap"],"picked":"Wild Strike","floor":24},{"not_picked":["Armaments","Headbutt"],"picked":"True Grit+1","floor":27},{"not_picked":["Body Slam","Double Tap"],"picked":"Flex","floor":28},{"not_picked":["Headbutt","Second Wind"],"picked":"Wild Strike","floor":29},{"not_picked":["True Grit","Anger"],"picked":"Reckless Charge","floor":31}],"player_experience":1138038,"relics_obtained":[{"floor":6,"key":"Strawberry"},{"floor":9,"key":"Mercury Hourglass"},{"floor":10,"key":"Whetstone"},{"floor":12,"key":"Art of War"},{"floor":26,"key":"Bag of Marbles"},{"floor":28,"key":"Bird Faced Urn"},{"floor":31,"key":"Torii"}],"event_choices":[{"damage_healed":0,"gold_gain":0,"player_choice":"Take Wound","damage_taken":0,"relics_obtained":["Golden Idol"],"max_hp_gain":0,"max_hp_loss":0,"event_name":"Golden Idol","floor":2,"gold_loss":0,"cards_obtained":["Injury"]},{"cards_removed":["Injury"],"damage_healed":0,"gold_gain":0,"player_choice":"Card Removal","damage_taken":0,"max_hp_gain":0,"max_hp_loss":0,"event_name":"The Cleric","floor":3,"gold_loss":50},{"damage_healed":0,"gold_gain":0,"player_choice":"Bought 1 Potion","damage_taken":0,"max_hp_gain":0,"max_hp_loss":0,"event_name":"The Woman in Blue","floor":5,"gold_loss":0},{"damage_healed":0,"gold_gain":0,"player_choice":"Inject Mutagens","damage_taken":0,"relics_obtained":["MutagenicStrength"],"max_hp_gain":0,"max_hp_loss":0,"event_name":"Drug Dealer","floor":21,"gold_loss":0},{"damage_healed":0,"gold_gain":0,"player_choice":"Ignored","damage_taken":0,"max_hp_gain":0,"max_hp_loss":0,"event_name":"Ghosts","floor":30,"gold_loss":0}],"is_beta":false,"boss_relics":[{"not_picked":["Ectoplasm","Cursed Key"],"picked":"Fusion Hammer"}],"items_purged_floors":[],"is_endless":false,"potions_floor_spawned":[1,6,11,12,16,20,24,27,31],"killed_by":"Champ","ascension_level":12}