{"gold_per_floor":[114,114,124,1,18,48,61,61,87,19,32,42,60,76,76,179,179,149,166,265,279,9,9,44,44,89,89,105,119,129,139,139,243,243,254,254,254,268,287,287,314,314,387,398,418,289,306,317,317,317],"floor_reached":51,"playtime":3442,"items_purged":["Pain"],"score":767,"play_id":"7dcba9bc-3f98-40a4-ae1e-d5c20706568f","local_time":"20181007105302","is_ascension_mode":true,"campfire_choices":[{"data":"Chaos","floor":8,"key":"SMITH"},{"floor":15,"key":"REST"},{"data":"Mayhem","floor":23,"key":"SMITH"},{"floor":25,"key":"REST"},{"floor":32,"key":"REST"},{"data":"Amplify","floor":40,"key":"SMITH"},{"data":"White Noise","floor":42,"key":"SMITH"},{"floor":49,"key":"REST"}],"neow_cost":"NONE","seed_source_timestamp":141091800954083,"circlet_count":0,"master_deck":["Strike_B","Strike_B","Strike_B","Strike_B","Defend_B","Defend_B","Defend_B","Defend_B","Zap","Dualcast","Sunder","White Noise","Heatsinks","Coolheaded","Defragment","Chaos","Chaos+1","White Noise","Steam","Glacier","Conserve Battery","Auto Shields","Reboot","Hello World","Self Repair+1","White Noise+1","Mayhem+1","Amplify+1","Capacitor","Reboot","Heatsinks","Seek","Leap","Conserve Battery+1","Doubt","Conserve Battery","White Noise","Loop+1"],"relics":["Cracked Core","WarpedTongs","Potion Belt","Vajra","Cursed Key","Regal Pillow","Smiling Mask","Busted Crown","Oddly Smooth Stone","Frozen Egg 2"],"potions_floor_usage":[7,14,16,21,24,24,33,33,33,44,45,50,50,50],"damage_taken":[{"damage":1,"enemies":"Jaw Worm","floor":1,"turns":3},{"damage":2,"enemies":"Cultist","floor":3,"turns":3},{"damage":0,"enemies":"2 Louse","floor":5,"turns":2},{"damage":46,"enemies":"Gremlin Nob","floor":6,"turns":5},{"damage":7,"enemies":"Large Slime","floor":7,"turns":6},{"damage":5,"enemies":"Exordium Wildlife","floor":11,"turns":3},{"damage":7,"enemies":"Exordium Thugs","floor":12,"turns":3},{"damage":4,"enemies":"Large Slime","floor":13,"turns":7},{"damage":0,"enemies":"2 Fungi Beasts","floor":14,"turns":2},{"damage":10,"enemies":"The Guardian","floor":16,"turns":9},{"damage":27,"enemies":"2 Thieves","floor":18,"turns":5},{"damage":1,"enemies":"Shell Parasite","floor":19,"turns":5},{"damage":7,"enemies":"Snake Plant","floor":21,"turns":5},{"damage":13,"enemies":"Slavers","floor":24,"turns":7},{"damage":8,"enemies":"Sentry and Sphere","floor":28,"turns":8},{"damage":3,"enemies":"Snecko","floor":29,"turns":5},{"damage":36,"enemies":"Shelled Parasite and Fungi","floor":30,"turns":6},{"damage":25,"enemies":"Centurion and Healer","floor":31,"turns":4},{"damage":66,"enemies":"Champ","floor":33,"turns":11},{"damage":10,"enemies":"Orb Walker","floor":35,"turns":7},{"damage":12,"enemies":"3 Darklings","floor":38,"turns":7},{"damage":9,"enemies":"4 Shapes","floor":39,"turns":6},{"damage":29,"enemies":"Giant Head","floor":41,"turns":11},{"damage":8,"enemies":"Spire Growth","floor":44,"turns":6},{"damage":2,"enemies":"Reptomancer","floor":45,"turns":12},{"damage":43,"enemies":"Sphere and 2 Shapes","floor":47,"turns":6},{"damage":21,"enemies":"3 Darklings","floor":48,"turns":6},{"damage":32,"enemies":"Donu and Deca","floor":50,"turns":9}],"seed_played":"1027159566232178258","potions_obtained":[{"floor":1,"key":"LiquidBronze"},{"floor":6,"key":"Block Potion"},{"floor":13,"key":"Explosive Potion"},{"floor":14,"key":"FocusPotion"},{"floor":18,"key":"Energy Potion"},{"floor":19,"key":"Block Potion"},{"floor":21,"key":"GamblersBrew"},{"floor":30,"key":"Fire Potion"},{"floor":31,"key":"EssenceOfSteel"},{"floor":35,"key":"FearPotion"},{"floor":44,"key":"Fruit Juice"},{"floor":47,"key":"GamblersBrew"},{"floor":48,"key":"AttackPotion"}],"is_trial":false,"path_per_floor":["M","?","M","$","M","E","M","R","T","$","M","M","M","M","R","B",null,"M","M","?","M","$","R","E","R","T","?","M","M","M","M","R","B",null,"M","?","?","M","M","R","E","R","T","M","M","$","M","M","R","B"],"character_chosen":"DEFECT","items_purchased":["Coolheaded","White Noise","White Noise","Mayhem","Energy Potion","Loop+1","PowerPotion"],"campfire_rested":4,"item_purchase_floors":[4,10,22,22,22,46,46],"current_hp_per_floor":[74,74,72,72,72,26,19,19,19,19,14,7,3,3,25,15,75,48,47,47,40,40,40,37,74,74,60,62,69,43,28,67,11,80,80,76,76,74,75,75,56,56,56,63,71,71,38,27,66,44],"gold":317,"neow_bonus":"THREE_CARDS","is_prod":false,"is_daily":false,"chose_seed":false,"campfire_upgraded":4,"win_rate":0,"timestamp":1538923982,"path_taken":["M","?","M","$","M","E","M","R","T","?","M","?","?","M","R","BOSS","M","M","?","M","?","R","E","R","T","?","?","M","M","M","R","BOSS","M","?","?","M","M","R","E","R","T","?","M","$","?","?","R","BOSS"],"build_version":"2018-10-04","purchased_purges":1,"victory":true,"max_hp_per_floor":[75,75,75,75,75,75,75,75,75,75,75,75,75,75,75,75,75,75,75,75,75,75,75,75,75,75,80,80,80,80,80,80,80,80,80,76,76,76,76,76,76,76,76,81,81,81,81,81,81,81],"card_choices":[{"not_picked":["Steam","Heatsinks"],"picked":"Sunder","floor":0},{"not_picked":["Chaos","Recycle"],"picked":"White Noise","floor":1},{"not_picked":["Recycle","Barrage"],"picked":"Heatsinks","floor":3},{"not_picked":["Barrage","Genetic Algorithm"],"picked":"Defragment","floor":5},{"not_picked":["Streamline","Auto Shields"],"picked":"Chaos","floor":6},{"not_picked":["Redo","Aggregate"],"picked":"Chaos","floor":7},{"not_picked":["Sunder","Stack"],"picked":"Steam","floor":11},{"not_picked":["Go for the Eyes","Stack"],"picked":"Glacier","floor":12},{"not_picked":["FTL","Stack"],"picked":"Conserve Battery","floor":13},{"not_picked":["Skim","Scrape"],"picked":"Auto Shields","floor":14},{"not_picked":["Hyperbeam","Thunder Strike"],"picked":"Reboot","floor":16},{"not_picked":["Beam Cell","Gash","Melter"],"picked":"SKIP","floor":18},{"not_picked":["Compile Driver+1","Rip and Tear+1"],"picked":"Hello World","floor":19},{"not_picked":["Leap","Glacier"],"picked":"Self Repair+1","floor":21},{"not_picked":["Reprogram","Chill","Doom and Gloom+1"],"picked":"SKIP","floor":24},{"not_picked":["Lockon+1","Steam"],"picked":"Amplify","floor":28},{"not_picked":["Sweeping Beam","Turbo+1"],"picked":"Capacitor","floor":29},{"not_picked":["Rebound","Skim+1"],"picked":"Reboot","floor":30},{"not_picked":["Stack","Ball Lightning"],"picked":"Heatsinks","floor":31},{"not_picked":["Hyperbeam","Fission"],"picked":"Seek","floor":33},{"not_picked":[],"picked":"Leap","floor":35},{"not_picked":["Steam"],"picked":"SKIP","floor":38},{"not_picked":["Reinforced Body"],"picked":"SKIP","floor":39},{"not_picked":[],"picked":"Conserve Battery+1","floor":41},{"not_picked":[],"picked":"Conserve Battery","floor":44},{"not_picked":[],"picked":"White Noise","floor":45},{"not_picked":["Melter+1"],"picked":"SKIP","floor":47},{"not_picked":["Streamline"],"picked":"SKIP","floor":48}],"player_experience":313713,"relics_obtained":[{"floor":6,"key":"Potion Belt"},{"floor":9,"key":"Vajra"},{"floor":24,"key":"Regal Pillow"},{"floor":26,"key":"Smiling Mask"},{"floor":41,"key":"Oddly Smooth Stone"},{"floor":43,"key":"Frozen Egg 2"}],"event_choices":[{"event_name":"Accursed Blacksmith","player_choice":"Rummage","floor":2,"damage_taken":0},{"event_name":"Nest","player_choice":"Stole From Cult","floor":20,"damage_taken":0},{"event_name":"Forgotten Altar","player_choice":"Shed Blood","floor":27,"damage_taken":0},{"event_name":"Winding Halls","player_choice":"Max HP","floor":36,"damage_taken":0},{"event_name":"Purifier","player_choice":"One Purge","floor":37,"damage_taken":0}],"is_beta":true,"boss_relics":[{"not_picked":["Empty Cage","Fusion Hammer"],"picked":"Cursed Key"},{"not_picked":["Snecko Eye","Lizard Tail"],"picked":"Busted Crown"}],"items_purged_floors":[4],"is_endless":false,"potions_floor_spawned":[1,6,13,14,18,19,21,30,31,35,44,47,48],"ascension_level":1}