{"gold_per_floor":[212,212,222,241,241,241,267,282,282,293,293,328,359,384,396,408],"floor_reached":16,"playtime":899,"items_purged":[],"score":190,"play_id":"7fbc5d8c-e53a-44f8-be84-c392038fd2d4","local_time":"20190326154307","is_ascension_mode":true,"campfire_choices":[{"data":"Flame Barrier","floor":6,"key":"SMITH"},{"data":"Feed","floor":11,"key":"SMITH"},{"data":"Metallicize","floor":15,"key":"SMITH"}],"neow_cost":"NONE","seed_source_timestamp":922402407042765,"circlet_count":0,"master_deck":["Strike_R","Strike_R","Strike_R","Strike_R","Strike_R","Defend_R","Defend_R","Defend_R","Defend_R","Bash","Rampage","Metallicize+1","Flame Barrier+1","Feed+1","Clothesline","Ghostly Armor","Headbutt"],"relics":["Burning Blood","The Courier","Oddly Smooth Stone","Kunai","MawBank"],"potions_floor_usage":[7,12,13,16,16],"damage_taken":[{"damage":1,"enemies":"Cultist","floor":1,"turns":4},{"damage":10,"enemies":"2 Louse","floor":3,"turns":3},{"damage":1,"enemies":"Small Slimes","floor":4,"turns":4},{"damage":20,"enemies":"Gremlin Nob","floor":7,"turns":6},{"damage":4,"enemies":"Exordium Thugs","floor":8,"turns":8},{"damage":13,"enemies":"Looter","floor":10,"turns":4},{"damage":28,"enemies":"Lagavulin","floor":12,"turns":10},{"damage":9,"enemies":"Gremlin Gang","floor":13,"turns":4},{"damage":3,"enemies":"3 Louse","floor":14,"turns":4},{"damage":28,"enemies":"The Guardian","floor":16,"turns":14}],"seed_played":"5052943845256344444","potions_obtained":[{"floor":1,"key":"Weak Potion"},{"floor":3,"key":"Dexterity Potion"},{"floor":4,"key":"SpeedPotion"},{"floor":10,"key":"Explosive Potion"},{"floor":13,"key":"AttackPotion"}],"is_trial":false,"path_per_floor":["?","?"],"character_chosen":"IRONCLAD","items_purchased":[],"campfire_rested":0,"item_purchase_floors":[],"current_hp_per_floor":[77,82,78,83,50,50,36,41,41,37,37,19,20,27,27,0],"gold":408,"neow_bonus":"HUNDRED_GOLD","is_prod":false,"is_daily":false,"chose_seed":false,"campfire_upgraded":3,"win_rate":0,"timestamp":1553629387,"path_taken":["M","?","M","M","?","R","E","M","T","M","R","E","M","M","R","BOSS"],"build_version":"2019-01-23","purchased_purges":0,"victory":false,"max_hp_per_floor":[80,85,85,85,85,85,85,88,88,91,91,95,99,103,103,103],"card_choices":[{"not_picked":["Pummel","Perfected Strike"],"picked":"Rampage","floor":1},{"not_picked":["Reckless Charge","Iron Wave"],"picked":"Metallicize","floor":3},{"not_picked":["Carnage","Whirlwind"],"picked":"Flame Barrier","floor":4},{"not_picked":["Warcry","Exhume"],"picked":"Feed","floor":7},{"not_picked":["Havoc","Power Through","Infernal Blade"],"picked":"SKIP","floor":8},{"not_picked":["Clash","Sword Boomerang"],"picked":"Clothesline","floor":10},{"not_picked":["Carnage","Burning Pact"],"picked":"Ghostly Armor","floor":12},{"not_picked":["True Grit","Burning Pact"],"picked":"Headbutt","floor":13},{"not_picked":["Whirlwind","Sentinel","Perfected Strike"],"picked":"SKIP","floor":14}],"player_experience":1035562,"relics_obtained":[{"floor":7,"key":"Oddly Smooth Stone"},{"floor":9,"key":"Kunai"},{"floor":12,"key":"MawBank"}],"event_choices":[{"damage_healed":0,"gold_gain":0,"player_choice":"Donut","damage_taken":0,"max_hp_gain":5,"max_hp_loss":0,"event_name":"Big Fish","floor":2,"gold_loss":0},{"damage_healed":0,"gold_gain":0,"player_choice":"Success","damage_taken":33,"relics_obtained":["The Courier"],"max_hp_gain":0,"max_hp_loss":0,"event_name":"Scrap Ooze","floor":5,"gold_loss":0}],"is_beta":false,"boss_relics":[],"items_purged_floors":[],"is_endless":false,"potions_floor_spawned":[1,3,4,10,13],"killed_by":"The Guardian","ascension_level":9}