{"gold_per_floor":[117,117,130,130,142,142,142,169,169,169,194,214,230,243,243,341,341,359,369,381,306,320,320],"floor_reached":23,"playtime":1531,"items_purged":[],"score":205,"play_id":"f791a4e7-f3fe-4835-91a7-156c6e8a01e8","local_time":"20190314160707","is_ascension_mode":false,"campfire_choices":[{"data":"Armaments","floor":6,"key":"SMITH"},{"data":"True Grit","floor":10,"key":"SMITH"},{"floor":15,"key":"REST"}],"neow_cost":"CURSE","seed_source_timestamp":100106352908380,"circlet_count":0,"master_deck":["Strike_R","Strike_R","Strike_R","Strike_R","Strike_R","Defend_R","Defend_R","Defend_R","Bash","Normality","Iron Wave","Armaments+1","True Grit+1","Headbutt","Shrug It Off","Sentinel","Metallicize","Cleave"],"relics":["Burning Blood","Du-Vu Doll","Dream Catcher","Anchor","Darkstone Periapt","Bird Faced Urn","Ginger","Cursed Key"],"potions_floor_usage":[22,23],"damage_taken":[{"damage":0,"enemies":"2 Louse","floor":1,"turns":2},{"damage":2,"enemies":"Small Slimes","floor":3,"turns":5},{"damage":4,"enemies":"Cultist","floor":5,"turns":4},{"damage":20,"enemies":"Gremlin Nob","floor":8,"turns":5},{"damage":16,"enemies":"3 Sentries","floor":11,"turns":9},{"damage":4,"enemies":"Exordium Thugs","floor":12,"turns":6},{"damage":8,"enemies":"Large Slime","floor":13,"turns":7},{"damage":0,"enemies":"Exordium Wildlife","floor":14,"turns":4},{"damage":55,"enemies":"Slime Boss","floor":16,"turns":10},{"damage":23,"enemies":"3 Byrds","floor":18,"turns":7},{"damage":1,"enemies":"Chosen","floor":19,"turns":6},{"damage":11,"enemies":"Snake Plant","floor":20,"turns":5},{"damage":24,"enemies":"Snecko","floor":22,"turns":5},{"damage":88,"enemies":"Book of Stabbing","floor":23,"turns":10}],"seed_played":"-8549040217047246809","potions_obtained":[{"floor":8,"key":"Dexterity Potion"},{"floor":12,"key":"SpeedPotion"},{"floor":14,"key":"Regen Potion"},{"floor":16,"key":"FairyPotion"},{"floor":20,"key":"BloodPotion"}],"is_trial":false,"path_per_floor":["?","?","M","T","?"],"character_chosen":"IRONCLAD","items_purchased":[],"campfire_rested":1,"item_purchase_floors":[],"current_hp_per_floor":[80,68,72,72,74,74,74,60,60,60,50,52,50,56,80,31,80,63,70,67,67,57,0],"gold":320,"neow_bonus":"ONE_RARE_RELIC","is_prod":false,"is_daily":false,"chose_seed":false,"campfire_upgraded":2,"win_rate":0,"timestamp":1552594027,"path_taken":["M","?","M","?","?","R","?","E","T","R","E","M","M","M","R","BOSS","M","M","M","?","M","E"],"build_version":"2019-01-23","purchased_purges":0,"victory":false,"max_hp_per_floor":[80,80,80,80,80,80,80,80,80,80,80,80,80,80,80,80,80,80,80,80,80,80,80],"card_choices":[{"not_picked":["Warcry","Combust","Feel No Pain"],"picked":"SKIP","floor":1},{"not_picked":["Disarm","Shockwave"],"picked":"Iron Wave","floor":3},{"not_picked":["Flex","Burning Pact"],"picked":"Armaments","floor":5},{"not_picked":["Battle Trance","Brutality"],"picked":"True Grit","floor":8},{"not_picked":["Battle Trance","True Grit"],"picked":"Headbutt","floor":11},{"not_picked":["Wild Strike","Ghostly Armor"],"picked":"Shrug It Off","floor":12},{"not_picked":["Anger","Perfected Strike"],"picked":"Sentinel","floor":13},{"not_picked":["Shrug It Off","Perfected Strike"],"picked":"Metallicize","floor":14},{"not_picked":["Sword Boomerang","Disarm"],"picked":"Cleave","floor":15},{"not_picked":["Body Slam","Clash","Battle Trance"],"picked":"SKIP","floor":18},{"not_picked":["Heavy Blade","Pummel","Warcry"],"picked":"SKIP","floor":19},{"not_picked":["Bloodletting","Clash","Shrug It Off"],"picked":"SKIP","floor":20},{"not_picked":["Uppercut","Second Wind","Seeing Red+1"],"picked":"SKIP","floor":22}],"player_experience":636842,"relics_obtained":[{"floor":7,"key":"Anchor"},{"floor":8,"key":"Darkstone Periapt"},{"floor":9,"key":"Bird Faced Urn"},{"floor":11,"key":"Ginger"}],"event_choices":[{"damage_healed":0,"gold_gain":0,"player_choice":"Success","damage_taken":12,"relics_obtained":["Dream Catcher"],"max_hp_gain":0,"max_hp_loss":0,"event_name":"Scrap Ooze","floor":2,"gold_loss":0},{"damage_healed":0,"gold_gain":0,"player_choice":"0 cards matched","damage_taken":0,"max_hp_gain":0,"max_hp_loss":0,"event_name":"Match and Keep!","floor":4,"gold_loss":0,"cards_obtained":[]},{"cards_removed":["Defend_R"],"damage_healed":0,"gold_gain":0,"player_choice":"Gave Gold","damage_taken":0,"max_hp_gain":0,"max_hp_loss":0,"event_name":"Beggar","floor":21,"gold_loss":75}],"is_beta":false,"boss_relics":[{"not_picked":["Ectoplasm","Runic Dome"],"picked":"Cursed Key"}],"items_purged_floors":[],"is_endless":false,"potions_floor_spawned":[8,12,14,16,20],"killed_by":"Book of Stabbing","ascension_level":0}