{"gold_per_floor":[114,114,114,114,74,74,74,74,74,89,159,159,202,202,202,202],"floor_reached":16,"playtime":461,"items_purged":[],"score":146,"play_id":"53a65932-c5a0-4ad4-8381-5926919f2847","local_time":"20181014185937","is_ascension_mode":true,"campfire_choices":[{"data":"Neutralize","floor":6,"key":"SMITH"},{"floor":12,"key":"REST"},{"floor":15,"key":"REST"}],"neow_cost":"","seed_source_timestamp":90049893021317,"circlet_count":0,"master_deck":["Defend_G","Defend_G","Defend_G","Defend_G","Strike_G","Strike_G","Strike_G","Strike_G","Survivor","Neutralize+1","Cloak And Dagger+1","Parasite","Backflip+1","Setup+1","Adrenaline+1","Phantasmal Killer+1"],"relics":["Ring of the Snake","Golden Idol","Toxic Egg 2","Bronze Scales","Tiny Chest","Paper Crane"],"potions_floor_usage":[11,13,13,13,13],"damage_taken":[{"damage":5,"enemies":"Jaw Worm","floor":1,"turns":6},{"damage":6,"enemies":"Small Slimes","floor":10,"turns":3},{"damage":46,"enemies":"Lagavulin","floor":11,"turns":9},{"damage":12,"enemies":"Gremlin Nob","floor":13,"turns":5},{"damage":59,"enemies":"Slime Boss","floor":16,"turns":15}],"seed_played":"5626580073422145338","potions_obtained":[{"floor":5,"key":"SkillPotion"},{"floor":5,"key":"FairyPotion"},{"floor":5,"key":"EntropicBrew"},{"floor":11,"key":"Regen Potion"}],"is_trial":false,"path_per_floor":["M","?","?","?","?","R","?","T","T","M","E","R","E","?","R"],"character_chosen":"THE_SILENT","items_purchased":[],"campfire_rested":2,"item_purchase_floors":[],"current_hp_per_floor":[58,58,41,34,34,34,51,51,51,45,7,28,30,30,51,0],"gold":202,"neow_bonus":"","is_prod":false,"is_daily":false,"chose_seed":false,"campfire_upgraded":1,"win_rate":0,"timestamp":1539557977,"path_taken":["M","?","?","?","?","R","?","?","T","?","E","R","E","?","R","BOSS"],"build_version":"2018-10-11","purchased_purges":0,"victory":false,"max_hp_per_floor":[70,70,70,70,70,70,70,70,70,70,70,70,70,70,70,70],"card_choices":[{"not_picked":["Quick Slash","Outmaneuver"],"picked":"Cloak And Dagger","floor":1},{"not_picked":["Poisoned Stab","Bane"],"picked":"Backflip+1","floor":10},{"not_picked":["Expertise+1","Catalyst+1"],"picked":"Setup+1","floor":11},{"not_picked":["Outmaneuver+1","All Out Attack"],"picked":"Adrenaline+1","floor":13}],"player_experience":336109,"relics_obtained":[{"floor":8,"key":"Toxic Egg 2"},{"floor":9,"key":"Bronze Scales"},{"floor":11,"key":"Tiny Chest"},{"floor":13,"key":"Paper Crane"}],"event_choices":[{"event_name":"Living Wall","player_choice":"Grow","floor":2,"damage_taken":0},{"event_name":"Golden Idol","player_choice":"Take Damage","floor":3,"damage_taken":0},{"event_name":"Golden Wing","player_choice":"Card Removal","floor":4,"damage_taken":0},{"event_name":"The Woman in Blue","player_choice":"Bought 3 Potions","floor":5,"damage_taken":0},{"event_name":"Mushrooms","player_choice":"Healed and dodged fight","floor":7,"damage_taken":0},{"event_name":"Transmorgrifier","player_choice":"Transform","floor":14,"damage_taken":0}],"is_beta":true,"boss_relics":[],"items_purged_floors":[],"is_endless":false,"potions_floor_spawned":[11],"killed_by":"Slime Boss","ascension_level":8}