{"gold_per_floor":[366,96,96,46,66,98,173,173,173,191,39,39,51,98,98,193,193,211,111,122,122,86,121,137,137,186,34,34,34,48,64,64,159,159,171,171,171,171,9,9,37,37,90,110,122,122,32,46,46,46],"floor_reached":51,"playtime":2693,"items_purged":["Regret","Strike_B"],"score":819,"play_id":"eb1c354a-581c-498f-8c71-a05093cc867e","local_time":"20190118223158","is_ascension_mode":true,"campfire_choices":[{"data":"Conserve Battery","floor":8.0,"key":"SMITH"},{"floor":12.0,"key":"REST"},{"data":"White Noise","floor":15.0,"key":"SMITH"},{"floor":25.0,"key":"REST"},{"floor":29.0,"key":"REST"},{"data":"Rainbow","floor":32.0,"key":"SMITH"},{"data":"Apotheosis","floor":40.0,"key":"SMITH"},{"floor":42.0,"key":"REST"},{"floor":49.0,"key":"REST"}],"neow_cost":"CURSE","seed_source_timestamp":0,"circlet_count":0,"master_deck":["Defend_B+1","Defend_B","Defend_B","Defend_B","Zap+1","Dualcast","Compile Driver","Coolheaded","White Noise+1","Conserve Battery+1","Defragment+1","Recycle","Leap","Rainbow+1","Redo","Defragment","Steam+1","Blizzard+1","Defragment","Fission","Thinking Ahead+1","Apotheosis+1","Streamline+1","Cold Snap+1"],"special_seed":0,"relics":["Cracked Core","Blood Vial","Juzu Bracelet","Du-Vu Doll","Dream Catcher","Art of War","Velvet Choker","Meat on the Bone","Bag of Preparation","Anchor","Enchiridion","Black Star","Molten Egg 2","War Paint","Oddly Smooth Stone"],"potions_floor_usage":[50,50],"damage_taken":[{"damage":19.0,"enemies":"Small Slimes","floor":1.0,"turns":4.0},{"damage":2.0,"enemies":"Jaw Worm","floor":5.0,"turns":3.0},{"damage":17.0,"enemies":"3 Sentries","floor":6.0,"turns":6.0},{"damage":5.0,"enemies":"2 Louse","floor":10.0,"turns":3.0},{"damage":3.0,"enemies":"Blue Slaver","floor":13.0,"turns":4.0},{"damage":30.0,"enemies":"The Guardian","floor":16.0,"turns":14.0},{"damage":23.0,"enemies":"3 Byrds","floor":18.0,"turns":6.0},{"damage":5.0,"enemies":"Chosen","floor":20.0,"turns":5.0},{"damage":27.0,"enemies":"Slavers","floor":23.0,"turns":3.0},{"damage":19.0,"enemies":"Shelled Parasite and Fungi","floor":24.0,"turns":8.0},{"damage":2.0,"enemies":"Centurion and Healer","floor":30.0,"turns":6.0},{"damage":4.0,"enemies":"Snecko","floor":31.0,"turns":5.0},{"damage":4.0,"enemies":"Champ","floor":33.0,"turns":10.0},{"damage":10.0,"enemies":"3 Darklings","floor":35.0,"turns":7.0},{"damage":42.0,"enemies":"Reptomancer","floor":41.0,"turns":11.0},{"damage":0.0,"enemies":"3 Shapes","floor":44.0,"turns":5.0},{"damage":13.0,"enemies":"Sphere and 2 Shapes","floor":45.0,"turns":6.0},{"damage":0.0,"enemies":"Writhing Mass","floor":48.0,"turns":6.0},{"damage":53,"enemies":"Time Eater","floor":50,"turns":15}],"seed_played":"5683258251779105676","potions_obtained":[{"floor":6.0,"key":"Energy Potion"},{"floor":16.0,"key":"Energy Potion"},{"floor":23.0,"key":"Block Potion"},{"floor":33.0,"key":"AttackPotion"},{"floor":35.0,"key":"Fire Potion"},{"floor":41.0,"key":"PowerPotion"}],"is_trial":false,"path_per_floor":["M","$","?","?","M","E","?","R","T","M","$","R","M","T","R","B",null,"M","$","M","?","$","E","M","R","T","$","?","R","M","M","R","B",null,"M","?","?","?","$","R","E","R","T","M","M","$","?","M","R","B",null],"character_chosen":"DEFECT","items_purchased":["Blood Vial","Coolheaded","Dream Catcher","Defragment","Anchor","Apotheosis"],"campfire_rested":5,"item_purchase_floors":[2,2,11,22,27,39],"current_hp_per_floor":[56,56,56,56,56,41,30,30,30,27,27,49,48,48,48,20,75,52,52,49,49,49,24,19,41,41,41,25,47,47,45,45,43,75,65,55,55,55,55,55,27,49,49,51,40,40,40,42,64,25],"gold":46,"neow_bonus":"TWO_FIFTY_GOLD","is_prod":false,"is_daily":false,"chose_seed":false,"campfire_upgraded":4,"win_rate":0,"timestamp":1547879518,"path_taken":["M","$","?","?","M","E","?","R","T","M","$","R","M","?","R","BOSS","M","$","M","?","$","E","M","R","T","$","?","R","M","M","R","BOSS","M","?","?","?","$","R","E","R","T","M","M","$","?","M","R","BOSS"],"build_version":"2019-01-17v2","purchased_purges":2,"victory":true,"max_hp_per_floor":[75,75,75,75,75,75,75,75,75,75,75,75,75,75,75,75,75,75,75,75,75,75,75,75,75,75,75,75,75,75,75,75,75,75,75,75,75,75,75,75,75,75,75,75,75,75,75,75,75,75],"card_choices":[{"not_picked":["Consume","Hello World"],"picked":"Compile Driver","floor":1.0},{"not_picked":["Hello World","Aggregate"],"picked":"White Noise","floor":5.0},{"not_picked":["Sunder","Rebound"],"picked":"Conserve Battery","floor":6.0},{"not_picked":["Steam","Gash"],"picked":"Defragment","floor":10.0},{"not_picked":["Rip and Tear","Steam"],"picked":"Recycle","floor":12.0},{"not_picked":["White Noise","Coolheaded"],"picked":"Leap","floor":13.0},{"not_picked":["Seek","Multi-Cast"],"picked":"Rainbow","floor":16.0},{"not_picked":["Steam+1","Rip and Tear","Stack"],"picked":"SKIP","floor":18.0},{"not_picked":["Compile Driver+1","Rainbow"],"picked":"Redo","floor":20.0},{"not_picked":["Gash+1","Leap"],"picked":"Steam+1","floor":23.0},{"not_picked":["FTL","Steam Power+1"],"picked":"Blizzard+1","floor":24.0},{"not_picked":["Streamline","Recycle","Barrage"],"picked":"SKIP","floor":30.0},{"not_picked":["White Noise","Gash"],"picked":"Defragment","floor":31.0},{"not_picked":["Reboot","Machine Learning"],"picked":"Fission","floor":33.0},{"not_picked":["Recycle","Sweeping Beam+1","Go for the Eyes"],"picked":"SKIP","floor":35.0},{"not_picked":["Trip","Dramatic Entrance"],"picked":"Thinking Ahead","floor":36.0},{"not_picked":["Darkness","Redo"],"picked":"Streamline+1","floor":41.0},{"not_picked":["Sunder+1","Beam Cell+1","Barrage+1"],"picked":"SKIP","floor":44.0},{"not_picked":["Leap","Consume+1","Scrape+1"],"picked":"SKIP","floor":45.0},{"not_picked":["Storm","Stack+1"],"picked":"Cold Snap+1","floor":48.0}],"player_experience":248626,"relics_obtained":[{"floor":6.0,"key":"Juzu Bracelet"},{"floor":9.0,"key":"Du-Vu Doll"},{"floor":14.0,"key":"Art of War"},{"floor":23.0,"key":"Meat on the Bone"},{"floor":26.0,"key":"Bag of Preparation"},{"floor":28.0,"key":"Enchiridion"},{"floor":41.0,"key":"Molten Egg 2"},{"floor":41.0,"key":"War Paint"},{"floor":43.0,"key":"Oddly Smooth Stone"}],"event_choices":[{"damage_healed":0.0,"max_hp_gain":0.0,"max_hp_loss":0.0,"gold_gain":0.0,"event_name":"Living Wall","player_choice":"Grow","floor":3.0,"gold_loss":0.0,"damage_taken":0.0,"cards_upgraded":["Zap"]},{"cards_removed":["Strike_B"],"damage_healed":0.0,"max_hp_gain":0.0,"max_hp_loss":0.0,"gold_gain":0.0,"event_name":"The Cleric","player_choice":"Card Removal","floor":4.0,"gold_loss":50.0,"damage_taken":0.0},{"damage_healed":0.0,"max_hp_gain":0.0,"max_hp_loss":0.0,"gold_gain":75.0,"event_name":"World of Goop","player_choice":"Gather Gold","floor":7.0,"gold_loss":0.0,"damage_taken":11.0},{"damage_healed":0.0,"max_hp_gain":0.0,"max_hp_loss":0.0,"gold_gain":0.0,"event_name":"Ghosts","player_choice":"Ignored","floor":21.0,"gold_loss":0.0,"damage_taken":0.0},{"damage_healed":0.0,"max_hp_gain":0.0,"max_hp_loss":0.0,"gold_gain":0.0,"event_name":"Cursed Tome","player_choice":"Obtained Book","floor":28.0,"gold_loss":0.0,"damage_taken":16.0},{"damage_healed":0.0,"max_hp_gain":0.0,"max_hp_loss":0.0,"gold_gain":0.0,"event_name":"SensoryStone","player_choice":"Memory 3","floor":36.0,"gold_loss":0.0,"damage_taken":10.0},{"damage_healed":0.0,"max_hp_gain":0.0,"max_hp_loss":0.0,"gold_gain":0.0,"event_name":"Tomb of Lord Red Mask","player_choice":"Ignored","floor":37.0,"gold_loss":0.0,"damage_taken":0.0},{"cards_removed":["Strike_B"],"damage_healed":0.0,"max_hp_gain":0.0,"max_hp_loss":0.0,"gold_gain":0.0,"event_name":"Wheel of Change","player_choice":"Card Removal","floor":38.0,"gold_loss":0.0,"damage_taken":0.0},{"cards_removed":["Strike_B"],"damage_healed":0.0,"max_hp_gain":0.0,"max_hp_loss":0.0,"gold_gain":0.0,"event_name":"Designer","player_choice":"Upgrade and Remove","floor":47.0,"gold_loss":90.0,"damage_taken":0.0,"cards_upgraded":["Defragment"]}],"is_beta":false,"boss_relics":[{"not_picked":["Lizard Tail","Coffee Dripper"],"picked":"Velvet Choker"},{"not_picked":["Eternal Feather","Fusion Hammer"],"picked":"Black Star"}],"items_purged_floors":[2,19],"is_endless":false,"potions_floor_spawned":[6,16,23,33,35,41],"ascension_level":4}