{"gold_per_floor":[110,125,50,50,66,83,115,115,115,115,115,130,159,159,159,254,254,264,264,164,148,23,23,23,40,40,40,40,0,18,18,18,18],"floor_reached":33,"playtime":1790,"items_purged":["Strike_G","Decay","Strike_G"],"score":329,"play_id":"792cf7aa-15df-4aef-bfe3-29bbd92a1699","local_time":"20181102102414","is_ascension_mode":true,"campfire_choices":[{"data":"Venomology","floor":8,"key":"SMITH"},{"data":"Accuracy","floor":11,"key":"SMITH"},{"floor":15,"key":"REST"},{"floor":23,"key":"REST"},{"data":"Footwork","floor":28,"key":"SMITH"},{"floor":32,"key":"REST"}],"neow_cost":"NONE","seed_source_timestamp":1959774218583484,"circlet_count":0,"master_deck":["Defend_G+1","Defend_G","Defend_G","Defend_G+1","Defend_G","Strike_G","Strike_G","Strike_G","Survivor","Neutralize","Dodge and Roll+1","Blade Dance","Accuracy+1","Cloak And Dagger","Venomology+1","Cloak And Dagger","Footwork+1","Phantasmal Killer","Infinite Blades","Blade Dance","Accuracy","Cloak And Dagger"],"relics":["Ring of the Snake","NeowsBlessing","Pen Nib","Question Card","CultistMask","Du-Vu Doll","Lizard Tail","War Paint","Dodecahedron"],"potions_floor_usage":[7,7,13,16,16,16,16,18,25,25,33,33],"damage_taken":[{"damage":0,"enemies":"2 Louse","floor":1,"turns":1},{"damage":0,"enemies":"Cultist","floor":2,"turns":1},{"damage":0,"enemies":"Small Slimes","floor":5,"turns":1},{"damage":0,"enemies":"Red Slaver","floor":6,"turns":6},{"damage":20,"enemies":"Lagavulin","floor":7,"turns":12},{"damage":1,"enemies":"2 Fungi Beasts","floor":12,"turns":4},{"damage":5,"enemies":"3 Sentries","floor":13,"turns":10},{"damage":23,"enemies":"Slime Boss","floor":16,"turns":12},{"damage":3,"enemies":"Shell Parasite","floor":18,"turns":10},{"damage":15,"enemies":"2 Thieves","floor":21,"turns":5},{"damage":15,"enemies":"Centurion and Healer","floor":25,"turns":9},{"damage":25,"enemies":"Sentry and Sphere","floor":30,"turns":7},{"damage":104,"enemies":"Collector","floor":33,"turns":7}],"seed_played":"8320758919066567393","potions_obtained":[{"floor":2,"key":"EssenceOfSteel"},{"floor":6,"key":"Swift Potion"},{"floor":12,"key":"Regen Potion"},{"floor":13,"key":"Poison Potion"},{"floor":25,"key":"SteroidPotion"}],"is_trial":false,"path_per_floor":["M","M","$","?","M","M","E","R","T","?","R","M","E","?","R","B",null,"M","?","$","M","$","R","?","M","T","?","R","$","M","T","R","B"],"character_chosen":"THE_SILENT","items_purchased":["Accuracy"],"campfire_rested":3,"item_purchase_floors":[29],"current_hp_per_floor":[63,63,63,63,63,63,43,43,43,43,43,42,52,52,70,47,64,61,61,61,46,46,67,67,52,52,52,52,52,27,27,48,0],"gold":18,"neow_bonus":"THREE_ENEMY_KILL","is_prod":false,"is_daily":false,"chose_seed":false,"campfire_upgraded":3,"win_rate":0,"timestamp":1541175854,"path_taken":["M","M","$","?","M","?","E","R","T","?","R","?","E","?","R","BOSS","M","?","$","M","$","R","?","M","T","?","R","?","M","?","R","BOSS"],"build_version":"2018-11-01","purchased_purges":3,"victory":false,"max_hp_per_floor":[70,70,70,70,70,70,70,70,70,70,70,70,70,70,70,70,70,70,70,70,70,70,70,70,70,70,70,70,70,70,70,70,70],"card_choices":[{"not_picked":["Deflect","Backflip"],"picked":"Dodge and Roll","floor":1},{"not_picked":["Sucker Punch","Backflip"],"picked":"Blade Dance","floor":2},{"not_picked":["Cloak And Dagger","Outmaneuver"],"picked":"Accuracy","floor":5},{"not_picked":["Dagger Throw","Blur"],"picked":"Cloak And Dagger","floor":6},{"not_picked":["Sucker Punch","Predator"],"picked":"Venomology","floor":7},{"not_picked":["Accuracy","Footwork","Tactician"],"picked":"Cloak And Dagger","floor":12},{"not_picked":["Reflex","Flechettes","All Out Attack"],"picked":"Footwork","floor":13},{"not_picked":["Wraith Form v2","Doppelganger","Malaise"],"picked":"Phantasmal Killer","floor":16},{"not_picked":["Quick Slash+1","Dagger Throw+1","Finisher"],"picked":"Infinite Blades","floor":18},{"not_picked":["Finisher","Calculated Gamble","Skewer+1","Dagger Throw"],"picked":"SKIP","floor":21},{"not_picked":["Bouncing Flask+1","Catalyst","Backflip"],"picked":"Blade Dance","floor":25},{"not_picked":["Riddle With Holes","Poisoned Stab","Predator"],"picked":"Cloak And Dagger","floor":30}],"player_experience":987796,"relics_obtained":[{"floor":7,"key":"Pen Nib"},{"floor":9,"key":"Question Card"},{"floor":13,"key":"Du-Vu Doll"},{"floor":26,"key":"War Paint"},{"floor":31,"key":"Dodecahedron"}],"event_choices":[{"damage_healed":0,"gold_gain":0,"player_choice":"Upgraded","damage_taken":0,"max_hp_gain":0,"max_hp_loss":0,"event_name":"Upgrade Shrine","floor":4,"gold_loss":0,"cards_upgraded":["Dodge and Roll"]},{"damage_healed":0,"gold_gain":0,"player_choice":"Trade","damage_taken":0,"relics_obtained":["CultistMask"],"max_hp_gain":0,"max_hp_loss":0,"event_name":"FaceTrader","floor":10,"gold_loss":0},{"damage_healed":0,"gold_gain":0,"player_choice":"Bought 0 Potions","damage_taken":0,"max_hp_gain":0,"max_hp_loss":0,"event_name":"The Woman in Blue","floor":14,"gold_loss":0},{"damage_healed":0,"gold_gain":0,"player_choice":"Smashed Altar","damage_taken":0,"max_hp_gain":0,"max_hp_loss":0,"event_name":"Forgotten Altar","floor":19,"gold_loss":0,"cards_obtained":["Decay"]},{"damage_healed":0,"gold_gain":0,"player_choice":"Ignored","damage_taken":0,"max_hp_gain":0,"max_hp_loss":0,"event_name":"Beggar","floor":24,"gold_loss":0}],"is_beta":false,"boss_relics":[{"not_picked":["Runic Dome","Pandora\u0027s Box"],"picked":"Lizard Tail"}],"items_purged_floors":[3,20,22],"is_endless":false,"potions_floor_spawned":[2,6,12,13,25],"killed_by":"Collector","ascension_level":6}