{"gold_per_floor":[17,92,110,123,137,137,149,149,149,149,174,139,139,154,154,258,258,276,294,294,69,79,79,79,105,105,0,0,16,16,28,28,131,131,148,162,162,178,178],"floor_reached":39,"playtime":2622,"items_purged":[],"score":428,"play_id":"11938304-7ed1-43fa-9e66-ebdb3ce1d083","local_time":"20180731151644","is_ascension_mode":false,"campfire_choices":[{"data":"Eviscerate","floor":6,"key":"SMITH"},{"floor":8,"key":"REST"},{"data":"Prepared","floor":10,"key":"SMITH"},{"data":"1","floor":15,"key":"LIFT"},{"data":"2","floor":23,"key":"LIFT"},{"floor":28,"key":"REST"},{"data":"3","floor":30,"key":"LIFT"},{"data":"Venomology","floor":32,"key":"SMITH"}],"neow_cost":"NO_GOLD","seed_source_timestamp":420619797980510,"circlet_count":0,"master_deck":["Defend_G+1","Defend_G+1","Defend_G+1","Defend_G+1","Defend_G+1","Strike_G+1","Strike_G+1","Strike_G+1","Strike_G+1","Strike_G+1","Survivor","Neutralize","Well Laid Plans","Prepared+1","Eviscerate+1","Prepared","Backflip","Venomology+1","Riddle With Holes+1","Glass Knife+1","Acrobatics","Dagger Throw+1","Riddle With Holes+1","Dagger Spray+1","Underhanded Strike+1","Underhanded Strike+1","Dagger Throw+1","Venomology","All Out Attack+1","Quick Slash+1","Prepared","Dagger Throw+1","Footwork+1","Underhanded Strike+1","Madness","Madness","Flying Knee+1"],"relics":["Ring of the Snake","Girya","Frozen Egg 2","Molten Egg 2","Dodecahedron","WristBlade","Pen Nib","Bottled Tornado","Pantograph","Orrery"],"potions_floor_usage":[14,16,16,18,22,25,28,31,33,33,33,38,39],"damage_taken":[{"damage":2,"enemies":"Small Slimes","floor":1,"turns":4},{"damage":5,"enemies":"Jaw Worm","floor":3,"turns":4},{"damage":2,"enemies":"Cultist","floor":4,"turns":5},{"damage":10,"enemies":"3 Louse","floor":5,"turns":6},{"damage":12,"enemies":"Large Slime","floor":7,"turns":7},{"damage":4,"enemies":"3 Sentries","floor":11,"turns":11},{"damage":2,"enemies":"Blue Slaver","floor":14,"turns":3},{"damage":15,"enemies":"Slime Boss","floor":16,"turns":8},{"damage":0,"enemies":"3 Byrds","floor":18,"turns":4},{"damage":10,"enemies":"Spheric Guardian","floor":19,"turns":3},{"damage":13,"enemies":"Centurion and Healer","floor":22,"turns":4},{"damage":18,"enemies":"Book of Stabbing","floor":25,"turns":4},{"damage":13,"enemies":"3 Cultists","floor":29,"turns":4},{"damage":0,"enemies":"Snake Plant","floor":31,"turns":2},{"damage":51,"enemies":"Collector","floor":33,"turns":5},{"damage":0,"enemies":"Orb Walker","floor":35,"turns":2},{"damage":12,"enemies":"3 Shapes","floor":36,"turns":1},{"damage":41,"enemies":"Transient","floor":38,"turns":5},{"damage":22,"enemies":"Spire Growth","floor":39,"turns":2}],"seed_played":"-6304489635140115731","potions_obtained":[{"floor":4,"key":"Energy Potion"},{"floor":7,"key":"GamblersBrew"},{"floor":14,"key":"Energy Potion"},{"floor":16,"key":"Dexterity Potion"},{"floor":19,"key":"PowerPotion"},{"floor":25,"key":"Fruit Juice"},{"floor":31,"key":"EssenceOfSteel"}],"is_trial":false,"path_per_floor":["M","?","M","M","M","R","M","R","T","R","E","?","T","M","R","B",null,"M","M","?","$","M","R","?","E","T","?","R","M","R","M","R","B",null,"M","M","?","M"],"character_chosen":"THE_SILENT","items_purchased":["Pen Nib","Riddle With Holes+1"],"campfire_rested":2,"item_purchase_floors":[21,21],"current_hp_per_floor":[68,57,52,50,40,40,28,49,49,49,45,62,62,60,60,45,70,70,60,60,60,47,47,47,29,29,29,55,42,42,42,42,16,75,75,63,54,13,0],"gold":178,"neow_bonus":"ONE_RARE_RELIC","is_prod":false,"is_daily":false,"chose_seed":false,"campfire_upgraded":3,"win_rate":0.0,"timestamp":1533071804,"path_taken":["M","?","M","M","?","R","M","R","T","R","E","?","?","M","R","BOSS","M","M","?","$","M","R","?","E","T","?","R","M","R","M","R","BOSS","M","?","?","M","M"],"build_version":"2018-07-26","purchased_purges":0,"victory":false,"max_hp_per_floor":[70,70,70,70,70,70,70,70,70,70,70,70,70,70,70,70,70,70,70,70,70,70,70,70,70,70,70,75,75,75,75,75,75,75,75,75,75,75,75],"card_choices":[{"not_picked":["Acrobatics","Masterful Stab"],"picked":"Well Laid Plans","floor":1},{"not_picked":["PiercingWail","Catalyst"],"picked":"Prepared","floor":3},{"not_picked":["Calculated Gamble","Blur"],"picked":"Eviscerate","floor":4},{"not_picked":["Deadly Poison","Blur"],"picked":"Prepared","floor":5},{"not_picked":["Sucker Punch","Calculated Gamble"],"picked":"Backflip","floor":7},{"not_picked":["Quick Slash","Crippling Poison"],"picked":"Venomology","floor":11},{"not_picked":["Flying Knee+1","Predator+1"],"picked":"Riddle With Holes+1","floor":14},{"not_picked":["Envenom+1","Storm of Steel"],"picked":"Glass Knife+1","floor":16},{"not_picked":["Quick Slash+1","Outmaneuver"],"picked":"Acrobatics","floor":18},{"not_picked":["Distraction","Skewer+1"],"picked":"Dagger Throw+1","floor":19},{"not_picked":["Bane+1","Well Laid Plans+1"],"picked":"Dagger Spray+1","floor":22},{"not_picked":["Cloak And Dagger","Unload+1"],"picked":"Underhanded Strike+1","floor":25},{"not_picked":["Dodge and Roll","PiercingWail+1"],"picked":"Underhanded Strike+1","floor":29},{"not_picked":["Prepared+1","Predator+1"],"picked":"Dagger Throw+1","floor":31},{"not_picked":["Doppelganger","Phantasmal Killer"],"picked":"Venomology","floor":33},{"not_picked":["Bane+1","Cloak And Dagger+1"],"picked":"All Out Attack+1","floor":34},{"not_picked":["Sucker Punch+1","Accuracy+1"],"picked":"Quick Slash+1","floor":34},{"not_picked":["Footwork+1","Caltrops+1"],"picked":"Prepared","floor":34},{"not_picked":["Heel Hook+1","Distraction+1"],"picked":"Dagger Throw+1","floor":34},{"not_picked":["Sucker Punch+1","Bane+1"],"picked":"Footwork+1","floor":34},{"not_picked":["Poisoned Stab+1","Deadly Poison","Wraith Form v2+1"],"picked":"SKIP","floor":35},{"not_picked":["Cloak And Dagger","Dagger Spray+1"],"picked":"Underhanded Strike+1","floor":36},{"not_picked":["Quick Slash+1","Deflect+1"],"picked":"Flying Knee+1","floor":38}],"player_experience":132195,"relics_obtained":[{"floor":9,"key":"Frozen Egg 2"},{"floor":11,"key":"Molten Egg 2"},{"floor":13,"key":"Dodecahedron"},{"floor":25,"key":"Bottled Tornado"},{"floor":26,"key":"Pantograph"}],"event_choices":[{"event_name":"World of Goop","player_choice":"Gather Gold","floor":2,"damage_taken":0},{"event_name":"The Cleric","player_choice":"Healed","floor":12,"damage_taken":0},{"event_name":"Back to Basics","player_choice":"Simplicity","floor":20,"damage_taken":0},{"event_name":"Addict","player_choice":"Ignored","floor":24,"damage_taken":0},{"event_name":"Masked Bandits","player_choice":"Paid Bandits 105 gold","floor":27,"damage_taken":0},{"event_name":"Winding Halls","player_choice":"Embrace Madness","floor":37,"damage_taken":0}],"is_beta":false,"boss_relics":[{"not_picked":["Runic Dome","Snecko Eye"],"picked":"WristBlade"},{"not_picked":["Empty Cage","Cursed Key"],"picked":"Orrery"}],"items_purged_floors":[],"is_endless":false,"potions_floor_spawned":[4,7,14,16,19,25,31],"killed_by":"Spire Growth","ascension_level":0}