{"gold_per_floor":[116,131,19,29,44,69,79,107,107,107],"floor_reached":10,"playtime":573,"items_purged":[],"score":148,"play_id":"1f524528-cd31-4662-960e-746901eb1b78","local_time":"20190406203924","is_ascension_mode":true,"campfire_choices":[],"neow_cost":"NONE","seed_source_timestamp":1890903612927136,"circlet_count":0,"master_deck":["AscendersBane","Defend_G","Defend_G","Defend_G","Defend_G","Defend_G","Strike_G","Strike_G","Strike_G","Strike_G","Strike_G","Survivor","Neutralize","Choke","Deadly Poison","Sucker Punch","Cloak And Dagger","Quick Slash","Noxious Fumes","Backstab"],"relics":["Ring of the Snake","Pear","Paper Crane","Bird Faced Urn"],"potions_floor_usage":[6,8,10],"damage_taken":[{"damage":4,"enemies":"Small Slimes","floor":1,"turns":5},{"damage":0,"enemies":"2 Louse","floor":2,"turns":3},{"damage":0,"enemies":"Jaw Worm","floor":4,"turns":4},{"damage":5,"enemies":"Looter","floor":5,"turns":5},{"damage":13,"enemies":"Gremlin Nob","floor":6,"turns":4},{"damage":29,"enemies":"Large Slime","floor":7,"turns":7},{"damage":17,"enemies":"3 Sentries","floor":8,"turns":8},{"damage":10,"enemies":"3 Louse","floor":10,"turns":1}],"seed_played":"4631853250245184419","potions_obtained":[{"floor":1,"key":"Dexterity Potion"},{"floor":4,"key":"Fire Potion"},{"floor":6,"key":"GamblersBrew"}],"is_trial":false,"path_per_floor":[],"character_chosen":"THE_SILENT","items_purchased":["Sucker Punch","Fire Potion"],"campfire_rested":0,"item_purchase_floors":[3,3],"current_hp_per_floor":[61,61,61,61,56,53,24,7,7,0],"gold":107,"neow_bonus":"TEN_PERCENT_HP_BONUS","is_prod":false,"is_daily":false,"chose_seed":false,"campfire_upgraded":0,"win_rate":0,"timestamp":1554597564,"path_taken":["M","M","$","M","M","E","M","E","T","M"],"build_version":"2019-01-23","purchased_purges":0,"victory":false,"max_hp_per_floor":[72,72,72,72,72,82,82,82,82,82],"card_choices":[{"not_picked":["Deadly Poison","Dagger Throw"],"picked":"Choke","floor":1},{"not_picked":["Flechettes","Calculated Gamble"],"picked":"Deadly Poison","floor":2},{"not_picked":["Acrobatics","Riddle With Holes"],"picked":"Cloak And Dagger","floor":4},{"not_picked":["Tactician","Prepared"],"picked":"Quick Slash","floor":5},{"not_picked":["Distraction","Flechettes","Underhanded Strike"],"picked":"SKIP","floor":6},{"not_picked":["Flechettes","Heel Hook"],"picked":"Noxious Fumes","floor":7},{"not_picked":["Poisoned Stab","Envenom"],"picked":"Backstab","floor":8}],"player_experience":1576742,"relics_obtained":[{"floor":6,"key":"Pear"},{"floor":8,"key":"Paper Crane"},{"floor":9,"key":"Bird Faced Urn"}],"event_choices":[],"is_beta":false,"boss_relics":[],"items_purged_floors":[],"is_endless":false,"potions_floor_spawned":[1,4,5,6],"killed_by":"3 Louse","ascension_level":17}