{"gold_per_floor":[114,114,114,114,189,220,220,259,259,259],"floor_reached":10,"playtime":129,"items_purged":[],"score":183,"play_id":"85ebe5a3-25d0-4301-859d-d27b4aedab69","local_time":"20190328213342","is_ascension_mode":true,"campfire_choices":[],"neow_cost":"NONE","seed_source_timestamp":1117005988127832,"circlet_count":0,"master_deck":["AscendersBane","Strike_B","Strike_B","Strike_B","Strike_B","Defend_B","Defend_B+1","Defend_B","Defend_B","Zap","Dualcast+1","Coolheaded","Conserve Battery","Seek"],"relics":["Cracked Core","NeowsBlessing","Golden Idol","Frozen Egg 2","Meat on the Bone","Turnip","Cables"],"potions_floor_usage":[],"damage_taken":[{"damage":0,"enemies":"Small Slimes","floor":1,"turns":1},{"damage":0,"enemies":"3 Sentries","floor":6,"turns":1},{"damage":0,"enemies":"Lagavulin","floor":8,"turns":1},{"damage":40,"enemies":"Gremlin Nob","floor":10,"turns":4}],"seed_played":"-5872708734453594138","potions_obtained":[],"is_trial":false,"path_per_floor":["?","?","?","?","T"],"character_chosen":"DEFECT","items_purchased":[],"campfire_rested":0,"item_purchase_floors":[],"current_hp_per_floor":[68,50,55,39,28,28,28,40,40,0],"gold":259,"neow_bonus":"THREE_ENEMY_KILL","is_prod":false,"is_daily":false,"chose_seed":false,"campfire_upgraded":0,"win_rate":0,"timestamp":1553823222,"path_taken":["M","?","?","?","?","E","?","E","T","E"],"build_version":"2019-01-23","purchased_purges":0,"victory":false,"max_hp_per_floor":[75,75,80,80,80,80,80,80,80,80],"card_choices":[{"not_picked":["Sweeping Beam","Beam Cell"],"picked":"Coolheaded","floor":1},{"not_picked":["Streamline","Barrage"],"picked":"Conserve Battery","floor":6},{"not_picked":["Conserve Battery","Sweeping Beam"],"picked":"Seek","floor":8}],"player_experience":1146930,"relics_obtained":[{"floor":6,"key":"Frozen Egg 2"},{"floor":7,"key":"Meat on the Bone"},{"floor":8,"key":"Turnip"},{"floor":9,"key":"Cables"}],"event_choices":[{"damage_healed":0,"gold_gain":0,"player_choice":"Take Damage","damage_taken":18,"relics_obtained":["Golden Idol"],"max_hp_gain":0,"max_hp_loss":0,"event_name":"Golden Idol","floor":2,"gold_loss":0},{"damage_healed":0,"gold_gain":0,"player_choice":"Donut","damage_taken":0,"max_hp_gain":5,"max_hp_loss":0,"event_name":"Big Fish","floor":3,"gold_loss":0},{"damage_healed":0,"gold_gain":0,"player_choice":"Entered Light","damage_taken":16,"max_hp_gain":0,"max_hp_loss":0,"event_name":"Shining Light","floor":4,"gold_loss":0,"cards_upgraded":["Dualcast","Defend_B"]},{"damage_healed":0,"gold_gain":75,"player_choice":"Gather Gold","damage_taken":11,"max_hp_gain":0,"max_hp_loss":0,"event_name":"World of Goop","floor":5,"gold_loss":0}],"is_beta":false,"boss_relics":[],"items_purged_floors":[],"is_endless":false,"potions_floor_spawned":[],"killed_by":"Gremlin Nob","ascension_level":10}