{"gold_per_floor":[116,130,140,140,140,140,157,157,157,157,157,176,191,70,70,173,173,185,56,72,72,84,84,103,103,103,103,119,119,130,55,55,159,159,170,170,189,68,85,85,99,99,125,125,139,150,161,161,161,161],"floor_reached":50,"playtime":2387,"items_purged":[],"score":438,"play_id":"0dc986dc-0007-42d7-a695-5ddbffac1c04","local_time":"20190226122607","is_ascension_mode":false,"campfire_choices":[{"data":"Genetic Algorithm","floor":6.0,"key":"SMITH"},{"data":"Zap","floor":8.0,"key":"SMITH"},{"data":"Dualcast","floor":10.0,"key":"SMITH"},{"data":"Redo","floor":15.0,"key":"SMITH"},{"data":"Capacitor","floor":23.0,"key":"SMITH"},{"data":"Barrage","floor":25.0,"key":"SMITH"},{"data":"Chaos","floor":27.0,"key":"SMITH"},{"data":"Go for the Eyes","floor":29.0,"key":"SMITH"},{"data":"Stack","floor":32.0,"key":"SMITH"},{"data":"Defragment","floor":40.0,"key":"SMITH"},{"data":"Chaos","floor":42.0,"key":"SMITH"},{"data":"Scrape","floor":44.0,"key":"SMITH"},{"floor":49,"key":"REST"}],"neow_cost":"NONE","seed_source_timestamp":929037585422933,"circlet_count":0,"master_deck":["Strike_B+1","Defend_B+1","Defend_B+1","Defend_B+1","Defend_B+1","Zap+1","Dualcast+1","Genetic Algorithm+1","Ball Lightning+1","Cold Snap+1","Chaos+1","Cold Snap+1","Redo+1","Loop+1","Core Surge+1","Scrape+1","Capacitor+1","Barrage+1","Glacier+1","Self Repair+1","Go for the Eyes+1","Ball Lightning+1","Stack+1","Thunder Strike+1","Barrage+1","Defragment+1","Chaos+1","Compile Driver+1","Redo+1","Ball Lightning+1","Hologram+1","Fusion+1"],"special_seed":0,"relics":["FrozenCore","Mark of the Bloom"],"potions_floor_usage":[46,50],"damage_taken":[{"damage":0.0,"enemies":"Small Slimes","floor":1.0,"turns":3.0},{"damage":0.0,"enemies":"2 Louse","floor":2.0,"turns":3.0},{"damage":1.0,"enemies":"Cultist","floor":3.0,"turns":3.0},{"damage":10.0,"enemies":"Exordium Thugs","floor":7.0,"turns":5.0},{"damage":1.0,"enemies":"Red Slaver","floor":12.0,"turns":2.0},{"damage":0.0,"enemies":"2 Fungi Beasts","floor":13.0,"turns":2.0},{"damage":21.0,"enemies":"The Guardian","floor":16.0,"turns":10.0},{"damage":0.0,"enemies":"Spheric Guardian","floor":18.0,"turns":3.0},{"damage":0.0,"enemies":"Chosen","floor":20.0,"turns":3.0},{"damage":18.0,"enemies":"Centurion and Healer","floor":22.0,"turns":8.0},{"damage":1.0,"enemies":"Cultist and Chosen","floor":24.0,"turns":9.0},{"damage":7.0,"enemies":"Snecko","floor":28.0,"turns":6.0},{"damage":10.0,"enemies":"Sentry and Sphere","floor":30.0,"turns":6.0},{"damage":14.0,"enemies":"Collector","floor":33.0,"turns":15.0},{"damage":8.0,"enemies":"3 Shapes","floor":35.0,"turns":5.0},{"damage":9.0,"enemies":"3 Darklings","floor":37.0,"turns":6.0},{"damage":31.0,"enemies":"Sphere and 2 Shapes","floor":39.0,"turns":6.0},{"damage":0.0,"enemies":"Transient","floor":41.0,"turns":5.0},{"damage":0,"enemies":"Spire Growth","floor":45,"turns":5},{"damage":20,"enemies":"Jaw Worm Horde","floor":46,"turns":6},{"damage":23,"enemies":"4 Shapes","floor":47,"turns":7},{"damage":65,"enemies":"Donu and Deca","floor":50,"turns":8}],"seed_played":"4911104201254539322","potions_obtained":[{"floor":1.0,"key":"EssenceOfSteel"},{"floor":3.0,"key":"SpeedPotion"},{"floor":13.0,"key":"Energy Potion"},{"floor":16.0,"key":"Energy Potion"},{"floor":28.0,"key":"FocusPotion"},{"floor":33.0,"key":"Fire Potion"},{"floor":39.0,"key":"PowerPotion"},{"floor":41.0,"key":"Fire Potion"}],"is_trial":false,"path_per_floor":["M","M","M","?","?","R","M","R","T","R","?","M","M","$","R","B",null,"M","$","M","?","M","R","M","R","T","R","M","R","M","?","R","B",null,"M","?","M","$","M","R","M","R","T","R","M","M","M","?","R","B"],"character_chosen":"DEFECT","items_purchased":["Redo","Loop","Capacitor","Barrage","Defragment","Chaos"],"campfire_rested":1,"item_purchase_floors":[14,14,19,19,38,38],"current_hp_per_floor":[75,75,74,59,59,59,49,49,49,49,49,48,48,48,48,27,75,75,75,75,75,57,57,66,66,66,66,69,69,59,59,59,55,75,75,75,75,75,54,54,64,64,64,64,74,64,51,51,51,0],"gold":161,"neow_bonus":"REMOVE_CARD","is_prod":false,"is_daily":false,"chose_seed":false,"campfire_upgraded":12,"win_rate":0,"timestamp":1551209167,"path_taken":["M","M","M","?","?","R","M","R","T","R","?","?","M","$","R","BOSS","M","$","M","?","M","R","M","R","T","R","?","R","M","?","R","BOSS","M","?","M","$","M","R","M","R","T","R","M","?","M","?","R","BOSS"],"build_version":"2019-01-23","purchased_purges":0,"victory":false,"max_hp_per_floor":[75,75,75,75,75,75,75,75,75,75,75,75,75,75,75,75,75,75,75,75,75,75,75,75,75,75,75,75,75,75,75,75,75,75,75,75,75,75,75,75,75,75,75,75,75,75,75,75,75,75],"card_choices":[{"not_picked":["Conserve Battery","Lockon"],"picked":"Genetic Algorithm","floor":1.0},{"not_picked":["Static Discharge","Barrage"],"picked":"Ball Lightning","floor":2.0},{"not_picked":["Auto Shields","Barrage"],"picked":"Cold Snap","floor":3.0},{"not_picked":["Hello World","Rebound","Recycle"],"picked":"SKIP","floor":7.0},{"not_picked":["FTL","Melter"],"picked":"Chaos","floor":12.0},{"not_picked":["Blizzard","Genetic Algorithm"],"picked":"Cold Snap","floor":13.0},{"not_picked":["Hyperbeam","Creative AI"],"picked":"Core Surge","floor":16.0},{"not_picked":["Beam Cell","Reprogram"],"picked":"Scrape","floor":18.0},{"not_picked":["Coolheaded","Barrage"],"picked":"Glacier","floor":20.0},{"not_picked":["Turbo+1","Sweeping Beam"],"picked":"Self Repair+1","floor":22.0},{"not_picked":["Double Energy","Compile Driver"],"picked":"Go for the Eyes","floor":24.0},{"not_picked":["Steam","Reinforced Body"],"picked":"Ball Lightning","floor":28.0},{"not_picked":["Coolheaded","Gash"],"picked":"Stack","floor":30.0},{"not_picked":["Creative AI","Hyperbeam"],"picked":"Thunder Strike","floor":33.0},{"not_picked":["Reprogram","Leap"],"picked":"Barrage+1","floor":35.0},{"not_picked":["Aggregate","Go for the Eyes","Turbo"],"picked":"SKIP","floor":37.0},{"not_picked":["Scrape","Reinforced Body"],"picked":"Compile Driver","floor":39.0},{"not_picked":["Static Discharge","Heatsinks+1"],"picked":"Redo+1","floor":41.0},{"not_picked":["Beam Cell+1","Recycle"],"picked":"Ball Lightning","floor":45},{"not_picked":["Heatsinks","Multi-Cast"],"picked":"Hologram","floor":46},{"not_picked":["Gash","Turbo"],"picked":"Fusion","floor":47}],"player_experience":1601825,"relics_obtained":[],"event_choices":[{"damage_healed":0.0,"max_hp_gain":0.0,"max_hp_loss":0.0,"gold_gain":0.0,"event_name":"Shining Light","player_choice":"Entered Light","floor":4.0,"gold_loss":0.0,"damage_taken":15.0,"cards_upgraded":["Strike_B","Ball Lightning"]},{"damage_healed":0.0,"max_hp_gain":0.0,"max_hp_loss":0.0,"gold_gain":0.0,"event_name":"Golden Idol","player_choice":"Ignored","floor":5.0,"gold_loss":0.0,"damage_taken":0.0},{"cards_removed":["Strike_B"],"damage_healed":0.0,"max_hp_gain":0.0,"max_hp_loss":0.0,"gold_gain":0.0,"event_name":"Bonfire Elementals","player_choice":"Offered Basic","floor":11.0,"gold_loss":0.0,"damage_taken":0.0},{"damage_healed":0.0,"max_hp_gain":0.0,"max_hp_loss":0.0,"gold_gain":0.0,"event_name":"Upgrade Shrine","player_choice":"Upgraded","floor":21.0,"gold_loss":0.0,"damage_taken":0.0,"cards_upgraded":["Loop"]},{"cards_removed":["Strike_B"],"damage_healed":0.0,"max_hp_gain":0.0,"max_hp_loss":0.0,"gold_gain":0.0,"event_name":"Beggar","player_choice":"Gave Gold","floor":31.0,"gold_loss":75.0,"damage_taken":0.0},{"damage_healed":0.0,"max_hp_gain":0.0,"max_hp_loss":0.0,"gold_gain":0.0,"event_name":"SecretPortal","player_choice":"Ignored","floor":36.0,"gold_loss":0.0,"damage_taken":0.0},{"damage_healed":0,"gold_gain":0,"player_choice":"Upgrade","damage_taken":0,"relics_obtained":["Mark of the Bloom"],"max_hp_gain":0,"max_hp_loss":0,"event_name":"MindBloom","floor":48,"gold_loss":0,"cards_upgraded":["Defend_B","Defend_B","Defend_B","Defend_B","Cold Snap","Cold Snap","Core Surge","Glacier","Ball Lightning","Thunder Strike","Compile Driver","Ball Lightning","Hologram","Fusion"]}],"is_beta":false,"boss_relics":[{"not_picked":["Orrery","Calling Bell","Ectoplasm"]},{"not_picked":["Velvet Choker","Black Star"],"picked":"FrozenCore"}],"items_purged_floors":[],"is_endless":false,"potions_floor_spawned":[1,3,13,16,20,28,30,33,39,41],"killed_by":"Donu and Deca","ascension_level":0}