{"gold_per_floor":[111,126,126,149,161,193,205,233,245,257,294,381,393,416,428,539,551,578,590,621,648,675,687,377,377,402,421,421,421,421,7,7,107,107,118,118,118,134,150,150],"floor_reached":40,"playtime":1137,"items_purged":[],"score":388,"play_id":"b30e8a3d-f223-46e7-b001-dcfce2ca6486","local_time":"20181119100329","is_ascension_mode":false,"campfire_choices":[{"floor":10,"key":"RECALL"},{"data":"Perfected Strike","floor":15,"key":"SMITH"},{"floor":23,"key":"REST"},{"data":"Apotheosis","floor":25,"key":"SMITH"},{"floor":29,"key":"REST"},{"data":"Demon Form","floor":32,"key":"SMITH"}],"neow_cost":"NONE","seed_source_timestamp":489960383525486,"circlet_count":0,"master_deck":["Strike_R+1","Strike_R+1","Strike_R+1","Strike_R+1","Defend_R+1","Defend_R+1","Defend_R+1","Defend_R+1","Bash","Pommel Strike","Wild Strike","Shrug It Off","Rage","Dual Wield","Perfected Strike+1","Demon Form+1","Twin Strike","Twin Strike","Shrug It Off","Pummel","Cleave","Twin Strike","Flex","Wild Strike","Apotheosis+1","Battle Trance+1","Wild Strike","Limit Break","Dual Wield+1","Infernal Blade","Reckless Charge","Shrug It Off"],"relics":["Burning Blood","NeowsBlessing","MawBank","Letter Opener","Bag of Marbles","Boot","Orrery","Blood Vial","Oddly Smooth Stone","Medical Kit","White Beast Statue"],"potions_floor_usage":[16,16,16,18,21,22,33,38,39,40,40],"damage_taken":[{"damage":0,"enemies":"Cultist","floor":1,"turns":1},{"damage":0,"enemies":"Jaw Worm","floor":2,"turns":1},{"damage":0,"enemies":"2 Louse","floor":4,"turns":1},{"damage":0,"enemies":"Large Slime","floor":6,"turns":4},{"damage":5,"enemies":"Looter","floor":8,"turns":4},{"damage":14,"enemies":"Gremlin Nob","floor":11,"turns":3},{"damage":2,"enemies":"2 Fungi Beasts","floor":14,"turns":3},{"damage":42,"enemies":"Hexaghost","floor":16,"turns":8},{"damage":14,"enemies":"2 Thieves","floor":18,"turns":4},{"damage":5,"enemies":"Chosen","floor":20,"turns":4},{"damage":41,"enemies":"Shelled Parasite and Fungi","floor":21,"turns":7},{"damage":16,"enemies":"Centurion and Healer","floor":22,"turns":5},{"damage":21,"enemies":"Snake Plant","floor":27,"turns":4},{"damage":58,"enemies":"Champ","floor":33,"turns":9},{"damage":7,"enemies":"3 Shapes","floor":35,"turns":4},{"damage":40,"enemies":"3 Darklings","floor":38,"turns":5},{"damage":34,"enemies":"Jaw Worm Horde","floor":39,"turns":5},{"damage":24,"enemies":"Nemesis","floor":40,"turns":2}],"seed_played":"6318763055646406316","potions_obtained":[{"floor":1,"key":"Energy Potion"},{"floor":6,"key":"FearPotion"},{"floor":11,"key":"EntropicBrew"},{"floor":16,"key":"AttackPotion"},{"floor":20,"key":"Weak Potion"},{"floor":33,"key":"SneckoOil"},{"floor":35,"key":"SneckoOil"},{"floor":38,"key":"Block Potion"},{"floor":39,"key":"Weak Potion"}],"is_trial":false,"path_per_floor":["M","M","?","M","?","M","?","M","T","R","E","?","$","M","R","B",null,"M","?","M","M","M","R","$","R","T","M","?","R","?","$","R","B",null,"M","?","?","M","M","E"],"character_chosen":"IRONCLAD","items_purchased":["Blood Vial","Apotheosis","Wild Strike","Oddly Smooth Stone","Medical Kit"],"campfire_rested":2,"item_purchase_floors":[24,24,31,31,31],"current_hp_per_floor":[80,80,80,80,73,79,79,80,80,80,72,61,61,65,65,29,80,72,72,73,38,28,52,52,52,52,39,39,63,63,63,63,13,80,79,79,79,46,20,0],"gold":150,"neow_bonus":"THREE_ENEMY_KILL","is_prod":false,"is_daily":false,"chose_seed":false,"campfire_upgraded":3,"win_rate":0,"timestamp":1542647009,"path_taken":["M","M","?","M","?","M","?","M","T","R","E","?","$","M","R","BOSS","M","?","M","M","M","R","$","R","T","M","?","R","?","?","R","BOSS","M","?","?","?","M","E"],"build_version":"2018-11-15","purchased_purges":0,"victory":false,"max_hp_per_floor":[80,80,80,80,80,80,80,80,80,80,80,80,80,80,80,80,80,80,80,80,80,80,80,80,80,80,80,80,80,80,80,80,80,80,80,80,80,80,80,80],"card_choices":[{"not_picked":["Dropkick","Havoc"],"picked":"Pommel Strike","floor":1},{"not_picked":["Uppercut","Flame Barrier"],"picked":"Wild Strike","floor":2},{"not_picked":["Dropkick","Sentinel"],"picked":"Shrug It Off","floor":4},{"not_picked":["Shockwave","Sword Boomerang"],"picked":"Rage","floor":6},{"not_picked":["Infernal Blade","Carnage","Sever Soul"],"picked":"SKIP","floor":8},{"not_picked":["Blood for Blood","Brutality"],"picked":"Dual Wield","floor":11},{"not_picked":["True Grit","Inflame"],"picked":"Perfected Strike","floor":14},{"not_picked":["Brutality","Bludgeon"],"picked":"Demon Form","floor":16},{"not_picked":["Cleave","Body Slam"],"picked":"Twin Strike","floor":17},{"not_picked":["Perfected Strike","Berserk"],"picked":"Twin Strike","floor":17},{"not_picked":["Seeing Red","True Grit"],"picked":"Shrug It Off","floor":17},{"not_picked":["Seeing Red","Flex"],"picked":"Pummel","floor":17},{"not_picked":["Offering","Sever Soul"],"picked":"Cleave","floor":17},{"not_picked":["Armaments","Rage","Havoc+1"],"picked":"SKIP","floor":18},{"not_picked":["Infernal Blade","Shrug It Off"],"picked":"Twin Strike","floor":20},{"not_picked":["Clash+1","Pummel"],"picked":"Flex","floor":21},{"not_picked":["Armaments","Iron Wave+1"],"picked":"Wild Strike","floor":22},{"not_picked":["Berserk","Havoc"],"picked":"Battle Trance+1","floor":27},{"not_picked":["Brutality","Dark Embrace"],"picked":"Limit Break","floor":33},{"not_picked":["Uppercut","Anger+1"],"picked":"Dual Wield+1","floor":35},{"not_picked":["Flex","Clash"],"picked":"Reckless Charge","floor":38},{"not_picked":["Headbutt","Anger"],"picked":"Shrug It Off","floor":39}],"player_experience":1097675,"relics_obtained":[{"floor":9,"key":"Bag of Marbles"},{"floor":11,"key":"Boot"}],"event_choices":[{"damage_healed":0,"gold_gain":0,"player_choice":"Box","damage_taken":0,"relics_obtained":["MawBank"],"max_hp_gain":0,"max_hp_loss":0,"event_name":"Big Fish","floor":3,"gold_loss":0,"cards_obtained":["Regret"]},{"cards_removed":["Regret"],"damage_healed":0,"gold_gain":0,"player_choice":"Card Removal","damage_taken":7,"max_hp_gain":0,"max_hp_loss":0,"event_name":"Golden Wing","floor":5,"gold_loss":0},{"damage_healed":0,"gold_gain":0,"player_choice":"Searched \u00271\u0027 times","damage_taken":0,"relics_obtained":["Letter Opener"],"max_hp_gain":0,"max_hp_loss":0,"event_name":"Dead Adventurer","floor":7,"gold_loss":0},{"damage_healed":0,"gold_gain":75,"player_choice":"Gather Gold","damage_taken":11,"max_hp_gain":0,"max_hp_loss":0,"event_name":"World of Goop","floor":12,"gold_loss":0},{"damage_healed":0,"gold_gain":0,"player_choice":"Ignored","damage_taken":0,"max_hp_gain":0,"max_hp_loss":0,"event_name":"Ghosts","floor":19,"gold_loss":0},{"damage_healed":0,"gold_gain":0,"player_choice":"Ignored","damage_taken":0,"max_hp_gain":0,"max_hp_loss":0,"event_name":"Vampires","floor":28,"gold_loss":0},{"damage_healed":0,"gold_gain":0,"player_choice":"Simplicity","damage_taken":0,"max_hp_gain":0,"max_hp_loss":0,"event_name":"Back to Basics","floor":30,"gold_loss":0,"cards_upgraded":["Strike_R","Strike_R","Strike_R","Strike_R","Strike_R","Defend_R","Defend_R","Defend_R","Defend_R"]},{"cards_removed":["Strike_R"],"damage_healed":0,"gold_gain":0,"player_choice":"Removed Attack","damage_taken":0,"max_hp_gain":0,"max_hp_loss":0,"event_name":"Falling","floor":36,"gold_loss":0},{"damage_healed":0,"gold_gain":0,"player_choice":"1 cards matched","damage_taken":0,"max_hp_gain":0,"max_hp_loss":0,"event_name":"Match and Keep!","floor":37,"gold_loss":0,"cards_obtained":["Infernal Blade"]}],"is_beta":false,"boss_relics":[{"not_picked":["Sozu","Runic Dome"],"picked":"Orrery"},{"not_picked":["Coffee Dripper","Pandora\u0027s Box"],"picked":"White Beast Statue"}],"items_purged_floors":[],"is_endless":false,"potions_floor_spawned":[1,6,11,16,20,33,35,38,39],"killed_by":"Nemesis","ascension_level":0}