{"gold_per_floor":[211,222,222,233,250,250,277,277,277,287,287,299,299,299,299,395,395,409,334,353,353,367,367,386,386,436,361,361,361,372,384,384,483,483,494,494,494],"floor_reached":38,"playtime":915,"items_purged":["Defend_R"],"score":576,"play_id":"f23b37e7-be71-4764-9ce5-70cbc410000d","local_time":"20190410210543","is_ascension_mode":false,"campfire_choices":[{"data":"Bash","floor":6,"key":"SMITH"},{"data":"Double Tap","floor":8,"key":"SMITH"},{"data":"Shockwave","floor":11,"key":"SMITH"},{"data":"Sword Boomerang","floor":13,"key":"SMITH"},{"data":"Rage","floor":15,"key":"SMITH"},{"floor":23,"key":"REST"},{"floor":25,"key":"REST"},{"floor":32,"key":"REST"}],"neow_cost":"NONE","seed_source_timestamp":7729925029612,"circlet_count":0,"master_deck":["Strike_R","Strike_R","Strike_R","Strike_R","Defend_R","Defend_R","Bash+1","Sword Boomerang+1","Shockwave+1","Rage+1","Double Tap+1","Headbutt","Immolate","Heavy Blade+1","Infernal Blade+1","Flex","Headbutt+1","J.A.X.","Battle Trance","Flame Barrier+1"],"relics":["Burning Blood","Orichalcum","Ancient Tea Set","Fusion Hammer","Unceasing Top","Juzu Bracelet","Runic Cube"],"potions_floor_usage":[12,12,33,37,37],"damage_taken":[{"damage":1,"enemies":"Cultist","floor":1,"turns":4},{"damage":8,"enemies":"2 Louse","floor":2,"turns":3},{"damage":5,"enemies":"Jaw Worm","floor":4,"turns":4},{"damage":1,"enemies":"3 Louse","floor":5,"turns":6},{"damage":21,"enemies":"Gremlin Nob","floor":7,"turns":4},{"damage":4,"enemies":"Looter","floor":10,"turns":2},{"damage":11,"enemies":"Exordium Thugs","floor":12,"turns":4},{"damage":28,"enemies":"Hexaghost","floor":16,"turns":9},{"damage":0,"enemies":"2 Thieves","floor":18,"turns":1},{"damage":6,"enemies":"Shell Parasite","floor":20,"turns":3},{"damage":18,"enemies":"Shelled Parasite and Fungi","floor":22,"turns":3},{"damage":10,"enemies":"Snake Plant","floor":24,"turns":3},{"damage":3,"enemies":"3 Cultists","floor":30,"turns":3},{"damage":4,"enemies":"Chosen and Byrds","floor":31,"turns":4},{"damage":39,"enemies":"Collector","floor":33,"turns":6},{"damage":0,"enemies":"Orb Walker","floor":35,"turns":3},{"damage":59,"enemies":"Time Eater","floor":37,"turns":7}],"seed_played":"1022289118000258815","potions_obtained":[{"floor":4,"key":"GamblersBrew"},{"floor":5,"key":"FearPotion"},{"floor":7,"key":"BloodPotion"},{"floor":10,"key":"Strength Potion"},{"floor":20,"key":"SteroidPotion"},{"floor":22,"key":"PowerPotion"},{"floor":33,"key":"Poison Potion"}],"is_trial":false,"path_per_floor":["M","M","?","M","M","R","E","R","T","M","R","M","R","?","R","B",null,"M","?","M","T","M","R","M","R","T","$","?","?","M","M","R","B",null,"M","?","B",null],"character_chosen":"IRONCLAD","items_purchased":[],"campfire_rested":3,"item_purchase_floors":[],"current_hp_per_floor":[80,78,78,79,80,80,65,65,65,67,67,70,70,70,70,48,80,80,80,80,80,68,80,76,80,80,80,65,65,68,70,85,52,85,85,85,32],"gold":494,"neow_bonus":"HUNDRED_GOLD","is_prod":false,"is_daily":false,"chose_seed":false,"campfire_upgraded":5,"win_rate":0,"timestamp":1554951943,"path_taken":["M","?","?","M","M","R","E","R","T","M","R","?","R","?","R","BOSS","M","?","M","?","M","R","M","R","T","$","?","?","M","M","R","BOSS","M","?","BOSS"],"build_version":"2019-01-23","purchased_purges":1,"victory":true,"max_hp_per_floor":[80,80,80,80,80,80,80,80,80,80,80,80,80,80,80,80,80,80,80,80,80,80,80,80,80,80,80,85,85,85,85,85,85,85,85,85,85],"card_choices":[{"not_picked":["Perfected Strike","Ghostly Armor"],"picked":"Sword Boomerang","floor":1},{"not_picked":["Ghostly Armor","Armaments"],"picked":"Shockwave","floor":2},{"not_picked":["Sentinel","Power Through","Entrench"],"picked":"SKIP","floor":4},{"not_picked":["Anger","Body Slam","Sentinel"],"picked":"SKIP","floor":5},{"not_picked":["True Grit","Power Through"],"picked":"Double Tap","floor":7},{"not_picked":["True Grit","Shrug It Off","Iron Wave"],"picked":"SKIP","floor":10},{"not_picked":["Second Wind","Sword Boomerang"],"picked":"Headbutt","floor":12},{"not_picked":["Impervious","Exhume"],"picked":"Immolate","floor":16},{"not_picked":["Clash","Wild Strike"],"picked":"Heavy Blade+1","floor":18},{"not_picked":["Warcry","Sever Soul+1"],"picked":"Infernal Blade+1","floor":20},{"not_picked":["Perfected Strike","Reaper"],"picked":"Flex","floor":22},{"not_picked":["Reckless Charge+1","Evolve+1"],"picked":"Headbutt+1","floor":24},{"not_picked":["Thunderclap","Searing Blow"],"picked":"Battle Trance","floor":30},{"not_picked":["Flex","Pommel Strike"],"picked":"Flame Barrier+1","floor":31},{"not_picked":["Thunderclap+1","Clash+1","Perfected Strike"],"picked":"SKIP","floor":35}],"player_experience":1185536,"relics_obtained":[{"floor":7,"key":"Orichalcum"},{"floor":9,"key":"Ancient Tea Set"},{"floor":21,"key":"Unceasing Top"},{"floor":26,"key":"Juzu Bracelet"}],"event_choices":[{"damage_healed":0,"gold_gain":0,"cards_transformed":["Strike_R"],"player_choice":"Transformed","damage_taken":0,"max_hp_gain":0,"max_hp_loss":0,"event_name":"Transmorgrifier","floor":3,"gold_loss":0,"cards_obtained":["Rage"]},{"damage_healed":0,"gold_gain":0,"player_choice":"Ignored","damage_taken":0,"max_hp_gain":0,"max_hp_loss":0,"event_name":"NoteForYourself","floor":14,"gold_loss":0},{"cards_removed":["Defend_R"],"damage_healed":0,"gold_gain":0,"player_choice":"Gave Gold","damage_taken":0,"max_hp_gain":0,"max_hp_loss":0,"event_name":"Beggar","floor":19,"gold_loss":75},{"damage_healed":0,"gold_gain":0,"player_choice":"Shed Blood","damage_taken":20,"max_hp_gain":5,"max_hp_loss":0,"event_name":"Forgotten Altar","floor":28,"gold_loss":0},{"damage_healed":0,"gold_gain":0,"player_choice":"Obtain J.A.X.","damage_taken":0,"max_hp_gain":0,"max_hp_loss":0,"event_name":"Drug Dealer","floor":29,"gold_loss":0,"cards_obtained":["J.A.X."]},{"damage_healed":0,"gold_gain":0,"player_choice":"Took Portal","damage_taken":0,"max_hp_gain":0,"max_hp_loss":0,"event_name":"SecretPortal","floor":36,"gold_loss":0}],"is_beta":false,"boss_relics":[{"not_picked":["Runic Pyramid","Snecko Eye"],"picked":"Fusion Hammer"},{"not_picked":["Black Star","Eternal Feather"],"picked":"Runic Cube"}],"items_purged_floors":[27],"is_endless":false,"potions_floor_spawned":[4,5,7,10,20,22,31,33],"ascension_level":0}