{"path_per_floor":["M","?","M","$","M","R","E","M","T","R","M","R","?","M","R","B",null,"M","M","?","M","$","R"],"character_chosen":"IRONCLAD","items_purchased":["Double Tap","Armaments","Blood Vial","Happy Flower"],"gold_per_floor":[110,110,125,125,135,135,163,176,228,228,239,239,239,264,264,395,395,410,429,529,543,107,107],"floor_reached":24,"campfire_rested":2,"playtime":4282,"current_hp_per_floor":[80,77,80,80,80,80,42,37,37,37,43,67,67,73,73,19,80,66,40,40,20,20,44],"items_purged":[],"gold":107,"play_id":"a5a193ec-5294-4fdf-96a2-8f643c1c73b8","is_prod":false,"is_daily":false,"campfire_rituals":0,"campfire_upgraded":3,"is_hardmode":false,"path_taken":["M","?","M","$","M","R","E","M","T","R","M","R","?","M","R","BOSS","M","M","?","M","$","R","E"],"build_version":"2018-01-04-PROD1","purchased_purges":0,"victory":false,"master_deck":["Strike_R","Strike_R","Strike_R","Defend_R","Defend_R","Defend_R","Defend_R","Bash","Sword Boomerang","Anger","Thunderclap","Inflame","Reckless Charge","Shrug It Off","Bloodletting","Berserk","Doubt","Seeing Red","Rampage","Anger","Clash","Sever Soul","Double Tap","Armaments"],"max_hp_per_floor":[80,80,80,80,80,80,80,80,80,80,80,80,80,80,80,80,80,80,80,80,80,80,80],"relics":["Burning Blood","Anchor","Bag of Marbles","Bronze Scales","Golden Idol","Astrolabe","Blood Vial","Happy Flower"],"campfire_meditates":0,"card_choices":[{"not_picked":["Second Wind","Whirlwind"],"picked":"Sword Boomerang"},{"not_picked":["True Grit","Headbutt"],"picked":"Anger"},{"not_picked":["Cleave","Clash"],"picked":"Thunderclap"},{"not_picked":["Dual Wield","Cleave"],"picked":"Inflame"},{"not_picked":["Twin Strike","Cleave"],"picked":"Reckless Charge"},{"not_picked":["Hemokinesis","Body Slam"],"picked":"Shrug It Off"},{"not_picked":["Burning Pact","Headbutt"],"picked":"Bloodletting"},{"not_picked":["Reaper","Double Tap"],"picked":"Berserk"},{"not_picked":["Disarm","True Grit"],"picked":"Anger"},{"not_picked":["Cleave","Thunderclap"],"picked":"Clash"},{"not_picked":["Rampage","Headbutt"],"picked":"Sever Soul"}],"player_experience":0,"potions_floor_usage":[],"damage_taken":[{"damage":6,"enemies":"Small Slimes","floor":1,"turns":4},{"damage":1,"enemies":"Cultist","floor":3,"turns":3},{"damage":0,"enemies":"2 Louse","floor":5,"turns":2},{"damage":44,"enemies":"3 Sentries","floor":7,"turns":7},{"damage":11,"enemies":"Large Slime","floor":8,"turns":4},{"damage":0,"enemies":"Lots of Slimes","floor":11,"turns":2},{"damage":0,"enemies":"2 Fungi Beasts","floor":14,"turns":2},{"damage":60,"enemies":"The Guardian","floor":16,"turns":7},{"damage":20,"enemies":"2 Thieves","floor":18,"turns":4},{"damage":32,"enemies":"Chosen","floor":19,"turns":5},{"damage":26,"enemies":"Snake Plant","floor":21,"turns":3},{"damage":48,"enemies":"Gremlin Leader","floor":24,"turns":5}],"event_choices":[{"event_name":"Scrap Ooze","player_choice":"success","floor":2,"damage_taken":3},{"event_name":"Golden Idol","player_choice":"Take Wound","floor":13,"damage_taken":0},{"event_name":"Golden Shrine","player_choice":"Pray","floor":20,"damage_taken":0}],"boss_relics":[{"not_picked":["Snecko Eye","Calling Bell"],"picked":"Astrolabe"}],"potions_floor_spawned":[3,5,7,19],"seed_played":"6861667380039457973","killed_by":"Gremlin Leader","is_trial":false}