{"gold_per_floor":[111,127,127,145,23,23,23,52,52,66,77,90,90,123,123,221,221,238,513,528,303,303,303,337,349,429,429,344,358,80,114,114,114],"floor_reached":33,"playtime":2449,"items_purged":["Regret"],"score":413,"play_id":"65ad2e85-8e7e-47e7-bfdf-223f959f449e","local_time":"20190324213630","is_ascension_mode":true,"campfire_choices":[{"data":"Noxious Fumes","floor":6,"key":"SMITH"},{"data":"Dodge and Roll","floor":15,"key":"SMITH"},{"data":"Dagger Spray","floor":23,"key":"SMITH"},{"data":"Footwork","floor":27,"key":"SMITH"},{"data":"Footwork","floor":32,"key":"SMITH"}],"neow_cost":"NONE","seed_source_timestamp":769248564142598,"circlet_count":0,"master_deck":["Defend_G","Defend_G","Defend_G","Defend_G","Defend_G","Strike_G","Strike_G","Survivor","Neutralize+1","Choke","Noxious Fumes+1","Dagger Throw","Cloak And Dagger+1","Infinite Blades","Dodge and Roll+1","Dagger Spray+1","PiercingWail","Doppelganger+1","Unload+1","Phantasmal Killer+1","Backflip+1","Noxious Fumes+1","Footwork+1","Backflip+1","Footwork+1","Cloak And Dagger","PiercingWail"],"relics":["Ring of the Snake","PreservedInsect","Meat on the Bone","Snake Skull","Art of War","Unceasing Top","Astrolabe","Oddly Smooth Stone","Lantern","Kunai","Ninja Scroll","Bronze Scales","Happy Flower"],"potions_floor_usage":[31],"damage_taken":[{"damage":0,"enemies":"2 Louse","floor":1,"turns":2},{"damage":1,"enemies":"Cultist","floor":2,"turns":4},{"damage":3,"enemies":"Jaw Worm","floor":4,"turns":6},{"damage":10,"enemies":"Gremlin Nob","floor":8,"turns":4},{"damage":12,"enemies":"3 Louse","floor":10,"turns":4},{"damage":13,"enemies":"Exordium Wildlife","floor":11,"turns":4},{"damage":1,"enemies":"2 Fungi Beasts","floor":12,"turns":3},{"damage":9,"enemies":"Lagavulin","floor":14,"turns":6},{"damage":15,"enemies":"Hexaghost","floor":16,"turns":10},{"damage":1,"enemies":"3 Byrds","floor":18,"turns":4},{"damage":26,"enemies":"Spheric Guardian","floor":20,"turns":8},{"damage":13,"enemies":"Book of Stabbing","floor":24,"turns":7},{"damage":0,"enemies":"Shelled Parasite and Fungi","floor":25,"turns":7},{"damage":0,"enemies":"Centurion and Healer","floor":29,"turns":5},{"damage":1,"enemies":"Slavers","floor":31,"turns":4},{"damage":53,"enemies":"Champ","floor":33,"turns":13}],"seed_played":"-7514069264577982485","potions_obtained":[{"floor":2,"key":"Poison Potion"},{"floor":4,"key":"SpeedPotion"},{"floor":12,"key":"Explosive Potion"},{"floor":24,"key":"Block Potion"},{"floor":31,"key":"Poison Potion"}],"is_trial":false,"path_per_floor":["?","?","M","T","?","M","?","?"],"character_chosen":"THE_SILENT","items_purchased":["Cloak And Dagger","Infinite Blades","Oddly Smooth Stone","Bronze Scales","Footwork","Cloak And Dagger"],"campfire_rested":0,"item_purchase_floors":[5,5,21,30,30,30],"current_hp_per_floor":[63,62,62,59,59,59,59,49,49,37,36,47,47,38,38,35,61,60,60,46,46,46,46,45,45,45,45,45,45,45,44,44,0],"gold":114,"neow_bonus":"RANDOM_COMMON_RELIC","is_prod":false,"is_daily":false,"chose_seed":false,"campfire_upgraded":5,"win_rate":0,"timestamp":1553477790,"path_taken":["M","M","?","M","$","R","?","E","T","M","?","M","?","E","R","BOSS","M","?","?","$","?","R","E","M","T","R","?","M","$","E","R","BOSS"],"build_version":"2019-01-23","purchased_purges":1,"victory":false,"max_hp_per_floor":[70,70,70,70,70,70,70,70,70,70,70,70,70,70,70,70,70,70,70,70,70,70,70,70,70,70,70,70,70,70,70,70,70],"card_choices":[{"not_picked":["Deadly Poison","Sucker Punch"],"picked":"Choke","floor":1},{"not_picked":["Terror","Outmaneuver"],"picked":"Noxious Fumes","floor":2},{"not_picked":["Slice","Expertise"],"picked":"Dagger Throw","floor":4},{"not_picked":["Deflect","Venomology","Poisoned Stab"],"picked":"SKIP","floor":8},{"not_picked":["Slice","Blade Dance"],"picked":"Dodge and Roll","floor":10},{"not_picked":["Deflect","Prepared"],"picked":"Dagger Spray","floor":11},{"not_picked":["Heel Hook","Dagger Spray","Prepared"],"picked":"SKIP","floor":12},{"not_picked":["Dash","Slice"],"picked":"PiercingWail","floor":14},{"not_picked":["Blade Dance","Dagger Spray"],"picked":"Backflip+1","floor":18},{"not_picked":["Prepared","Bouncing Flask+1","Bane"],"picked":"SKIP","floor":20},{"not_picked":["Sucker Punch","Cloak And Dagger"],"picked":"Noxious Fumes+1","floor":24},{"not_picked":["Backflip+1","Eviscerate"],"picked":"Footwork","floor":25},{"not_picked":["Dagger Throw+1","Skewer"],"picked":"Backflip+1","floor":29},{"not_picked":["Dagger Throw+1","Escape Plan"],"picked":"PiercingWail","floor":31}],"player_experience":965513,"relics_obtained":[{"floor":8,"key":"Meat on the Bone"},{"floor":9,"key":"Snake Skull"},{"floor":13,"key":"Art of War"},{"floor":14,"key":"Unceasing Top"},{"floor":24,"key":"Lantern"},{"floor":26,"key":"Kunai"},{"floor":31,"key":"Happy Flower"}],"event_choices":[{"damage_healed":0,"gold_gain":0,"player_choice":"Grow","damage_taken":0,"max_hp_gain":0,"max_hp_loss":0,"event_name":"Living Wall","floor":3,"gold_loss":0,"cards_upgraded":["Neutralize"]},{"damage_healed":0,"gold_gain":0,"player_choice":"Upgraded","damage_taken":0,"max_hp_gain":0,"max_hp_loss":0,"event_name":"Upgrade Shrine","floor":7,"gold_loss":0,"cards_upgraded":["Cloak And Dagger"]},{"damage_healed":0,"gold_gain":275,"player_choice":"Desecrate","damage_taken":0,"max_hp_gain":0,"max_hp_loss":0,"event_name":"Golden Shrine","floor":19,"gold_loss":0,"cards_obtained":["Regret"]},{"damage_healed":0,"gold_gain":0,"player_choice":"Ignored","damage_taken":0,"max_hp_gain":0,"max_hp_loss":0,"event_name":"Ghosts","floor":22,"gold_loss":0},{"damage_healed":0,"gold_gain":0,"player_choice":"Obtained Relic","damage_taken":0,"relics_obtained":["Ninja Scroll"],"max_hp_gain":0,"max_hp_loss":0,"event_name":"Addict","floor":28,"gold_loss":85}],"is_beta":false,"boss_relics":[{"not_picked":["Velvet Choker","Busted Crown"],"picked":"Astrolabe"}],"items_purged_floors":[21],"is_endless":false,"potions_floor_spawned":[2,4,12,16,20,24,31],"killed_by":"Champ","ascension_level":8}