{"gold_per_floor":[115,65,76,91,91,91,118,118,193,148,148,167,167,92,92,197,247,267,267,207,224,77,77,77,77],"floor_reached":25,"playtime":892,"items_purged":[],"score":281,"play_id":"8c4b92ae-0c5e-4def-a3f3-95115a1c36c6","local_time":"20181026222158","is_ascension_mode":true,"campfire_choices":[{"data":"Feed","floor":6.0,"key":"SMITH"},{"data":"Body Slam","floor":8.0,"key":"SMITH"},{"floor":11.0,"key":"REST"},{"data":"Armaments","floor":13.0,"key":"SMITH"},{"data":"Searing Blow+1","floor":15.0,"key":"SMITH"},{"floor":23,"key":"REST"}],"neow_cost":"TEN_PERCENT_HP_LOSS","seed_source_timestamp":1398871858370958,"circlet_count":0,"master_deck":["Strike_R","Strike_R","Strike_R","Strike_R","Defend_R","Defend_R+1","Defend_R","Defend_R","Bash","Feed+1","Searing Blow+2","Metallicize","Body Slam+1","Armaments+1","Flame Barrier","Double Tap","Demon Form","Bash","Rampage","Ghostly Armor","Burning Pact","Spot Weakness"],"special_seed":0,"relics":["Burning Blood","Boot","Bottled Tornado","Tiny House"],"potions_floor_usage":[16,16,20,25],"damage_taken":[{"damage":3.0,"enemies":"2 Louse","floor":1.0,"turns":3.0},{"damage":1.0,"enemies":"Cultist","floor":3.0,"turns":3.0},{"damage":18.0,"enemies":"Small Slimes","floor":4.0,"turns":4.0},{"damage":31.0,"enemies":"Gremlin Nob","floor":7.0,"turns":5.0},{"damage":0.0,"enemies":"Blue Slaver","floor":12.0,"turns":5.0},{"damage":17,"enemies":"The Guardian","floor":16,"turns":10},{"damage":12,"enemies":"3 Byrds","floor":18,"turns":5},{"damage":9,"enemies":"2 Thieves","floor":20,"turns":4},{"damage":52,"enemies":"Shelled Parasite and Fungi","floor":21,"turns":10},{"damage":71,"enemies":"Book of Stabbing","floor":25,"turns":7}],"seed_played":"-5047226610505133650","potions_obtained":[{"floor":1.0,"key":"GamblersBrew"},{"floor":7.0,"key":"FearPotion"},{"floor":12.0,"key":"LiquidBronze"},{"floor":17,"key":"FearPotion"},{"floor":21,"key":"AttackPotion"}],"is_trial":false,"path_per_floor":["M","?","M","M","?","R","E","R","T","$","R","M","R","$","R","B",null,"M","?","M","M","$","R","?"],"character_chosen":"IRONCLAD","items_purchased":["Armaments","Flame Barrier","Ghostly Armor","Burning Pact"],"campfire_rested":2,"item_purchase_floors":[10,14,22,22],"current_hp_per_floor":[75,75,78,69,69,69,44,44,44,44,68,78,78,78,78,67,86,84,84,81,39,39,68,68,0],"gold":77,"neow_bonus":"THREE_RARE_CARDS","is_prod":false,"is_daily":false,"chose_seed":false,"campfire_upgraded":4,"win_rate":0,"timestamp":1540614118,"path_taken":["M","?","M","?","?","R","E","R","T","$","R","?","R","?","R","BOSS","M","?","M","M","$","R","?","E"],"build_version":"2018-10-25v2","purchased_purges":0,"victory":false,"max_hp_per_floor":[75,75,78,81,81,81,81,81,81,81,81,85,85,85,85,85,90,94,94,94,98,98,98,98,98],"card_choices":[{"not_picked":["Bludgeon","Fiend Fire"],"picked":"Feed","floor":0.0},{"not_picked":["Dropkick","Heavy Blade"],"picked":"Searing Blow","floor":1.0},{"not_picked":["Cleave","Wild Strike","Evolve"],"picked":"SKIP","floor":3.0},{"not_picked":["Uppercut","Thunderclap"],"picked":"Metallicize","floor":4.0},{"not_picked":["Rupture","Warcry"],"picked":"Body Slam","floor":7.0},{"not_picked":["Anger","Perfected Strike","Heavy Blade"],"picked":"SKIP","floor":12.0},{"not_picked":["Reaper","Barricade"],"picked":"Double Tap","floor":16},{"not_picked":["Corruption","Pommel Strike"],"picked":"Demon Form","floor":18},{"not_picked":["Body Slam","Clothesline","Warcry"],"picked":"SKIP","floor":20},{"not_picked":["Blood for Blood","Heavy Blade","Sword Boomerang"],"picked":"SKIP","floor":21}],"player_experience":886891,"relics_obtained":[{"floor":7.0,"key":"Boot"},{"floor":9.0,"key":"Bottled Tornado"}],"event_choices":[{"cards_removed":["Strike_R"],"damage_healed":0.0,"max_hp_gain":0.0,"max_hp_loss":0.0,"gold_gain":0.0,"event_name":"The Cleric","player_choice":"Card Removal","floor":2.0,"gold_loss":50.0,"damage_taken":0.0},{"damage_healed":0.0,"max_hp_gain":0.0,"max_hp_loss":0.0,"gold_gain":0.0,"event_name":"Living Wall","player_choice":"Grow","floor":5.0,"gold_loss":0.0,"damage_taken":0.0,"cards_upgraded":["Searing Blow"]},{"damage_healed":0,"gold_gain":0,"player_choice":"2 cards matched","damage_taken":0,"max_hp_gain":0,"max_hp_loss":0,"event_name":"Match and Keep!","floor":19,"gold_loss":0,"cards_obtained":["Bash","Rampage"]},{"damage_healed":0,"gold_gain":0,"player_choice":"Read","damage_taken":0,"max_hp_gain":0,"max_hp_loss":0,"event_name":"The Library","floor":24,"gold_loss":0,"cards_obtained":["Spot Weakness"]}],"is_beta":false,"boss_relics":[{"not_picked":["Runic Cube","Snecko Eye"],"picked":"Tiny House"}],"items_purged_floors":[],"is_endless":false,"potions_floor_spawned":[1,7,12,21],"killed_by":"Book of Stabbing","ascension_level":6}