{"gold_per_floor":[118,136,136,148,148,148,168,168,168,181,181,206,222,234,234,333,333,349,349,130,148,159,159,159],"floor_reached":24,"playtime":1455,"items_purged":["Strike_B"],"score":230,"play_id":"546ff718-614c-4b1a-a3ef-c1572509a492","local_time":"20190113222540","is_ascension_mode":true,"campfire_choices":[{"data":"Dramatic Entrance","floor":6,"key":"SMITH"},{"floor":11,"key":"REST"},{"floor":15,"key":"REST"},{"data":"Dualcast","floor":23,"key":"SMITH"}],"neow_cost":"TEN_PERCENT_HP_LOSS","seed_source_timestamp":88592388501926,"circlet_count":0,"master_deck":["Strike_B","Strike_B","Defend_B","Defend_B","Defend_B","Defend_B","Zap+1","Dualcast+1","Dramatic Entrance+1","Finesse","Coolheaded","Compile Driver+1","Ball Lightning","Leap","Conserve Battery","BootSequence","Cold Snap","Rebound","Core Surge","Steam+1"],"relics":["Cracked Core","Dead Branch","Darkstone Periapt","Velvet Choker","Unceasing Top","Art of War"],"potions_floor_usage":[21],"damage_taken":[{"damage":0,"enemies":"Jaw Worm","floor":1,"turns":2},{"damage":10,"enemies":"Small Slimes","floor":2,"turns":2},{"damage":0,"enemies":"Cultist","floor":4,"turns":2},{"damage":7,"enemies":"Exordium Wildlife","floor":7,"turns":3},{"damage":0,"enemies":"2 Fungi Beasts","floor":10,"turns":2},{"damage":24,"enemies":"Gremlin Nob","floor":12,"turns":4},{"damage":0,"enemies":"Lots of Slimes","floor":13,"turns":1},{"damage":0,"enemies":"Exordium Thugs","floor":14,"turns":3},{"damage":38,"enemies":"Slime Boss","floor":16,"turns":9},{"damage":0,"enemies":"Chosen","floor":18,"turns":4},{"damage":0,"enemies":"Spheric Guardian","floor":21,"turns":3},{"damage":15,"enemies":"Cultist and Chosen","floor":22,"turns":7},{"damage":55,"enemies":"Gremlin Leader","floor":24,"turns":9}],"seed_played":"4141722752486296546","potions_obtained":[{"floor":2,"key":"Energy Potion"},{"floor":13,"key":"Poison Potion"},{"floor":14,"key":"Energy Potion"}],"is_trial":false,"path_per_floor":["M","M","?","M","$","R","M","?","T","M","R","E","M","M","R","B",null,"M","?","$","M","M","R","E"],"character_chosen":"DEFECT","items_purchased":["Art of War"],"campfire_rested":2,"item_purchase_floors":[20],"current_hp_per_floor":[68,58,44,44,44,44,37,37,37,37,57,33,33,33,53,15,68,68,68,68,68,53,53,0],"gold":159,"neow_bonus":"RANDOM_COLORLESS_2","is_prod":false,"is_daily":false,"chose_seed":false,"campfire_upgraded":2,"win_rate":0,"timestamp":1547447140,"path_taken":["M","M","?","M","$","R","M","?","T","M","R","E","M","?","R","BOSS","M","?","$","M","M","R","E"],"build_version":"2019-01-10","purchased_purges":1,"victory":false,"max_hp_per_floor":[68,68,68,68,68,68,68,68,68,68,68,68,68,68,68,68,68,68,68,68,68,68,68,68],"card_choices":[{"not_picked":["Streamline","Steam"],"picked":"Coolheaded","floor":1},{"not_picked":["Hello World","Streamline"],"picked":"Compile Driver","floor":2},{"not_picked":["BootSequence","Blizzard"],"picked":"Ball Lightning","floor":4},{"not_picked":["Stack","Redo"],"picked":"Leap","floor":7},{"not_picked":["Reinforced Body","Barrage"],"picked":"Conserve Battery","floor":10},{"not_picked":["Stack","Undo"],"picked":"BootSequence","floor":12},{"not_picked":["All For One","Doom and Gloom"],"picked":"Cold Snap","floor":13},{"not_picked":["Beam Cell","BootSequence"],"picked":"Rebound","floor":14},{"not_picked":["Hyperbeam","All For One"],"picked":"Core Surge","floor":16},{"not_picked":["Ball Lightning","Loop"],"picked":"Steam+1","floor":18},{"not_picked":["Chill","Compile Driver","Go for the Eyes"],"picked":"SKIP","floor":21},{"not_picked":["Chill","Leap","Redo"],"picked":"SKIP","floor":22}],"player_experience":228451,"relics_obtained":[{"floor":9,"key":"Dead Branch"},{"floor":12,"key":"Darkstone Periapt"}],"event_choices":[{"damage_healed":0,"gold_gain":0,"player_choice":"Entered Light","damage_taken":14,"max_hp_gain":0,"max_hp_loss":0,"event_name":"Shining Light","floor":3,"gold_loss":0,"cards_upgraded":["Compile Driver","Zap"]},{"cards_removed":["Strike_B"],"damage_healed":0,"gold_gain":0,"player_choice":"Forget","damage_taken":0,"max_hp_gain":0,"max_hp_loss":0,"event_name":"Living Wall","floor":8,"gold_loss":0},{"damage_healed":0,"gold_gain":0,"player_choice":"Opened","damage_taken":0,"relics_obtained":["Unceasing Top"],"max_hp_gain":0,"max_hp_loss":0,"event_name":"The Mausoleum","floor":19,"gold_loss":0}],"is_beta":false,"boss_relics":[{"not_picked":["Philosopher\u0027s Stone","Fusion Hammer"],"picked":"Velvet Choker"}],"items_purged_floors":[20],"is_endless":false,"potions_floor_spawned":[2,13,14,16,18],"killed_by":"Gremlin Leader","ascension_level":3}