{"gold_per_floor":[114,129,144,159,174,204,204,264,264,279,279,309,18,48,48,148,148,163,178,277,292,307,337,352,382,382,397,427,697,697,15,15,115,115,130,145,160,175,190,220,220,235,260,260,7,22,22,52,52,52],"floor_reached":51,"playtime":3805,"items_purged":["Strike_R"],"score":1168,"play_id":"abce9e47-9513-4318-a776-a2cfe13df813","local_time":"20180816044425","daily_mods":["Heirloom","Night Terrors","Terminal"],"is_ascension_mode":false,"campfire_choices":[{"data":"Feel No Pain","floor":11,"key":"SMITH"},{"data":"Seeing Red","floor":15,"key":"SMITH"},{"floor":32,"key":"REST"},{"data":"Corruption","floor":41,"key":"SMITH"},{"data":"Offering","floor":49,"key":"SMITH"}],"neow_cost":"","seed_source_timestamp":0,"circlet_count":0,"master_deck":["Strike_R","Strike_R","Strike_R","Strike_R","Defend_R","Defend_R","Defend_R","Defend_R","Shrug It Off","Feel No Pain+1","Warcry","Feed","Inflame","Shrug It Off","Seeing Red+1","Fiend Fire","Offering+1","Flex","Impervious","Intimidate","Second Wind","Shrug It Off","Havoc","True Grit","Offering","Warcry","Secret Technique","Barricade","True Grit+1","Armaments+1","Warcry","Flame Barrier+1","Corruption+1","Intimidate","Corruption","Offering","Ghostly Armor+1","Corruption"],"special_seed":17759,"relics":["Burning Blood","Dead Branch","Orichalcum","Smiling Mask","Bottled Tornado","Unceasing Top","Bag of Preparation","Meat on the Bone","Orrery","Oddly Smooth Stone","Art of War","Bottled Lightning","Du-Vu Doll","Potion Belt","OrangePellets","White Beast Statue","Ancient Tea Set","Lantern","Calipers","Mummified Hand"],"potions_floor_usage":[6,6,6,8,8,12,14,23,23,23,38,38,38,39,40,50,50,50],"damage_taken":[{"damage":6,"enemies":"Jaw Worm","floor":1,"turns":2},{"damage":0,"enemies":"Cultist","floor":2,"turns":4},{"damage":0,"enemies":"2 Louse","floor":3,"turns":4},{"damage":4,"enemies":"Exordium Wildlife","floor":4,"turns":6},{"damage":5,"enemies":"2 Fungi Beasts","floor":5,"turns":7},{"damage":6,"enemies":"3 Sentries","floor":6,"turns":7},{"damage":6,"enemies":"3 Sentries","floor":8,"turns":4},{"damage":0,"enemies":"Exordium Thugs","floor":10,"turns":8},{"damage":6,"enemies":"Gremlin Nob","floor":12,"turns":5},{"damage":12,"enemies":"Lagavulin","floor":14,"turns":3},{"damage":6,"enemies":"Slime Boss","floor":16,"turns":6},{"damage":0,"enemies":"Spheric Guardian","floor":18,"turns":1},{"damage":6,"enemies":"Shell Parasite","floor":19,"turns":4},{"damage":12,"enemies":"Snake Plant","floor":21,"turns":2},{"damage":6,"enemies":"Centurion and Healer","floor":22,"turns":9},{"damage":29,"enemies":"Gremlin Leader","floor":23,"turns":11},{"damage":15,"enemies":"Cultist and Chosen","floor":24,"turns":3},{"damage":17,"enemies":"Book of Stabbing","floor":25,"turns":6},{"damage":21,"enemies":"Snecko","floor":27,"turns":5},{"damage":24,"enemies":"Slavers","floor":28,"turns":3},{"damage":24,"enemies":"Collector","floor":33,"turns":5},{"damage":20,"enemies":"3 Shapes","floor":35,"turns":3},{"damage":6,"enemies":"Orb Walker","floor":36,"turns":1},{"damage":12,"enemies":"Sphere and 2 Shapes","floor":37,"turns":8},{"damage":6,"enemies":"Transient","floor":38,"turns":5},{"damage":12,"enemies":"4 Shapes","floor":39,"turns":7},{"damage":12,"enemies":"2 Orb Walkers","floor":40,"turns":4},{"damage":15,"enemies":"Maw","floor":42,"turns":2},{"damage":25,"enemies":"Jaw Worm Horde","floor":46,"turns":3},{"damage":15,"floor":47,"turns":3},{"damage":18,"enemies":"Giant Head","floor":48,"turns":3},{"damage":18,"enemies":"Donu and Deca","floor":50,"turns":1}],"seed_played":"-170879409254016175","potions_obtained":[{"floor":2,"key":"GamblersBrew"},{"floor":3,"key":"Block Potion"},{"floor":5,"key":"AttackPotion"},{"floor":7,"key":"Energy Potion"},{"floor":7,"key":"AttackPotion"},{"floor":7,"key":"SkillPotion"},{"floor":12,"key":"SkillPotion"},{"floor":14,"key":"Block Potion"},{"floor":16,"key":"Block Potion"},{"floor":18,"key":"Dexterity Potion"},{"floor":19,"key":"Swift Potion"},{"floor":23,"key":"Poison Potion"},{"floor":28,"key":"Energy Potion"},{"floor":33,"key":"Block Potion"},{"floor":35,"key":"Dexterity Potion"},{"floor":36,"key":"FearPotion"},{"floor":37,"key":"SteroidPotion"},{"floor":38,"key":"FearPotion"},{"floor":39,"key":"Poison Potion"},{"floor":40,"key":"PowerPotion"},{"floor":42,"key":"Ancient Potion"},{"floor":46,"key":"AttackPotion"},{"floor":47,"key":"Dexterity Potion"}],"is_trial":false,"path_per_floor":["M","M","M","M","M","E","?","?","T","M","R","E","$","E","R","B",null,"M","M","?","M","M","E","M","E","T","M","E","?","?","$","R","B",null,"M","M","M","M","M","E","R","M","T","?","$","M","?","E","R","B"],"character_chosen":"IRONCLAD","items_purchased":["Offering","Bag of Preparation","Secret Technique","Potion Belt","OrangePellets","Strength Potion","Poison Potion","Corruption","Offering","EssenceOfSteel"],"campfire_rested":1,"item_purchase_floors":[13,13,31,31,31,31,31,45,45,45],"current_hp_per_floor":[78,77,76,75,77,79,78,83,82,81,80,79,78,72,72,72,74,76,78,77,71,75,52,46,47,47,44,54,26,26,26,63,45,61,47,47,41,41,35,41,41,44,44,44,44,37,40,43,43,34],"gold":52,"neow_bonus":"","is_prod":false,"is_daily":true,"chose_seed":false,"campfire_upgraded":4,"win_rate":0,"timestamp":1534409065,"path_taken":["M","M","M","M","M","E","?","?","T","M","R","E","?","E","R","BOSS","M","M","?","M","M","E","M","E","T","M","E","?","?","$","R","BOSS","M","M","M","M","M","E","R","M","T","?","$","M","?","E","R","BOSS"],"build_version":"2018-08-15","purchased_purges":1,"victory":true,"max_hp_per_floor":[78,77,76,75,77,79,78,83,82,81,80,79,78,77,76,75,74,76,78,77,76,75,74,76,75,74,73,72,71,70,69,63,62,61,60,59,58,57,56,55,54,53,52,51,50,49,48,50,49,51],"card_choices":[{"not_picked":["Clash","Seeing Red"],"picked":"Shrug It Off","floor":1},{"not_picked":["Clash","Iron Wave"],"picked":"Feel No Pain","floor":2},{"not_picked":["Perfected Strike","Clash"],"picked":"Warcry","floor":3},{"not_picked":["Perfected Strike","Wild Strike"],"picked":"Feed","floor":4},{"not_picked":["Blood for Blood","Dual Wield"],"picked":"Inflame","floor":5},{"not_picked":["Headbutt","Thunderclap"],"picked":"Shrug It Off","floor":6},{"not_picked":["Iron Wave","Bloodletting"],"picked":"Seeing Red","floor":8},{"not_picked":["Twin Strike","Cleave","Dual Wield"],"picked":"SKIP","floor":10},{"not_picked":["Blood for Blood","Pommel Strike"],"picked":"Fiend Fire","floor":12},{"not_picked":["Dropkick","Sword Boomerang"],"picked":"Flex","floor":14},{"not_picked":["Limit Break","Fiend Fire"],"picked":"Impervious","floor":16},{"not_picked":["Warcry","Fire Breathing"],"picked":"Intimidate","floor":17},{"not_picked":["Spot Weakness","Body Slam"],"picked":"Second Wind","floor":17},{"not_picked":["Anger","Armaments"],"picked":"Shrug It Off","floor":17},{"not_picked":["Inflame","Flex"],"picked":"Havoc","floor":18},{"not_picked":["Shockwave","Body Slam+1","Thunderclap"],"picked":"SKIP","floor":19},{"not_picked":["Juggernaut","Pummel+1","Anger+1"],"picked":"SKIP","floor":21},{"not_picked":["Headbutt","Body Slam"],"picked":"True Grit","floor":22},{"not_picked":["Sword Boomerang","Body Slam","Perfected Strike"],"picked":"SKIP","floor":23},{"not_picked":["Headbutt+1","Inflame","Reckless Charge"],"picked":"SKIP","floor":24},{"not_picked":["Evolve","Cleave","Clothesline"],"picked":"SKIP","floor":25},{"not_picked":["Twin Strike+1","Havoc+1"],"picked":"Offering","floor":27},{"not_picked":["Rupture","Flame Barrier+1"],"picked":"Warcry","floor":28},{"not_picked":["Reaper","Juggernaut"],"picked":"Barricade","floor":33},{"not_picked":["Wild Strike","Pummel"],"picked":"True Grit+1","floor":35},{"not_picked":["Entrench+1","Inflame+1"],"picked":"Armaments+1","floor":36},{"not_picked":["Sword Boomerang+1","Iron Wave+1"],"picked":"Warcry","floor":37},{"not_picked":["Iron Wave+1","Carnage+1","Rupture"],"picked":"SKIP","floor":38},{"not_picked":["Pommel Strike","Anger"],"picked":"Flame Barrier+1","floor":39},{"not_picked":["Shrug It Off","Disarm+1"],"picked":"Corruption","floor":40},{"not_picked":["Shrug It Off+1","Body Slam"],"picked":"Intimidate","floor":42},{"not_picked":["Dropkick+1","Iron Wave"],"picked":"Ghostly Armor+1","floor":46},{"not_picked":["Warcry+1","Blood for Blood+1"],"picked":"Corruption","floor":48}],"player_experience":171877,"relics_obtained":[{"floor":6,"key":"Orichalcum"},{"floor":8,"key":"Smiling Mask"},{"floor":9,"key":"Bottled Tornado"},{"floor":12,"key":"Unceasing Top"},{"floor":14,"key":"Meat on the Bone"},{"floor":23,"key":"Oddly Smooth Stone"},{"floor":25,"key":"Art of War"},{"floor":26,"key":"Bottled Lightning"},{"floor":28,"key":"Du-Vu Doll"},{"floor":40,"key":"Ancient Tea Set"},{"floor":43,"key":"Lantern"},{"floor":47,"key":"Calipers"},{"floor":48,"key":"Mummified Hand"}],"event_choices":[{"event_name":"The Lab","player_choice":"Got Potions","floor":7,"damage_taken":0},{"event_name":"Dead Adventurer","player_choice":"Searched \u00273\u0027 times","floor":8,"damage_taken":0},{"event_name":"Nest","player_choice":"Stole From Cult","floor":20,"damage_taken":0},{"event_name":"Knowing Skull","player_choice":"GOLD GOLD GOLD ","floor":29,"damage_taken":0},{"event_name":"Vampires","player_choice":"Ignored","floor":30,"damage_taken":0},{"event_name":"Falling","player_choice":"Removed Attack","floor":44,"damage_taken":0},{"event_name":"MindBloom","player_choice":"Fight","floor":47,"damage_taken":0}],"is_beta":true,"boss_relics":[{"not_picked":["Mark of Pain","Black Blood"],"picked":"Orrery"},{"not_picked":["Coffee Dripper","Velvet Choker"],"picked":"White Beast Statue"}],"items_purged_floors":[31],"is_endless":false,"potions_floor_spawned":[2,3,5,12,14,16,18,19,23,28,33,35,36,37,38,39,40,42,46,47,48],"ascension_level":0}