{"gold_per_floor":[115,132,150,150,150,150,164,183,266,279,279,299,319,205,205,304,304,314,314,70,70,87,114,114],"floor_reached":24,"playtime":1013,"items_purged":["Defend_B","Defend_B"],"score":208,"play_id":"6e5bedca-0ef1-48f0-b61c-58afc5457f23","local_time":"20190318011555","is_ascension_mode":false,"campfire_choices":[{"data":"Recycle","floor":6,"key":"SMITH"},{"data":"Redo","floor":15,"key":"SMITH"}],"neow_cost":"NONE","seed_source_timestamp":179055641426301,"circlet_count":0,"master_deck":["Strike_B","Strike_B","Strike_B","Strike_B","Defend_B","Zap+1","Dualcast","Conserve Battery","Recycle+1","Genetic Algorithm","Redo+1","Loop","Core Surge","Capacitor","Sunder+1","Genetic Algorithm","Capacitor","Redo","Core Surge"],"relics":["Cracked Core","Tiny Chest","Odd Mushroom","Orrery","Meat on the Bone","Question Card"],"potions_floor_usage":[23,23],"damage_taken":[{"damage":1,"enemies":"2 Louse","floor":1,"turns":2},{"damage":0,"enemies":"Jaw Worm","floor":2,"turns":3},{"damage":0,"enemies":"Cultist","floor":3,"turns":4},{"damage":6,"enemies":"3 Louse","floor":7,"turns":4},{"damage":9,"enemies":"Blue Slaver","floor":8,"turns":3},{"damage":13,"enemies":"Exordium Thugs","floor":10,"turns":4},{"damage":0,"enemies":"Looter","floor":12,"turns":4},{"damage":4,"enemies":"The Mushroom Lair","floor":13,"turns":5},{"damage":38,"enemies":"The Guardian","floor":16,"turns":11},{"damage":5,"enemies":"Spheric Guardian","floor":18,"turns":5},{"damage":33,"enemies":"2 Thieves","floor":22,"turns":4},{"damage":38,"enemies":"Slavers","floor":23,"turns":5},{"damage":23,"enemies":"Chosen and Byrds","floor":24,"turns":4}],"seed_played":"-2434700295440431847","potions_obtained":[{"floor":2,"key":"SpeedPotion"},{"floor":3,"key":"Dexterity Potion"},{"floor":8,"key":"Ancient Potion"},{"floor":12,"key":"AttackPotion"},{"floor":13,"key":"Fire Potion"}],"is_trial":false,"path_per_floor":["?","?","M","?","?","T"],"character_chosen":"DEFECT","items_purchased":["Loop","Genetic Algorithm","Capacitor"],"campfire_rested":0,"item_purchase_floors":[14,20,20],"current_hp_per_floor":[74,74,74,74,74,74,68,59,59,46,46,46,42,42,42,4,75,70,70,70,70,49,23,0],"gold":114,"neow_bonus":"THREE_CARDS","is_prod":false,"is_daily":false,"chose_seed":false,"campfire_upgraded":2,"win_rate":0,"timestamp":1552886155,"path_taken":["M","M","M","?","?","R","M","M","T","?","$","M","?","$","R","BOSS","M","?","$","?","M","E","M"],"build_version":"2019-01-23","purchased_purges":2,"victory":false,"max_hp_per_floor":[75,75,75,75,75,75,75,75,75,75,75,75,75,75,75,75,75,75,75,75,75,75,75,75],"card_choices":[{"not_picked":["Hologram","Redo"],"picked":"Conserve Battery","floor":1},{"not_picked":["Skim","Cold Snap"],"picked":"Recycle","floor":2},{"not_picked":["Redo","Barrage"],"picked":"Genetic Algorithm","floor":3},{"not_picked":["Rebound","Streamline","Blizzard"],"picked":"SKIP","floor":7},{"not_picked":["Barrage","Rebound","Beam Cell"],"picked":"SKIP","floor":8},{"not_picked":["Glacier","Stack","Hyperbeam"],"picked":"SKIP","floor":10},{"not_picked":["Glacier","Lockon","Steam"],"picked":"SKIP","floor":12},{"not_picked":["Storm","Ball Lightning"],"picked":"Redo","floor":13},{"not_picked":["Multi-Cast","Rainbow"],"picked":"Core Surge","floor":16},{"not_picked":["Coolheaded","Ball Lightning"],"picked":"Capacitor","floor":17},{"not_picked":["Hologram","Steam"],"picked":"Sunder+1","floor":18},{"not_picked":["Static Discharge","Undo+1"],"picked":"Redo","floor":22},{"not_picked":["Force Field+1","Streamline"],"picked":"Core Surge","floor":23}],"player_experience":736610,"relics_obtained":[{"floor":9,"key":"Tiny Chest"},{"floor":13,"key":"Odd Mushroom"},{"floor":21,"key":"Meat on the Bone"},{"floor":23,"key":"Question Card"}],"event_choices":[{"cards_removed":["Defend_B"],"damage_healed":0,"gold_gain":0,"player_choice":"Forget","damage_taken":0,"max_hp_gain":0,"max_hp_loss":0,"event_name":"Living Wall","floor":4,"gold_loss":0},{"damage_healed":0,"gold_gain":0,"player_choice":"Forge","damage_taken":0,"max_hp_gain":0,"max_hp_loss":0,"event_name":"Accursed Blacksmith","floor":5,"gold_loss":0,"cards_upgraded":["Zap"]},{"damage_healed":0,"gold_gain":0,"player_choice":"Fought Mushrooms","damage_taken":0,"max_hp_gain":0,"max_hp_loss":0,"event_name":"Mushrooms","floor":13,"gold_loss":0},{"damage_healed":0,"gold_gain":0,"player_choice":"Got Potions","damage_taken":0,"max_hp_gain":0,"max_hp_loss":0,"event_name":"Lab","floor":19,"gold_loss":0}],"is_beta":false,"boss_relics":[{"not_picked":["Tiny House","Snecko Eye"],"picked":"Orrery"}],"items_purged_floors":[14,20],"is_endless":false,"potions_floor_spawned":[2,3,8,12,13],"killed_by":"Chosen and Byrds","ascension_level":0}