{"gold_per_floor":[113,113,127,138,37,37,57,76,76,95,38,57,82,1,1,99,99,114,131,141,101,117,117,133,133,133,133,146,165,165,90,90,192,192,208,208,208],"floor_reached":37,"playtime":8346,"items_purged":[],"score":563,"play_id":"328af485-88e0-49b6-8b91-9ca473ad65bd","local_time":"20190119011120","is_ascension_mode":true,"campfire_choices":[{"data":"Steam","floor":6,"key":"SMITH"},{"data":"1","floor":15,"key":"LIFT"},{"floor":23,"key":"REST"},{"floor":25,"key":"REST"},{"data":"Hologram","floor":27,"key":"SMITH"},{"floor":32,"key":"REST"}],"neow_cost":"TEN_PERCENT_HP_LOSS","seed_source_timestamp":37919169453747,"circlet_count":0,"master_deck":["AscendersBane","Strike_B","Defend_B","Defend_B","Defend_B","Zap","Dualcast","All For One","Gash+1","Steam+1","Melter","Coolheaded","FTL","Sunder","Discovery+1","All For One","Glacier","Gash+1","Steam+1","Coolheaded","Hologram+1","Hologram","Hologram","Cold Snap+1","Rip and Tear+1","Hyperbeam+1","Streamline+1","Trip","Secret Weapon","Thinking Ahead"],"relics":["Cracked Core","Pear","Bag of Marbles","Girya","Inserter","Bottled Lightning","Astrolabe"],"potions_floor_usage":[12,13,13,13,13,16,24,29,33],"damage_taken":[{"damage":2,"enemies":"Jaw Worm","floor":1,"turns":3},{"damage":1,"enemies":"Cultist","floor":3,"turns":3},{"damage":9,"enemies":"2 Louse","floor":4,"turns":2},{"damage":7,"enemies":"Gremlin Gang","floor":7,"turns":7},{"damage":1,"enemies":"Looter","floor":8,"turns":4},{"damage":10,"enemies":"2 Fungi Beasts","floor":10,"turns":3},{"damage":0,"enemies":"Exordium Wildlife","floor":12,"turns":3},{"damage":5,"enemies":"Lagavulin","floor":13,"turns":3},{"damage":39,"enemies":"Hexaghost","floor":16,"turns":13},{"damage":9,"enemies":"2 Thieves","floor":18,"turns":3},{"damage":12,"enemies":"Shell Parasite","floor":19,"turns":5},{"damage":0,"enemies":"Chosen and Byrds","floor":20,"turns":4},{"damage":29,"enemies":"Snake Plant","floor":22,"turns":6},{"damage":14,"enemies":"Shelled Parasite and Fungi","floor":24,"turns":4},{"damage":6,"enemies":"Centurion and Healer","floor":28,"turns":5},{"damage":0,"enemies":"Sentry and Sphere","floor":29,"turns":2},{"damage":58,"enemies":"Automaton","floor":33,"turns":8},{"damage":18,"enemies":"3 Shapes","floor":35,"turns":12},{"damage":13,"enemies":"3 Darklings","floor":37,"turns":2}],"seed_played":"2811658987323955511","potions_obtained":[{"floor":3,"key":"SpeedPotion"},{"floor":8,"key":"PowerPotion"},{"floor":10,"key":"Block Potion"},{"floor":12,"key":"Energy Potion"},{"floor":16,"key":"Swift Potion"},{"floor":19,"key":"Swift Potion"},{"floor":22,"key":"SkillPotion"},{"floor":29,"key":"SteroidPotion"},{"floor":33,"key":"Strength Potion"}],"is_trial":false,"path_per_floor":["M","?","M","M","$","R","M","M","T","M","?","M","E","$","R","B",null,"M","M","M","?","M","R","M","R","T","R","M","M","?","?","R","B",null,"M","?","M"],"character_chosen":"DEFECT","items_purchased":["EntropicBrew","Discovery"],"campfire_rested":3,"item_purchase_floors":[5,14],"current_hp_per_floor":[66,66,65,56,56,56,49,48,58,48,48,48,43,43,43,4,60,51,39,39,39,10,33,19,42,42,42,36,36,36,36,59,1,59,41,31,18],"gold":208,"neow_bonus":"THREE_RARE_CARDS","is_prod":false,"is_daily":false,"chose_seed":false,"campfire_upgraded":2,"win_rate":0,"timestamp":1547878280,"path_taken":["M","?","M","?","$","R","M","M","T","M","?","?","E","$","R","BOSS","M","M","M","?","M","R","M","R","T","R","M","?","?","?","R","BOSS","M","?","M"],"build_version":"2019-01-17","purchased_purges":0,"victory":false,"max_hp_per_floor":[68,68,68,68,68,68,68,68,78,78,78,78,78,78,78,78,78,78,78,78,78,78,78,78,78,78,78,78,78,78,78,78,78,78,78,78,78],"card_choices":[{"not_picked":["Thunder Strike","Machine Learning"],"picked":"All For One","floor":0},{"not_picked":["Steam","Beam Cell"],"picked":"Gash","floor":1},{"not_picked":["Capacitor","Redo"],"picked":"Steam","floor":3},{"not_picked":["Heatsinks","Fusion"],"picked":"Melter","floor":4},{"not_picked":["Defragment","Redo","Compile Driver"],"picked":"SKIP","floor":7},{"not_picked":["Stack","Blizzard","Ball Lightning"],"picked":"SKIP","floor":8},{"not_picked":["Static Discharge","Conserve Battery"],"picked":"Coolheaded","floor":10},{"not_picked":["All For One","Streamline"],"picked":"FTL","floor":12},{"not_picked":["Aggregate","Barrage"],"picked":"Sunder","floor":13},{"not_picked":["Biased Cognition","Amplify"],"picked":"All For One","floor":16},{"not_picked":["Steam+1","Skim"],"picked":"Glacier","floor":18},{"not_picked":["Blizzard","Hologram"],"picked":"Gash+1","floor":19},{"not_picked":["Doom and Gloom","Compile Driver+1"],"picked":"Steam+1","floor":20},{"not_picked":["Hello World","Cold Snap+1"],"picked":"Coolheaded","floor":22},{"not_picked":["Stack","Gash"],"picked":"Hologram","floor":24},{"not_picked":["Sunder","Leap"],"picked":"Hologram","floor":28},{"not_picked":["Redo","Gash"],"picked":"Hologram","floor":29},{"not_picked":["Heatsinks+1","Sunder"],"picked":"Streamline+1","floor":35},{"not_picked":["Madness","Secret Technique"],"picked":"Trip","floor":36},{"not_picked":["Master of Strategy","PanicButton"],"picked":"Secret Weapon","floor":36},{"not_picked":["Swift Strike","Forethought"],"picked":"Thinking Ahead","floor":36}],"player_experience":512207,"relics_obtained":[{"floor":9,"key":"Pear"},{"floor":13,"key":"Girya"},{"floor":26,"key":"Bottled Lightning"}],"event_choices":[{"damage_healed":0,"gold_gain":0,"player_choice":"Upgraded","damage_taken":0,"max_hp_gain":0,"max_hp_loss":0,"event_name":"Upgrade Shrine","floor":2,"gold_loss":0,"cards_upgraded":["Gash"]},{"damage_healed":0,"gold_gain":0,"player_choice":"Paid Gold","damage_taken":0,"relics_obtained":["Bag of Marbles"],"max_hp_gain":0,"max_hp_loss":0,"event_name":"WeMeetAgain","floor":11,"gold_loss":57},{"damage_healed":0,"gold_gain":0,"player_choice":"Upgrade","damage_taken":0,"max_hp_gain":0,"max_hp_loss":0,"event_name":"Designer","floor":21,"gold_loss":40,"cards_upgraded":["Discovery"]},{"damage_healed":0,"gold_gain":0,"player_choice":"Ignored","damage_taken":0,"max_hp_gain":0,"max_hp_loss":0,"event_name":"Ghosts","floor":30,"gold_loss":0},{"cards_removed":["Strike_B"],"damage_healed":0,"gold_gain":0,"player_choice":"Gave Gold","damage_taken":0,"max_hp_gain":0,"max_hp_loss":0,"event_name":"Beggar","floor":31,"gold_loss":75},{"damage_healed":0,"gold_gain":0,"player_choice":"Memory 3","damage_taken":10,"max_hp_gain":0,"max_hp_loss":0,"event_name":"SensoryStone","floor":36,"gold_loss":0}],"is_beta":true,"boss_relics":[{"not_picked":["Runic Pyramid","Snecko Eye"],"picked":"Inserter"},{"not_picked":["Eternal Feather","Coffee Dripper"],"picked":"Astrolabe"}],"items_purged_floors":[],"is_endless":false,"potions_floor_spawned":[3,8,10,12,16,19,20,22,29,33],"killed_by":"3 Darklings","ascension_level":10}