{"gold_per_floor":[109,284,304,94,94,129,129,158,158,158,174,237,257,177,177,282,282,297,307,12,31,31,63,63,63],"floor_reached":25,"playtime":2345,"items_purged":["Doubt"],"score":267,"play_id":"417045a9-2c1a-435c-a3e1-d750e894140d","local_time":"20181026180138","is_ascension_mode":true,"campfire_choices":[{"data":"Footwork","floor":7,"key":"SMITH"},{"data":"Blade Dance","floor":10,"key":"SMITH"},{"floor":15,"key":"REST"},{"floor":24,"key":"REST"}],"neow_cost":"NONE","seed_source_timestamp":1381846018922570,"circlet_count":0,"master_deck":["Defend_G","Defend_G","Defend_G","Defend_G","Defend_G","Strike_G","Strike_G","Strike_G","Strike_G","Strike_G","Survivor","Neutralize","All Out Attack","Blade Dance+1","Blade Dance","Footwork+1","Dodge and Roll","Dodge and Roll","Accuracy","Blur","Infinite Blades","Venomology","Deflect","Cloak And Dagger","Footwork","Cloak And Dagger"],"relics":["Ring of the Snake","NeowsBlessing","Paper Crane","Odd Mushroom","Omamori","Tiny Chest","Eternal Feather","Ninja Scroll","Question Card"],"potions_floor_usage":[8,12,12,16,19,21,21,23,23,25],"damage_taken":[{"damage":0,"enemies":"Small Slimes","floor":1,"turns":1},{"damage":0,"enemies":"2 Louse","floor":3,"turns":1},{"damage":0,"enemies":"3 Sentries","floor":6,"turns":1},{"damage":21,"enemies":"The Mushroom Lair","floor":8,"turns":6},{"damage":0,"enemies":"Cultist","floor":11,"turns":4},{"damage":7,"enemies":"Lagavulin","floor":12,"turns":7},{"damage":4,"enemies":"Red Slaver","floor":13,"turns":6},{"damage":3,"enemies":"The Guardian","floor":16,"turns":14},{"damage":11,"enemies":"3 Byrds","floor":18,"turns":7},{"damage":4,"enemies":"Shell Parasite","floor":19,"turns":6},{"damage":10,"enemies":"Sentry and Sphere","floor":21,"turns":8},{"damage":44,"enemies":"Slavers","floor":23,"turns":9},{"damage":39,"enemies":"Book of Stabbing","floor":25,"turns":10}],"seed_played":"8456013043511318759","potions_obtained":[{"floor":6,"key":"Strength Potion"},{"floor":8,"key":"Dexterity Potion"},{"floor":11,"key":"LiquidBronze"},{"floor":13,"key":"PowerPotion"},{"floor":16,"key":"GamblersBrew"},{"floor":21,"key":"Strength Potion"}],"is_trial":false,"path_per_floor":["M","?","M","$","?","E","R","?","T","R","M","E","M","$","R","B",null,"M","M","$","M","?","E","R"],"character_chosen":"THE_SILENT","items_purchased":["Blade Dance","Footwork","Block Potion","Infinite Blades","Ninja Scroll","Cloak And Dagger"],"campfire_rested":2,"item_purchase_floors":[4,4,4,14,20,20],"current_hp_per_floor":[70,70,70,70,70,70,70,49,49,49,49,42,38,38,59,56,70,59,55,55,45,45,1,37,0],"gold":63,"neow_bonus":"THREE_ENEMY_KILL","is_prod":false,"is_daily":false,"chose_seed":false,"campfire_upgraded":2,"win_rate":0,"timestamp":1540598498,"path_taken":["M","?","?","$","?","E","R","?","T","R","M","E","M","$","R","BOSS","M","M","$","M","?","E","R","E"],"build_version":"2018-10-25v2","purchased_purges":1,"victory":false,"max_hp_per_floor":[70,70,70,70,70,70,70,70,70,70,70,70,70,70,70,70,70,70,70,70,70,70,70,70,70],"card_choices":[{"not_picked":["Poisoned Stab","Deflect"],"picked":"All Out Attack","floor":1},{"not_picked":["Reflex","All Out Attack"],"picked":"Blade Dance","floor":3},{"not_picked":["Heel Hook","Deflect"],"picked":"Dodge and Roll","floor":6},{"not_picked":["Eviscerate","Deflect"],"picked":"Dodge and Roll","floor":8},{"not_picked":["Masterful Stab","Bane","Acrobatics"],"picked":"SKIP","floor":11},{"not_picked":["Storm of Steel","Prepared"],"picked":"Accuracy","floor":12},{"not_picked":["Distraction","All Out Attack"],"picked":"Blur","floor":13},{"not_picked":["Malaise","Wraith Form v2"],"picked":"Venomology","floor":16},{"not_picked":["Bouncing Flask","Catalyst"],"picked":"Deflect","floor":18},{"not_picked":["Slice+1","Skewer","Sucker Punch"],"picked":"SKIP","floor":19},{"not_picked":["Noxious Fumes+1","Eviscerate"],"picked":"Footwork","floor":21},{"not_picked":["Concentrate+1","Dagger Throw"],"picked":"Cloak And Dagger","floor":23}],"player_experience":873712,"relics_obtained":[{"floor":6,"key":"Paper Crane"},{"floor":8,"key":"Odd Mushroom"},{"floor":9,"key":"Omamori"},{"floor":12,"key":"Tiny Chest"},{"floor":23,"key":"Question Card"}],"event_choices":[{"damage_healed":0,"gold_gain":175,"player_choice":"AGREE","damage_taken":0,"max_hp_gain":0,"max_hp_loss":0,"event_name":"Liars Game","floor":2,"gold_loss":0,"cards_obtained":["Doubt"]},{"damage_healed":0,"gold_gain":0,"player_choice":"Fled","damage_taken":0,"max_hp_gain":0,"max_hp_loss":0,"event_name":"Scrap Ooze","floor":5,"gold_loss":0},{"damage_healed":0,"gold_gain":0,"player_choice":"Fought Mushrooms","damage_taken":0,"max_hp_gain":0,"max_hp_loss":0,"event_name":"Mushrooms","floor":8,"gold_loss":0}],"is_beta":false,"boss_relics":[{"not_picked":["Velvet Choker","Runic Pyramid"],"picked":"Eternal Feather"}],"items_purged_floors":[4],"is_endless":false,"potions_floor_spawned":[6,8,11,13,16,21],"killed_by":"Book of Stabbing","ascension_level":1}