{"gold_per_floor":[111,111,126,49,69,79,91,109,133,153,153,153,153,173,173,276,276,287,298,144,164,164,183,183,183,206,206,216,61,71,82,82,82],"floor_reached":33,"playtime":1922,"items_purged":[],"score":270,"play_id":"cb51bdd6-59e2-4ec3-a3b7-60599d79d6dd","local_time":"20190325113257","is_ascension_mode":false,"campfire_choices":[{"floor":12,"key":"REST"},{"data":"Caltrops","floor":15,"key":"SMITH"},{"data":"Dark Embrace","floor":24,"key":"SMITH"},{"data":"Adrenaline","floor":27,"key":"SMITH"},{"floor":32,"key":"REST"}],"neow_cost":"NONE","seed_source_timestamp":443143091490189,"circlet_count":0,"master_deck":["Defend_G","Defend_G","Defend_G","Defend_G","Defend_G","Survivor+1","Neutralize","Bouncing Flask","Dagger Throw","Dagger Throw","Crippling Poison","Caltrops","Cloak And Dagger","Caltrops+1","Deflect","Dark Embrace+1","PiercingWail","Adrenaline+1","Well Laid Plans","Blur+1","Noxious Fumes","Backstab","Crippling Poison","Bite","Bite","Bite","Bite","Bite","Dash","Cloak And Dagger","Adrenaline","Dash","Blade Dance"],"relics":["Ring of the Snake"],"potions_floor_usage":[8,16,19,23,23,23,31,33],"damage_taken":[{"damage":2,"enemies":"2 Louse","floor":1,"turns":2},{"damage":0,"enemies":"Cultist","floor":3,"turns":3},{"damage":0,"enemies":"Small Slimes","floor":5,"turns":3},{"damage":0,"enemies":"2 Fungi Beasts","floor":6,"turns":4},{"damage":24,"enemies":"Exordium Thugs","floor":7,"turns":6},{"damage":2,"enemies":"Gremlin Gang","floor":8,"turns":5},{"damage":16,"enemies":"Exordium Wildlife","floor":10,"turns":5},{"damage":5,"enemies":"Large Slime","floor":14,"turns":7},{"damage":17,"enemies":"Hexaghost","floor":16,"turns":9},{"damage":13,"enemies":"Spheric Guardian","floor":18,"turns":6},{"damage":20,"enemies":"Chosen","floor":19,"turns":7},{"damage":5,"enemies":"Centurion and Healer","floor":21,"turns":9},{"damage":11,"enemies":"Snake Plant","floor":23,"turns":3},{"damage":39,"enemies":"Shelled Parasite and Fungi","floor":28,"turns":7},{"damage":6,"enemies":"Cultist and Chosen","floor":30,"turns":7},{"damage":9,"enemies":"Snake Plant","floor":31,"turns":3},{"damage":69,"enemies":"Champ","floor":33,"turns":16}],"seed_played":"8763267408782226559","potions_obtained":[{"floor":1,"key":"Fire Potion"},{"floor":7,"key":"PowerPotion"},{"floor":14,"key":"GamblersBrew"},{"floor":16,"key":"SkillPotion"},{"floor":18,"key":"Poison Potion"},{"floor":23,"key":"Fruit Juice"},{"floor":30,"key":"LiquidBronze"},{"floor":31,"key":"Weak Potion"}],"is_trial":false,"path_per_floor":["M","?","M","$","M","M","M","M","T","M","?","R","?","M","R","B",null,"M","M","$","M","?","M","R","?","T","R","M","$","M","M","R","B"],"character_chosen":"THE_SILENT","items_purchased":["Crippling Poison","Noxious Fumes","Backstab","Adrenaline","Dash"],"campfire_rested":2,"item_purchase_floors":[4,20,20,29,29],"current_hp_per_floor":[68,68,68,68,68,68,44,42,42,26,26,47,47,42,42,25,70,57,37,37,32,32,30,30,54,54,54,25,25,29,22,38,0],"gold":82,"neow_bonus":"THREE_CARDS","is_prod":false,"is_daily":false,"chose_seed":false,"campfire_upgraded":3,"win_rate":0,"timestamp":1553535177,"path_taken":["M","?","M","?","M","M","M","M","T","M","?","R","?","M","R","BOSS","M","M","?","M","?","M","R","?","T","R","M","$","M","?","R","BOSS"],"build_version":"2019-01-23","purchased_purges":0,"victory":false,"max_hp_per_floor":[70,70,70,70,70,70,70,70,70,70,70,70,70,70,70,70,70,70,70,70,70,49,54,54,54,54,54,54,54,54,54,54,54],"card_choices":[{"not_picked":["Deflect","Riddle With Holes"],"picked":"Bouncing Flask","floor":0},{"not_picked":["Masterful Stab","Quick Slash"],"picked":"Dagger Throw","floor":1},{"not_picked":["Quick Slash","Underhanded Strike"],"picked":"Dagger Throw","floor":3},{"not_picked":["Heel Hook","Deflect"],"picked":"Caltrops","floor":5},{"not_picked":["Escape Plan","Outmaneuver"],"picked":"Cloak And Dagger","floor":6},{"not_picked":["Deflect","Flying Knee"],"picked":"Caltrops","floor":7},{"not_picked":["Venomology","Concentrate"],"picked":"Deflect","floor":8},{"not_picked":["Blade Dance","Prepared"],"picked":"Distraction","floor":10},{"not_picked":["Dagger Spray","Poisoned Stab"],"picked":"PiercingWail","floor":14},{"not_picked":["Unload","Doppelganger"],"picked":"Adrenaline","floor":16},{"not_picked":["Acrobatics+1","Deadly Poison+1"],"picked":"Well Laid Plans","floor":18},{"not_picked":["Predator","Sucker Punch"],"picked":"Blur+1","floor":19},{"not_picked":["Bouncing Flask","Endless Agony+1"],"picked":"Crippling Poison","floor":21},{"not_picked":["Deflect+1","Sucker Punch"],"picked":"Dash","floor":23},{"not_picked":["Bane","Expertise"],"picked":"Cloak And Dagger","floor":28},{"not_picked":["Riddle With Holes","Quick Slash+1","Eviscerate"],"picked":"SKIP","floor":30},{"not_picked":["Flying Knee","Storm of Steel"],"picked":"Blade Dance","floor":31}],"player_experience":1689795,"relics_obtained":[],"event_choices":[{"damage_healed":0,"gold_gain":0,"player_choice":"Forge","damage_taken":0,"max_hp_gain":0,"max_hp_loss":0,"event_name":"Accursed Blacksmith","floor":2,"gold_loss":0,"cards_upgraded":["Survivor"]},{"damage_healed":0,"gold_gain":0,"player_choice":"Searched \u00270\u0027 times","damage_taken":0,"max_hp_gain":0,"max_hp_loss":0,"event_name":"Dead Adventurer","floor":11,"gold_loss":0},{"cards_removed":["Strike_G"],"damage_healed":0,"gold_gain":0,"player_choice":"Took Card","damage_taken":0,"max_hp_gain":0,"max_hp_loss":0,"event_name":"NoteForYourself","floor":13,"gold_loss":0,"cards_obtained":["Dark Embrace"]},{"damage_healed":0,"gold_gain":0,"player_choice":"Became a vampire","damage_taken":0,"max_hp_gain":0,"max_hp_loss":21,"event_name":"Vampires","floor":22,"gold_loss":0,"cards_obtained":["Bite","Bite","Bite","Bite","Bite"]},{"cards_removed":["Distraction"],"damage_healed":24,"gold_gain":0,"player_choice":"Offered Uncommon","damage_taken":0,"max_hp_gain":0,"max_hp_loss":0,"event_name":"Bonfire Elementals","floor":25,"gold_loss":0}],"is_beta":false,"boss_relics":[{"not_picked":["Busted Crown","Coffee Dripper","Empty Cage"]}],"items_purged_floors":[],"is_endless":false,"potions_floor_spawned":[1,7,14,16,18,23,30,31],"killed_by":"Champ","ascension_level":0}