{"gold_per_floor":[365,377,395,16,33,33,51,86,113,132,161,9,25,51,51,151,151,171,1,1,11,11,39,39,51,51,81,81,92,92,122,122,220,220,231,331,348,348],"floor_reached":38,"playtime":1531,"items_purged":["Writhe"],"score":609,"play_id":"73a29ba8-ec91-448c-9d59-7f20e421a297","local_time":"20181005053527","is_ascension_mode":true,"campfire_choices":[{"floor":15,"key":"REST"},{"floor":24,"key":"REST"},{"floor":30,"key":"REST"},{"floor":32,"key":"REST"}],"neow_cost":"CURSE","seed_source_timestamp":44089075443178,"circlet_count":0,"master_deck":["Defend_G","Defend_G+1","Defend_G","Defend_G","Defend_G","Strike_G","Strike_G","Strike_G","Strike_G","Strike_G","Survivor","Neutralize","Footwork","Backflip+1","Footwork","Die Die Die","Deflect","Distraction","Envenom","Bane","Quick Slash","Blade Dance","Catalyst","Adrenaline","Deadly Poison","Footwork","Deadly Poison+1","Acrobatics+1","Poisoned Stab+1","Prepared","Dodge and Roll","Catalyst+1","Distraction+1","Envenom","Backflip+1","Well Laid Plans","Deflect","Cloak And Dagger+1","Setup","After Image","Adrenaline","Dodge and Roll"],"relics":["Ring of the Snake","PreservedInsect","Dream Catcher","Ancient Tea Set","Oddly Smooth Stone","Fusion Hammer","Nloth\u0027s Gift","Juzu Bracelet","StoneCalendar","Art of War","Nunchaku","Orrery"],"potions_floor_usage":[8,11,11,14,14,14,23,23,31,31,33,35,38],"damage_taken":[{"damage":3,"enemies":"2 Louse","floor":1,"turns":4},{"damage":8,"enemies":"Small Slimes","floor":2,"turns":5},{"damage":0,"enemies":"Cultist","floor":3,"turns":5},{"damage":3,"enemies":"2 Fungi Beasts","floor":5,"turns":3},{"damage":0,"enemies":"Lots of Slimes","floor":7,"turns":1},{"damage":8,"enemies":"Gremlin Nob","floor":8,"turns":3},{"damage":1,"enemies":"Large Slime","floor":10,"turns":11},{"damage":12,"enemies":"Lagavulin","floor":11,"turns":8},{"damage":4,"enemies":"Blue Slaver","floor":13,"turns":5},{"damage":0,"enemies":"3 Sentries","floor":14,"turns":2},{"damage":19,"enemies":"Slime Boss","floor":16,"turns":10},{"damage":4,"enemies":"Shell Parasite","floor":18,"turns":6},{"damage":6,"enemies":"3 Byrds","floor":21,"turns":5},{"damage":0,"enemies":"Slavers","floor":23,"turns":3},{"damage":16,"enemies":"Snake Plant","floor":25,"turns":3},{"damage":2,"enemies":"Book of Stabbing","floor":27,"turns":6},{"damage":13,"enemies":"Snecko","floor":29,"turns":6},{"damage":15,"enemies":"Slavers","floor":31,"turns":4},{"damage":59,"enemies":"Collector","floor":33,"turns":9},{"damage":33,"enemies":"3 Darklings","floor":35,"turns":6},{"damage":23,"enemies":"3 Shapes","floor":37,"turns":4},{"damage":15,"enemies":"Jaw Worm Horde","floor":38,"turns":3}],"seed_played":"2300136861808879588","potions_obtained":[{"floor":2,"key":"FearPotion"},{"floor":8,"key":"FearPotion"},{"floor":10,"key":"Block Potion"},{"floor":11,"key":"Dexterity Potion"},{"floor":16,"key":"SkillPotion"},{"floor":23,"key":"AttackPotion"},{"floor":29,"key":"Dexterity Potion"},{"floor":33,"key":"AttackPotion"},{"floor":37,"key":"Block Potion"}],"is_trial":false,"path_per_floor":["M","M","M","$","M","?","M","E","T","M","E","$","M","E","R","B",null,"M","$","?","M","$","E","R","M","T","E","?","M","R","E","R","B",null,"M","?","M"],"character_chosen":"THE_SILENT","items_purchased":["PreservedInsect","Die Die Die","Bane","Strength Potion","AttackPotion","Footwork","Fire Potion","Fire Potion"],"campfire_rested":4,"item_purchase_floors":[4,4,12,12,12,19,19,19],"current_hp_per_floor":[67,59,59,59,56,56,56,48,48,47,35,35,31,31,52,33,70,66,66,66,60,60,60,70,54,54,52,52,39,60,45,66,7,70,37,37,14,0],"gold":348,"neow_bonus":"TWO_FIFTY_GOLD","is_prod":false,"is_daily":false,"chose_seed":false,"campfire_upgraded":0,"win_rate":0,"timestamp":1538732127,"path_taken":["M","M","M","$","M","?","M","E","T","M","E","$","M","E","R","BOSS","M","$","?","?","?","E","R","M","T","E","?","M","R","E","R","BOSS","M","?","M","M"],"build_version":"2018-10-04","purchased_purges":1,"victory":false,"max_hp_per_floor":[70,70,70,70,70,70,70,70,70,70,70,70,70,70,70,70,70,70,70,70,70,70,70,70,70,70,70,70,70,70,70,70,70,70,70,70,70,70],"card_choices":[{"not_picked":["Dodge and Roll","Acrobatics"],"picked":"Footwork","floor":1},{"not_picked":["Dodge and Roll","Catalyst"],"picked":"Backflip","floor":2},{"not_picked":["Deflect","Prepared"],"picked":"Footwork","floor":3},{"not_picked":["Expertise","Dodge and Roll"],"picked":"Deflect","floor":5},{"not_picked":["Tactician","Setup","Cloak And Dagger"],"picked":"SKIP","floor":7},{"not_picked":["Catalyst","Endless Agony"],"picked":"Distraction","floor":8},{"not_picked":["Underhanded Strike","Accuracy","All Out Attack"],"picked":"SKIP","floor":10},{"not_picked":["PiercingWail","Bane"],"picked":"Envenom","floor":11},{"not_picked":["Infinite Blades","Dodge and Roll"],"picked":"Quick Slash","floor":13},{"not_picked":["Outmaneuver","Finisher"],"picked":"Blade Dance","floor":14},{"not_picked":["Blade Dance","Acrobatics"],"picked":"Catalyst","floor":15},{"not_picked":["Bullet Time","Storm of Steel"],"picked":"Adrenaline","floor":16},{"not_picked":["Deflect","Blur"],"picked":"Deadly Poison","floor":18},{"not_picked":["Dodge and Roll","Dagger Spray"],"picked":"Deadly Poison+1","floor":21},{"not_picked":["Deflect","Dodge and Roll+1"],"picked":"Acrobatics+1","floor":23},{"not_picked":["Quick Slash","PiercingWail"],"picked":"Poisoned Stab+1","floor":24},{"not_picked":["Expertise","Quick Slash"],"picked":"Prepared","floor":25},{"not_picked":["Deflect","Bullet Time"],"picked":"Dodge and Roll","floor":27},{"not_picked":["Sucker Punch","Finisher"],"picked":"Catalyst+1","floor":29},{"not_picked":["Sucker Punch+1","Quick Slash"],"picked":"Distraction+1","floor":30},{"not_picked":["Glass Knife","Cloak And Dagger"],"picked":"Envenom","floor":31},{"not_picked":["Tactician+1","PiercingWail"],"picked":"Backflip+1","floor":32},{"not_picked":["Flying Knee","Dagger Throw+1"],"picked":"Well Laid Plans","floor":34},{"not_picked":["Skewer","Slice"],"picked":"Deflect","floor":34},{"not_picked":["Leg Sweep","Poisoned Stab"],"picked":"Cloak And Dagger+1","floor":34},{"not_picked":["Accuracy","Flying Knee"],"picked":"Setup","floor":34},{"not_picked":["Backflip","Dagger Throw"],"picked":"After Image","floor":34},{"not_picked":["Escape Plan","Poisoned Stab"],"picked":"Adrenaline","floor":35},{"not_picked":["Dagger Throw+1","PiercingWail"],"picked":"Dodge and Roll","floor":37}],"player_experience":296929,"relics_obtained":[{"floor":8,"key":"Dream Catcher"},{"floor":9,"key":"War Paint"},{"floor":11,"key":"Ancient Tea Set"},{"floor":14,"key":"Oddly Smooth Stone"},{"floor":23,"key":"Juzu Bracelet"},{"floor":26,"key":"StoneCalendar"},{"floor":27,"key":"Art of War"},{"floor":31,"key":"Nunchaku"}],"event_choices":[{"event_name":"The Cleric","player_choice":"Leave","floor":6,"damage_taken":0},{"event_name":"N\u0027loth","player_choice":"Traded a War Paint","floor":20,"damage_taken":0},{"event_name":"Ghosts","player_choice":"Ignored","floor":28,"damage_taken":0},{"event_name":"Golden Shrine","player_choice":"Pray","floor":36,"damage_taken":0}],"is_beta":true,"boss_relics":[{"not_picked":["White Beast Statue","Lizard Tail"],"picked":"Fusion Hammer"},{"not_picked":["WristBlade","Snecko Eye"],"picked":"Orrery"}],"items_purged_floors":[4],"is_endless":false,"potions_floor_spawned":[2,8,10,11,16,23,29,33,37],"killed_by":"Jaw Worm Horde","ascension_level":2}