{"gold_per_floor":[109,109,109,119,131,163,163,182,212,229,229,257,270,288,288,383,383,402,402,414,514,533,565,565],"floor_reached":24,"playtime":2083,"items_purged":[],"score":230,"play_id":"63b7862c-0904-4cb0-8630-4825aad94e19","local_time":"20190201005855","is_ascension_mode":false,"campfire_choices":[{"floor":7,"key":"REST"},{"floor":11,"key":"REST"},{"data":"Zap","floor":15,"key":"SMITH"}],"neow_cost":"PERCENT_DAMAGE","seed_source_timestamp":265752116383190,"circlet_count":0,"master_deck":["Zap+1","Dualcast","Sweeping Beam","Ball Lightning+1","Ball Lightning+1","Thunder Strike+1","Rainbow","Defragment","Echo Form","Leap","Defragment","Gash+1"],"relics":["Cracked Core","Regal Pillow","Tiny Chest","Molten Egg 2","Pandora\u0027s Box","Gremlin Horn"],"potions_floor_usage":[6,24,24,24],"damage_taken":[{"damage":0,"enemies":"Small Slimes","floor":1,"turns":3},{"damage":6,"enemies":"Jaw Worm","floor":4,"turns":3},{"damage":0,"enemies":"Cultist","floor":5,"turns":3},{"damage":18,"enemies":"Lagavulin","floor":6,"turns":6},{"damage":0,"enemies":"Large Slime","floor":8,"turns":5},{"damage":6,"enemies":"2 Fungi Beasts","floor":10,"turns":4},{"damage":26,"enemies":"3 Sentries","floor":12,"turns":6},{"damage":9,"enemies":"Red Slaver","floor":13,"turns":4},{"damage":2,"enemies":"Blue Slaver","floor":14,"turns":3},{"damage":48,"enemies":"The Guardian","floor":16,"turns":8},{"damage":19,"enemies":"Spheric Guardian","floor":18,"turns":4},{"damage":18,"enemies":"3 Byrds","floor":20,"turns":3},{"damage":18,"enemies":"Centurion and Healer","floor":22,"turns":5},{"damage":32,"enemies":"Gremlin Leader","floor":23,"turns":4},{"damage":7,"enemies":"Snake Plant","floor":24,"turns":1}],"seed_played":"5393422492600628241","potions_obtained":[{"floor":4,"key":"SteroidPotion"},{"floor":5,"key":"Ancient Potion"},{"floor":13,"key":"Swift Potion"},{"floor":14,"key":"Strength Potion"},{"floor":23,"key":"Fire Potion"}],"is_trial":false,"path_per_floor":["?","?","?","?"],"character_chosen":"DEFECT","items_purchased":[],"campfire_rested":2,"item_purchase_floors":[],"current_hp_per_floor":[68,68,50,44,44,26,67,67,67,61,89,63,54,52,52,4,89,70,70,52,52,34,2,0],"gold":565,"neow_bonus":"TWENTY_PERCENT_HP_BONUS","is_prod":false,"is_daily":false,"chose_seed":false,"campfire_upgraded":1,"win_rate":0.0,"timestamp":1549000735,"path_taken":["M","?","?","M","M","E","R","M","T","M","R","E","M","M","R","BOSS","M","?","M","?","M","E","M"],"build_version":"2019-01-23","purchased_purges":0,"victory":false,"max_hp_per_floor":[89,89,89,89,89,89,89,89,89,89,89,89,89,89,89,89,89,89,89,89,89,89,89,89],"card_choices":[{"not_picked":["Steam","Undo","Streamline"],"picked":"SKIP","floor":1},{"not_picked":["Tempest","Hologram","Barrage"],"picked":"SKIP","floor":4},{"not_picked":["Steam","Buffer","Reprogram"],"picked":"SKIP","floor":5},{"not_picked":["Tempest","Force Field","Auto Shields"],"picked":"SKIP","floor":6},{"not_picked":["Undo","Barrage","Beam Cell"],"picked":"SKIP","floor":8},{"not_picked":["Go for the Eyes","Turbo"],"picked":"Sweeping Beam","floor":10},{"not_picked":["Rainbow","Darkness","Stack"],"picked":"SKIP","floor":12},{"not_picked":["Sweeping Beam+1","Compile Driver+1"],"picked":"Ball Lightning+1","floor":13},{"not_picked":["Turbo","Rebound+1"],"picked":"Ball Lightning+1","floor":14},{"not_picked":["Turbo","Recycle+1","Stack"],"picked":"SKIP","floor":18},{"not_picked":["Recycle+1","Compile Driver+1"],"picked":"Gash+1","floor":20},{"not_picked":["Force Field","Streamline+1","Fusion"],"picked":"SKIP","floor":22},{"not_picked":["Go for the Eyes+1","Coolheaded","Barrage+1"],"picked":"SKIP","floor":23}],"player_experience":113353,"relics_obtained":[{"floor":6,"key":"Regal Pillow"},{"floor":9,"key":"Tiny Chest"},{"floor":12,"key":"Molten Egg 2"},{"floor":23,"key":"Gremlin Horn"}],"event_choices":[{"cards_removed":["Defend_B"],"damage_healed":0,"gold_gain":0,"player_choice":"Forget","damage_taken":0,"max_hp_gain":0,"max_hp_loss":0,"event_name":"Living Wall","floor":2,"gold_loss":0},{"damage_healed":0,"gold_gain":0,"player_choice":"Entered Light","damage_taken":18,"max_hp_gain":0,"max_hp_loss":0,"event_name":"Shining Light","floor":3,"gold_loss":0,"cards_upgraded":["Strike_B","Defend_B"]},{"cards_removed":["Fusion"],"damage_healed":0,"gold_gain":0,"player_choice":"Elegance","damage_taken":0,"max_hp_gain":0,"max_hp_loss":0,"event_name":"Back to Basics","floor":19,"gold_loss":0},{"damage_healed":0,"gold_gain":100,"player_choice":"Pray","damage_taken":0,"max_hp_gain":0,"max_hp_loss":0,"event_name":"Golden Shrine","floor":21,"gold_loss":0}],"is_beta":false,"boss_relics":[{"not_picked":["FrozenCore","Nuclear Battery"],"picked":"Pandora\u0027s Box"}],"items_purged_floors":[],"is_endless":false,"potions_floor_spawned":[4,5,13,14,18,22,23],"killed_by":"Snake Plant","ascension_level":0}