{"gold_per_floor":[13,26,26,101,23,23,33,33,57,73,73,73,38,69,69,168,168,185,185,185,185,204,218,0,16,16,16,16,42,42,56,56,56],"floor_reached":33,"playtime":1275,"items_purged":[],"score":367,"play_id":"c210f6e7-723f-4fe2-9862-7ba4c405ee0c","local_time":"20181113104139","is_ascension_mode":true,"campfire_choices":[{"data":"Zap","floor":6,"key":"SMITH"},{"data":"Glacier","floor":11,"key":"SMITH"},{"data":"Rainbow","floor":15,"key":"SMITH"},{"data":"Ghostly","floor":28,"key":"SMITH"},{"data":"Ghostly","floor":32,"key":"SMITH"}],"neow_cost":"NO_GOLD","seed_source_timestamp":2915357158534267,"circlet_count":0,"master_deck":["Strike_B","Strike_B","Strike_B","Strike_B","Defend_B","Defend_B","Defend_B","Defend_B","Zap+1","Dualcast","Lockon","BootSequence","Stack","Sweeping Beam","Auto Shields","Regret","Glacier+1","Rainbow+1","Thunder Strike","Redo+1","Reinforced Body","Ball Lightning","Go for the Eyes","Ghostly+1","Ghostly+1","Ghostly","Ghostly","Ghostly","Consume","Stack"],"relics":["Cracked Core","Art of War","Bronze Scales","Meat on the Bone","Omamori","Nuclear Battery","Nilry\u0027s Codex","Molten Egg 2","Mummified Hand"],"potions_floor_usage":[16,22,23,25,31,33],"damage_taken":[{"damage":5,"enemies":"Small Slimes","floor":1,"turns":3},{"damage":0,"enemies":"2 Louse","floor":2,"turns":1},{"damage":0,"enemies":"Jaw Worm","floor":7,"turns":3},{"damage":3,"enemies":"3 Louse","floor":10,"turns":3},{"damage":11,"enemies":"3 Sentries","floor":14,"turns":8},{"damage":10,"enemies":"The Guardian","floor":16,"turns":12},{"damage":12,"enemies":"Shell Parasite","floor":18,"turns":5},{"damage":21,"enemies":"Colosseum Slavers","floor":20,"turns":4},{"damage":0,"enemies":"3 Byrds","floor":22,"turns":2},{"damage":21,"enemies":"Cultist and Chosen","floor":23,"turns":6},{"damage":3,"enemies":"Sentry and Sphere","floor":25,"turns":4},{"damage":3,"enemies":"Slavers","floor":29,"turns":5},{"damage":19,"enemies":"3 Cultists","floor":31,"turns":5},{"damage":46,"enemies":"Collector","floor":33,"turns":11}],"seed_played":"7105099608729727253","potions_obtained":[{"floor":1,"key":"Energy Potion"},{"floor":14,"key":"FearPotion"},{"floor":21,"key":"Explosive Potion"},{"floor":21,"key":"Fire Potion"},{"floor":25,"key":"Strength Potion"},{"floor":29,"key":"GamblersBrew"}],"is_trial":false,"path_per_floor":["M","M","?","?","$","R","M","?","T","M","R","T","?","E","R","B",null,"M","?","?","?","M","M","?","M","T","?","R","E","$","M","R","B"],"character_chosen":"DEFECT","items_purchased":["Stack","Sweeping Beam"],"campfire_rested":0,"item_purchase_floors":[5,5],"current_hp_per_floor":[77,77,77,66,66,66,66,66,66,63,63,63,85,74,74,64,83,71,55,46,46,46,37,37,46,46,44,44,41,41,34,34,0],"gold":56,"neow_bonus":"TWENTY_PERCENT_HP_BONUS","is_prod":false,"is_daily":false,"chose_seed":false,"campfire_upgraded":5,"win_rate":0,"timestamp":1542130899,"path_taken":["M","M","?","?","?","R","M","?","T","?","R","?","?","E","R","BOSS","M","?","?","?","?","M","?","M","T","?","R","E","?","M","R","BOSS"],"build_version":"2018-11-08","purchased_purges":0,"victory":false,"max_hp_per_floor":[89,89,89,89,89,89,89,89,89,89,89,89,89,89,89,89,89,89,89,89,89,89,89,89,89,89,44,44,44,44,44,44,44],"card_choices":[{"not_picked":["Steam","Storm"],"picked":"Lockon","floor":1},{"not_picked":["Coolheaded","Streamline"],"picked":"BootSequence","floor":2},{"not_picked":["Beam Cell","Force Field"],"picked":"Auto Shields","floor":7},{"not_picked":["Compile Driver","Darkness"],"picked":"Glacier","floor":10},{"not_picked":["Rebound","Double Energy"],"picked":"Rainbow","floor":14},{"not_picked":["Machine Learning","Core Surge"],"picked":"Thunder Strike","floor":16},{"not_picked":["Streamline","Consume"],"picked":"Redo+1","floor":18},{"not_picked":["Chill","Barrage"],"picked":"Reinforced Body","floor":22},{"not_picked":["Barrage","Hologram"],"picked":"Ball Lightning","floor":23},{"not_picked":["Gash+1","Redo"],"picked":"Go for the Eyes","floor":25},{"not_picked":["Beam Cell+1","Rebound+1"],"picked":"Consume","floor":29},{"not_picked":["Meteor Strike+1","Steam+1"],"picked":"Stack","floor":31}],"player_experience":1060230,"relics_obtained":[{"floor":9,"key":"Bronze Scales"},{"floor":12,"key":"Meat on the Bone"},{"floor":14,"key":"Omamori"},{"floor":19,"key":"Nilry\u0027s Codex"},{"floor":26,"key":"Molten Egg 2"},{"floor":29,"key":"Mummified Hand"}],"event_choices":[{"damage_healed":0,"gold_gain":0,"player_choice":"Ignored","damage_taken":0,"max_hp_gain":0,"max_hp_loss":0,"event_name":"Golden Wing","floor":3,"gold_loss":0},{"damage_healed":0,"gold_gain":75,"player_choice":"Gather Gold","damage_taken":11,"max_hp_gain":0,"max_hp_loss":0,"event_name":"World of Goop","floor":4,"gold_loss":0},{"damage_healed":0,"gold_gain":0,"player_choice":"Box","damage_taken":0,"relics_obtained":["Art of War"],"max_hp_gain":0,"max_hp_loss":0,"event_name":"Big Fish","floor":8,"gold_loss":0,"cards_obtained":["Regret"]},{"damage_healed":22,"gold_gain":0,"player_choice":"Healed","damage_taken":0,"max_hp_gain":0,"max_hp_loss":0,"event_name":"The Cleric","floor":13,"gold_loss":35},{"damage_healed":0,"gold_gain":0,"player_choice":"Obtained Book","damage_taken":16,"max_hp_gain":0,"max_hp_loss":0,"event_name":"Cursed Tome","floor":19,"gold_loss":0},{"damage_healed":0,"gold_gain":0,"player_choice":"Fight","damage_taken":0,"max_hp_gain":0,"max_hp_loss":0,"event_name":"Colosseum","floor":20,"gold_loss":0},{"damage_healed":0,"gold_gain":0,"player_choice":"Fled From Nobs","damage_taken":0,"max_hp_gain":0,"max_hp_loss":0,"event_name":"Colosseum","floor":20,"gold_loss":0},{"damage_healed":0,"gold_gain":0,"player_choice":"Got Potions","damage_taken":0,"max_hp_gain":0,"max_hp_loss":0,"event_name":"Lab","floor":21,"gold_loss":0},{"damage_healed":0,"gold_gain":0,"player_choice":"Paid Fearfully","damage_taken":0,"max_hp_gain":0,"max_hp_loss":0,"event_name":"Masked Bandits","floor":24,"gold_loss":218},{"damage_healed":0,"gold_gain":0,"player_choice":"Became a Ghost","damage_taken":0,"max_hp_gain":0,"max_hp_loss":45,"event_name":"Ghosts","floor":27,"gold_loss":0,"cards_obtained":["Ghostly","Ghostly","Ghostly","Ghostly","Ghostly"]}],"is_beta":false,"boss_relics":[{"not_picked":["Orrery","Lizard Tail"],"picked":"Nuclear Battery"}],"items_purged_floors":[],"is_endless":false,"potions_floor_spawned":[1,14,20,25,29],"killed_by":"Collector","ascension_level":6}