{"gold_per_floor":[110,110,60,72,72,72,97,110,137,162,162,179,4,4,4,104,104,117,133,133,133,148,148,176,176,176,276,306,317,331,358,358,454,454,472,489,489,53,70,70,101,111,137,164,179,179,207,218,218,218,218,218,20,50,50],"floor_reached":55,"playtime":6697,"items_purged":["Defend_G","Defend_G"],"score":1049,"play_id":"4103ddfd-c863-415a-8e9e-c485e3718fd4","local_time":"20190201194144","is_ascension_mode":true,"campfire_choices":[{"data":"Neutralize","floor":6,"key":"SMITH"},{"floor":11,"key":"REST"},{"floor":15,"key":"REST"},{"data":"Accuracy","floor":23,"key":"SMITH"},{"data":"Cloak And Dagger","floor":25,"key":"SMITH"},{"data":"Infinite Blades","floor":32,"key":"SMITH"},{"data":"Prepared","floor":40,"key":"SMITH"},{"data":"Blade Dance","floor":46,"key":"SMITH"},{"floor":49,"key":"RECALL"},{"data":"Cloak And Dagger","floor":52,"key":"SMITH"}],"neow_cost":"NONE","seed_source_timestamp":328514666989512,"circlet_count":0,"master_deck":["Defend_G+1","Defend_G","Strike_G+1","Strike_G","Strike_G","Survivor","Neutralize+1","Cloak And Dagger+1","Cloak And Dagger+1","Cloak And Dagger+1","Prepared+1","Adrenaline+1","Escape Plan+1","Accuracy+1","Blade Dance+1","Cloak And Dagger+1","Accuracy+1","Infinite Blades+1","Adrenaline+1","Prepared+1","Flash of Steel","Blade Dance+1","Finisher+1","Choke+1","Escape Plan+1","Accuracy+1","Prepared+1"],"relics":["Ring of the Snake","Bag of Preparation","Vajra","Paper Crane","Sozu","Blood Vial","Mummified Hand","Ornamental Fan","Toxic Egg 2","Pocketwatch","Nunchaku","War Paint","Runic Pyramid","Shuriken","Bottled Lightning","Sundial","Pantograph","DollysMirror","Gremlin Horn"],"potions_floor_usage":[7,10,16],"damage_taken":[{"damage":0,"enemies":"Small Slimes","floor":1,"turns":4},{"damage":0,"enemies":"Jaw Worm","floor":4,"turns":4},{"damage":36,"enemies":"Gremlin Nob","floor":7,"turns":6},{"damage":0,"enemies":"Cultist","floor":8,"turns":4},{"damage":18,"enemies":"Lagavulin","floor":10,"turns":8},{"damage":1,"enemies":"2 Fungi Beasts","floor":12,"turns":4},{"damage":22,"enemies":"Slime Boss","floor":16,"turns":14},{"damage":0,"enemies":"2 Thieves","floor":18,"turns":5},{"damage":0,"enemies":"3 Byrds","floor":19,"turns":6},{"damage":0,"enemies":"Shelled Parasite and Fungi","floor":22,"turns":5},{"damage":2,"enemies":"Gremlin Leader","floor":24,"turns":6},{"damage":0,"enemies":"Colosseum Slavers","floor":27,"turns":2},{"damage":0,"enemies":"Colosseum Nobs","floor":27,"turns":3},{"damage":0,"enemies":"Book of Stabbing","floor":28,"turns":4},{"damage":0,"enemies":"Snecko","floor":29,"turns":3},{"damage":0,"enemies":"Centurion and Healer","floor":30,"turns":3},{"damage":0,"enemies":"Slavers","floor":31,"turns":3},{"damage":31,"enemies":"Champ","floor":33,"turns":8},{"damage":0,"enemies":"Orb Walker","floor":35,"turns":2},{"damage":11,"enemies":"3 Darklings","floor":36,"turns":3},{"damage":0,"enemies":"4 Shapes","floor":39,"turns":2},{"damage":0,"enemies":"Giant Head","floor":41,"turns":2},{"damage":0,"enemies":"Maw","floor":42,"turns":3},{"damage":10,"enemies":"Reptomancer","floor":44,"turns":3},{"damage":0,"enemies":"Writhing Mass","floor":45,"turns":1},{"damage":0,"enemies":"Nemesis","floor":47,"turns":1},{"damage":0,"enemies":"4 Shapes","floor":48,"turns":1},{"damage":0,"enemies":"Donu and Deca","floor":50,"turns":3},{"damage":0,"enemies":"Shield and Spear","floor":54,"turns":2},{"damage":81,"enemies":"The Heart","floor":55,"turns":3}],"seed_played":"7275350345291326580","potions_obtained":[{"floor":4,"key":"Swift Potion"},{"floor":8,"key":"Ancient Potion"},{"floor":12,"key":"Fire Potion"}],"is_trial":false,"path_per_floor":["?","?","M","$","?","?","?","?","?","M"],"character_chosen":"THE_SILENT","items_purchased":["Cloak And Dagger","Prepared","Shuriken","Flash of Steel","DollysMirror"],"campfire_rested":2,"item_purchase_floors":[13,13,38,38,53],"current_hp_per_floor":[70,56,56,56,56,56,20,20,20,2,23,22,22,15,36,14,70,70,70,70,70,70,70,68,68,68,70,70,70,70,70,70,39,70,70,59,59,59,61,61,63,65,65,57,59,59,61,63,63,70,70,70,70,70,0],"gold":50,"neow_bonus":"REMOVE_CARD","is_prod":false,"is_daily":false,"chose_seed":false,"campfire_upgraded":7,"win_rate":0,"timestamp":1549068104,"path_taken":["M","?","?","M","$","R","E","M","T","E","R","?","?","?","R","BOSS","M","M","?","?","M","R","E","R","T","?","E","M","M","E","R","BOSS","M","M","?","$","M","R","E","M","T","E","M","R","E","?","R","BOSS","R","$","E","BOSS"],"build_version":"2019-01-23","purchased_purges":2,"victory":false,"max_hp_per_floor":[70,70,70,70,70,70,70,70,70,70,70,70,70,70,70,70,70,70,70,70,70,70,70,70,70,70,70,70,70,70,70,70,70,70,70,70,70,70,70,70,70,70,70,70,70,70,70,70,70,70,70,70,70,70,70],"card_choices":[{"not_picked":["Finisher","Endless Agony"],"picked":"Cloak And Dagger","floor":1},{"not_picked":["Terror","Sucker Punch","Quick Slash"],"picked":"SKIP","floor":4},{"not_picked":["Dagger Spray","Backflip","Deflect"],"picked":"SKIP","floor":7},{"not_picked":["Dagger Throw","Slice","Dagger Spray"],"picked":"SKIP","floor":8},{"not_picked":["Unload","Dodge and Roll","Slice"],"picked":"SKIP","floor":10},{"not_picked":["Backflip","Sucker Punch"],"picked":"Cloak And Dagger","floor":12},{"not_picked":["Die Die Die","Phantasmal Killer"],"picked":"Adrenaline","floor":16},{"not_picked":["Dagger Spray","Cloak And Dagger","Flying Knee"],"picked":"SKIP","floor":18},{"not_picked":["Bouncing Flask","Setup"],"picked":"Escape Plan+1","floor":19},{"not_picked":["Dodge and Roll","Quick Slash"],"picked":"Blade Dance","floor":22},{"not_picked":["Blur","Riddle With Holes"],"picked":"Cloak And Dagger+1","floor":24},{"not_picked":["Calculated Gamble+1","Predator+1","Tactician+1"],"picked":"SKIP","floor":28},{"not_picked":["Backstab+1","Underhanded Strike","Distraction+1"],"picked":"SKIP","floor":29},{"not_picked":["Reflex+1","Outmaneuver+1"],"picked":"Accuracy","floor":30},{"not_picked":["Sucker Punch","Backflip+1"],"picked":"Infinite Blades","floor":31},{"not_picked":["Night Terror+1","Wraith Form v2"],"picked":"Adrenaline+1","floor":33},{"not_picked":["Bouncing Flask+1","Deadly Poison+1"],"picked":"Prepared+1","floor":35},{"not_picked":["Dagger Spray+1","All Out Attack+1","Dodge and Roll+1"],"picked":"SKIP","floor":36},{"not_picked":["Bouncing Flask+1","Backflip+1"],"picked":"Blade Dance+1","floor":39},{"not_picked":["Outmaneuver+1","Masterful Stab+1","Eviscerate"],"picked":"SKIP","floor":41},{"not_picked":["Sucker Punch+1","Tactician+1","Outmaneuver+1"],"picked":"SKIP","floor":42},{"not_picked":["Die Die Die","Quick Slash+1"],"picked":"Finisher+1","floor":44},{"not_picked":["Cloak And Dagger+1","Deadly Poison+1"],"picked":"Choke+1","floor":45},{"not_picked":["Heel Hook","Flying Knee"],"picked":"Escape Plan+1","floor":47},{"not_picked":["Quick Slash+1","Dagger Throw+1","Acrobatics+1"],"picked":"SKIP","floor":48},{"not_picked":["Blur+1","Tools of the Trade"],"picked":"Prepared+1","floor":54}],"player_experience":136639,"relics_obtained":[{"floor":7,"key":"Bag of Preparation"},{"floor":9,"key":"Vajra"},{"floor":10,"key":"Paper Crane"},{"floor":24,"key":"Mummified Hand"},{"floor":26,"key":"Ornamental Fan"},{"floor":27,"key":"Toxic Egg 2"},{"floor":27,"key":"Pocketwatch"},{"floor":28,"key":"Nunchaku"},{"floor":31,"key":"War Paint"},{"floor":41,"key":"Bottled Lightning"},{"floor":44,"key":"Sundial"},{"floor":47,"key":"Pantograph"},{"floor":54,"key":"Gremlin Horn"}],"event_choices":[{"damage_healed":0,"gold_gain":0,"player_choice":"Entered Light","damage_taken":14,"max_hp_gain":0,"max_hp_loss":0,"event_name":"Shining Light","floor":2,"gold_loss":0,"cards_upgraded":["Cloak And Dagger","Strike_G"]},{"cards_removed":["Strike_G"],"damage_healed":0,"gold_gain":0,"player_choice":"Card Removal","damage_taken":0,"max_hp_gain":0,"max_hp_loss":0,"event_name":"The Cleric","floor":3,"gold_loss":50},{"cards_removed":["Defend_G"],"damage_healed":0,"gold_gain":0,"player_choice":"Card Removal","damage_taken":7,"max_hp_gain":0,"max_hp_loss":0,"event_name":"Golden Wing","floor":14,"gold_loss":0},{"damage_healed":0,"gold_gain":0,"player_choice":"Read","damage_taken":0,"max_hp_gain":0,"max_hp_loss":0,"event_name":"The Library","floor":20,"gold_loss":0,"cards_obtained":["Accuracy"]},{"damage_healed":0,"gold_gain":0,"player_choice":"Opened","damage_taken":0,"relics_obtained":["Blood Vial"],"max_hp_gain":0,"max_hp_loss":0,"event_name":"The Mausoleum","floor":21,"gold_loss":0},{"damage_healed":0,"gold_gain":0,"player_choice":"Fight","damage_taken":0,"max_hp_gain":0,"max_hp_loss":0,"event_name":"Colosseum","floor":27,"gold_loss":0},{"damage_healed":0,"gold_gain":0,"player_choice":"Fought Nobs","damage_taken":0,"max_hp_gain":0,"max_hp_loss":0,"event_name":"Colosseum","floor":27,"gold_loss":0},{"damage_healed":0,"gold_gain":0,"player_choice":"Forge","damage_taken":0,"max_hp_gain":0,"max_hp_loss":0,"event_name":"Accursed Blacksmith","floor":37,"gold_loss":0,"cards_upgraded":["Accuracy"]}],"is_beta":false,"boss_relics":[{"not_picked":["Astrolabe","Velvet Choker"],"picked":"Sozu"},{"not_picked":["HoveringKite","Orrery"],"picked":"Runic Pyramid"}],"items_purged_floors":[13,38],"is_endless":false,"potions_floor_spawned":[4,8,12,18,28,29,30,41,42,47,48,54],"killed_by":"The Heart","ascension_level":1}