{"gold_per_floor":[360,376,19,33,52,52,87,97,97,97,112,139,61,94,94,189,189,202,214,214,214,225,254,179,207,207,226,251,251,266,266,266,371,371,383,393,393,411,422,442,442,135,135,135,135,148,161,188,188,188,188,188,39,71,71],"floor_reached":56,"playtime":3914,"items_purged":["Strike_B","Rip and Tear"],"score":1748,"play_id":"296c051f-170c-43c9-9dc7-89bda54ff0fd","local_time":"20190404004459","is_ascension_mode":true,"campfire_choices":[{"data":"Zap","floor":6.0,"key":"SMITH"},{"data":"Defragment","floor":15.0,"key":"SMITH"},{"data":"Loop","floor":29.0,"key":"SMITH"},{"data":"Leap","floor":32.0,"key":"SMITH"},{"data":"Echo Form","floor":44.0,"key":"SMITH"},{"floor":49,"key":"RECALL"},{"floor":52,"key":"REST"}],"neow_cost":"TEN_PERCENT_HP_LOSS","seed_source_timestamp":1643011063500434,"circlet_count":0,"master_deck":["AscendersBane","Defend_B","Defend_B","Defend_B","Defend_B","Zap+1","Dualcast","Compile Driver","Compile Driver","Coolheaded","Self Repair","Leap+1","FTL","Loop+1","Defragment+1","Seek","Echo Form+1","Cold Snap","Go for the Eyes","Hello World","Streamline+1","Glacier","Seek","Defragment+1","Sunder+1","White Noise+1"],"special_seed":0,"relics":["Cracked Core","DataDisk","Boot","Ornamental Fan","Sundial","Pear","Velvet Choker","Torii","Incense Burner","Ancient Tea Set","Gremlin Horn","Art of War","Sozu","Medical Kit","Nunchaku","Bronze Scales","Centennial Puzzle"],"potions_floor_usage":[],"damage_taken":[{"damage":1.0,"enemies":"2 Louse","floor":1.0,"turns":3.0},{"damage":0.0,"enemies":"Jaw Worm","floor":2.0,"turns":3.0},{"damage":7.0,"enemies":"Small Slimes","floor":4.0,"turns":3.0},{"damage":0.0,"enemies":"Gremlin Gang","floor":5.0,"turns":3.0},{"damage":15.0,"enemies":"Gremlin Nob","floor":7.0,"turns":3.0},{"damage":2.0,"enemies":"Exordium Wildlife","floor":8.0,"turns":3.0},{"damage":2.0,"enemies":"Looter","floor":11.0,"turns":3.0},{"damage":24.0,"enemies":"3 Sentries","floor":12.0,"turns":7.0},{"damage":14.0,"enemies":"Lagavulin","floor":14.0,"turns":7.0},{"damage":10.0,"enemies":"Hexaghost","floor":16.0,"turns":10.0},{"damage":9.0,"enemies":"Shell Parasite","floor":18.0,"turns":6.0},{"damage":26.0,"enemies":"Spheric Guardian","floor":19.0,"turns":4.0},{"damage":7.0,"enemies":"Snake Plant","floor":22.0,"turns":5.0},{"damage":24.0,"enemies":"Book of Stabbing","floor":23.0,"turns":6.0},{"damage":31.0,"enemies":"Gremlin Leader","floor":25.0,"turns":6.0},{"damage":15.0,"enemies":"Cultist and Chosen","floor":27.0,"turns":8.0},{"damage":36.0,"enemies":"Book of Stabbing","floor":28.0,"turns":6.0},{"damage":13.0,"enemies":"Sentry and Sphere","floor":30.0,"turns":4.0},{"damage":25.0,"enemies":"Collector","floor":33.0,"turns":10.0},{"damage":8.0,"enemies":"3 Darklings","floor":35.0,"turns":6.0},{"damage":7.0,"enemies":"Orb Walker","floor":36.0,"turns":4.0},{"damage":26.0,"enemies":"4 Shapes","floor":38.0,"turns":8.0},{"damage":37.0,"enemies":"Writhing Mass","floor":39.0,"turns":6.0},{"damage":7.0,"enemies":"Sphere and 2 Shapes","floor":40.0,"turns":8.0},{"damage":1.0,"enemies":"3 Darklings","floor":46.0,"turns":9.0},{"damage":12.0,"enemies":"Transient","floor":47.0,"turns":5.0},{"damage":29,"enemies":"Reptomancer","floor":48,"turns":6},{"damage":40,"enemies":"Donu and Deca","floor":50,"turns":13},{"damage":44,"enemies":"Shield and Spear","floor":54,"turns":10},{"damage":75,"enemies":"The Heart","floor":55,"turns":12}],"seed_played":"-9019505413491812471","potions_obtained":[{"floor":4.0,"key":"AttackPotion"},{"floor":7.0,"key":"Energy Potion"},{"floor":11.0,"key":"LiquidBronze"},{"floor":25.0,"key":"Strength Potion"},{"floor":33.0,"key":"LiquidBronze"}],"is_trial":false,"path_per_floor":["?","?","T","$","?","?","M","M","?","?","M"],"character_chosen":"DEFECT","items_purchased":["DataDisk","FairyPotion","Self Repair","Rip and Tear","Defragment","Medical Kit","Bronze Scales"],"campfire_rested":1,"item_purchase_floors":[3,3,3,3,13,42,53],"current_hp_per_floor":[67,67,67,60,67,67,59,68,68,61,59,35,35,45,45,49,71,78,73,73,73,78,78,78,61,61,74,66,66,74,74,74,63,74,73,73,73,68,59,73,73,73,73,73,73,78,66,44,44,11,61,78,78,41,1],"gold":71,"neow_bonus":"TWO_FIFTY_GOLD","is_prod":false,"is_daily":false,"chose_seed":false,"campfire_upgraded":5,"win_rate":0,"timestamp":1554353099,"path_taken":["M","M","$","M","M","R","E","M","T","?","M","E","$","E","R","BOSS","M","M","?","?","M","E","?","E","T","M","E","R","M","?","R","BOSS","M","M","?","M","?","?","?","$","T","R","?","M","?","E","R","BOSS","R","$","E","BOSS"],"build_version":"2019-01-23","purchased_purges":2,"victory":true,"max_hp_per_floor":[68,68,68,68,68,68,68,68,68,68,68,68,68,78,78,78,78,78,78,78,78,78,78,78,78,78,78,78,78,78,78,78,78,78,78,78,78,78,78,78,78,78,78,78,78,78,78,78,78,78,78,78,78,78,78],"card_choices":[{"not_picked":["Hologram","Leap"],"picked":"Compile Driver","floor":1.0},{"not_picked":["Conserve Battery","Sweeping Beam"],"picked":"Compile Driver","floor":2.0},{"not_picked":["Beam Cell","Meteor Strike"],"picked":"Coolheaded","floor":4.0},{"not_picked":["Barrage","Steam"],"picked":"Self Repair","floor":5.0},{"not_picked":["Steam","Gash"],"picked":"Leap","floor":7.0},{"not_picked":["Rebound","Sweeping Beam"],"picked":"FTL","floor":8.0},{"not_picked":["Self Repair","Rebound","Redo"],"picked":"SKIP","floor":11.0},{"not_picked":["Compile Driver","Rebound"],"picked":"Loop","floor":12.0},{"not_picked":["Coolheaded","Auto Shields"],"picked":"Seek","floor":14.0},{"not_picked":["Hyperbeam","Multi-Cast"],"picked":"Echo Form","floor":16.0},{"not_picked":["Barrage","Rebound"],"picked":"Ball Lightning","floor":18.0},{"not_picked":["Barrage","Meteor Strike"],"picked":"Cold Snap","floor":19.0},{"not_picked":["Sweeping Beam","Ball Lightning","Tempest"],"picked":"SKIP","floor":22.0},{"not_picked":["Go for the Eyes","Rebound","Barrage"],"picked":"SKIP","floor":23.0},{"not_picked":["Consume","Coolheaded","Barrage+1"],"picked":"SKIP","floor":25.0},{"not_picked":["Doom and Gloom","All For One"],"picked":"Streamline+1","floor":27.0},{"not_picked":["Fission","Rebound+1","Leap"],"picked":"SKIP","floor":28.0},{"not_picked":["Redo+1","Rebound"],"picked":"Glacier","floor":30.0},{"not_picked":["Reboot","Machine Learning"],"picked":"Seek","floor":33.0},{"not_picked":["Leap","Static Discharge","Streamline"],"picked":"SKIP","floor":35.0},{"not_picked":["Rebound","Turbo","BootSequence"],"picked":"SKIP","floor":36.0},{"not_picked":["Stack","Hello World","Auto Shields"],"picked":"SKIP","floor":38.0},{"not_picked":["Ball Lightning+1","Streamline","Chaos"],"picked":"SKIP","floor":39.0},{"not_picked":["Compile Driver","Melter+1","Recycle"],"picked":"SKIP","floor":40.0},{"not_picked":["Gash","Barrage+1"],"picked":"Sunder+1","floor":46.0},{"not_picked":["Go for the Eyes+1","Rebound","Fission"],"picked":"SKIP","floor":47.0},{"not_picked":["Machine Learning","Hologram+1"],"picked":"White Noise+1","floor":48},{"not_picked":["Gash","Coolheaded","Conserve Battery"],"picked":"SKIP","floor":54}],"player_experience":1451706,"relics_obtained":[{"floor":7.0,"key":"Boot"},{"floor":9.0,"key":"Ornamental Fan"},{"floor":12.0,"key":"Sundial"},{"floor":14.0,"key":"Pear"},{"floor":21.0,"key":"Torii"},{"floor":23.0,"key":"Incense Burner"},{"floor":25.0,"key":"Ancient Tea Set"},{"floor":26.0,"key":"Gremlin Horn"},{"floor":28.0,"key":"Art of War"},{"floor":48,"key":"Nunchaku"},{"floor":54,"key":"Centennial Puzzle"}],"event_choices":[{"cards_removed":["Strike_B"],"damage_healed":0.0,"max_hp_gain":0.0,"max_hp_loss":0.0,"gold_gain":0.0,"event_name":"Golden Wing","player_choice":"Card Removal","floor":10.0,"gold_loss":0.0,"damage_taken":7.0},{"damage_healed":0.0,"max_hp_gain":0.0,"max_hp_loss":0.0,"gold_gain":0.0,"cards_transformed":["Strike_B","Strike_B"],"event_name":"Drug Dealer","player_choice":"Became Test Subject","floor":20.0,"gold_loss":0.0,"damage_taken":0.0,"cards_obtained":["Go for the Eyes","Hello World"]},{"cards_removed":["Ball Lightning"],"damage_healed":0.0,"max_hp_gain":0.0,"max_hp_loss":0.0,"gold_gain":0.0,"event_name":"Back to Basics","player_choice":"Elegance","floor":31.0,"gold_loss":0.0,"damage_taken":0.0},{"damage_healed":0.0,"max_hp_gain":0.0,"max_hp_loss":0.0,"gold_gain":0.0,"event_name":"Match and Keep!","player_choice":"0 cards matched","floor":37.0,"gold_loss":0.0,"damage_taken":0.0,"cards_obtained":[]},{"cards_removed":["Self Repair"],"damage_healed":0.0,"max_hp_gain":0.0,"max_hp_loss":0.0,"gold_gain":0.0,"event_name":"Falling","player_choice":"Removed Power","floor":41.0,"gold_loss":0.0,"damage_taken":0.0},{"damage_healed":0.0,"max_hp_gain":0.0,"max_hp_loss":0.0,"gold_gain":0.0,"event_name":"Duplicator","player_choice":"Copied","floor":45.0,"gold_loss":0.0,"damage_taken":0.0,"cards_obtained":["Defragment"]}],"is_beta":false,"boss_relics":[{"not_picked":["Tiny House","Runic Dome"],"picked":"Velvet Choker"},{"not_picked":["Eternal Feather","Black Star"],"picked":"Sozu"}],"items_purged_floors":[24,42],"is_endless":false,"potions_floor_spawned":[4,7,8,11,16,25,27,33,39,40,48,54],"ascension_level":12}