{"gold_per_floor":[20,95,22,22,36,36,58,77,77,109,128,128,128,139,139,234,234,253,253,265,279,73,105,105,125,125,125,136,170,184,210,210,307,307,324,337,297,87,87,87,114,124,124,124],"floor_reached":44,"playtime":3760,"items_purged":[],"score":910,"play_id":"a30a00bd-a4a5-4923-b59a-41ba46171e20","local_time":"20190328155142","is_ascension_mode":true,"campfire_choices":[{"data":"Self Repair","floor":6,"key":"SMITH"},{"data":"Buffer","floor":15,"key":"SMITH"},{"data":"White Noise","floor":24,"key":"SMITH"},{"data":"Machine Learning","floor":32,"key":"SMITH"},{"data":"White Noise","floor":40,"key":"SMITH"}],"neow_cost":"NO_GOLD","seed_source_timestamp":1092855775578171,"circlet_count":0,"master_deck":["AscendersBane","Defend_B","Defend_B","Defend_B","Defend_B","Zap+1","Dualcast","Steam","Self Repair+1","BootSequence","Buffer+1","Conserve Battery","White Noise+1","Machine Learning+1","Ball Lightning","Hyperbeam","Glacier","Bite","Bite","Bite","Bite","Coolheaded","Leap","Genetic Algorithm","White Noise+1","Coolheaded","Buffer+1"],"relics":["Cracked Core","Odd Mushroom","The Courier","Thread and Needle","Coffee Dripper","Pear","Omamori","Mummified Hand","Nloth\u0027s Gift","Darkstone Periapt","Calipers","Busted Crown","Gremlin Horn","Boot"],"potions_floor_usage":[23,31,33,44,44],"damage_taken":[{"damage":4,"enemies":"Jaw Worm","floor":1,"turns":4},{"damage":0,"enemies":"2 Louse","floor":5,"turns":3},{"damage":18,"enemies":"The Mushroom Lair","floor":7,"turns":6},{"damage":0,"enemies":"Small Slimes","floor":8,"turns":4},{"damage":17,"enemies":"Lagavulin","floor":10,"turns":9},{"damage":0,"enemies":"Exordium Wildlife","floor":11,"turns":4},{"damage":0,"enemies":"3 Louse","floor":14,"turns":3},{"damage":5,"enemies":"Slime Boss","floor":16,"turns":14},{"damage":0,"enemies":"Spheric Guardian","floor":18,"turns":5},{"damage":10,"enemies":"3 Byrds","floor":20,"turns":5},{"damage":14,"enemies":"Snake Plant","floor":21,"turns":6},{"damage":68,"enemies":"Book of Stabbing","floor":23,"turns":7},{"damage":0,"enemies":"Shelled Parasite and Fungi","floor":25,"turns":7},{"damage":1,"enemies":"Cultist and Chosen","floor":28,"turns":9},{"damage":72,"enemies":"Gremlin Leader","floor":29,"turns":12},{"damage":4,"enemies":"3 Cultists","floor":30,"turns":7},{"damage":8,"enemies":"Book of Stabbing","floor":31,"turns":5},{"damage":0,"enemies":"Champ","floor":33,"turns":29},{"damage":0,"enemies":"3 Shapes","floor":35,"turns":8},{"damage":0,"enemies":"Orb Walker","floor":36,"turns":5},{"damage":0,"enemies":"Nemesis","floor":41,"turns":15},{"damage":29,"enemies":"Sphere and 2 Shapes","floor":42,"turns":9},{"damage":161,"enemies":"Giant Head","floor":44,"turns":12}],"seed_played":"4682498032544719837","potions_obtained":[{"floor":7,"key":"Regen Potion"},{"floor":10,"key":"Poison Potion"},{"floor":14,"key":"Swift Potion"},{"floor":29,"key":"SkillPotion"},{"floor":30,"key":"LiquidBronze"},{"floor":31,"key":"EssenceOfSteel"},{"floor":41,"key":"Energy Potion"}],"is_trial":false,"path_per_floor":["?","$","?","?","M","?","T","?","?","M","?","$","?"],"character_chosen":"DEFECT","items_purchased":["Self Repair","Pear","Gremlin Horn"],"campfire_rested":0,"item_purchase_floors":[3,22,38],"current_hp_per_floor":[78,67,67,67,74,74,56,66,66,59,69,44,44,56,56,63,83,89,89,89,85,95,51,51,93,93,93,99,63,83,97,97,99,99,99,99,99,99,99,99,99,96,96,0],"gold":124,"neow_bonus":"TWENTY_PERCENT_HP_BONUS","is_prod":false,"is_daily":false,"chose_seed":false,"campfire_upgraded":5,"win_rate":0,"timestamp":1553802702,"path_taken":["M","?","?","?","M","R","?","M","T","E","?","?","?","M","R","BOSS","M","?","M","M","$","E","R","M","T","?","M","E","?","E","R","BOSS","M","M","?","?","?","R","E","M","T","E"],"build_version":"2019-01-23","purchased_purges":0,"victory":false,"max_hp_per_floor":[89,89,89,89,89,89,89,89,89,89,89,89,89,89,89,89,89,89,89,89,89,99,99,99,99,99,99,99,99,99,99,99,99,99,99,99,99,99,99,99,99,99,99,99],"card_choices":[{"not_picked":["Scrape","Stack"],"picked":"Steam","floor":1},{"not_picked":["Hologram","Conserve Battery"],"picked":"BootSequence","floor":5},{"not_picked":["Steam Power","Compile Driver"],"picked":"Buffer","floor":7},{"not_picked":["Steam","Turbo"],"picked":"Conserve Battery","floor":8},{"not_picked":["Streamline","Gash"],"picked":"White Noise","floor":10},{"not_picked":["Hologram","Beam Cell"],"picked":"Machine Learning","floor":11},{"not_picked":["Steam","Rebound"],"picked":"Ball Lightning","floor":14},{"not_picked":["Machine Learning","Meteor Strike"],"picked":"Hyperbeam","floor":16},{"not_picked":["Turbo","Fusion+1"],"picked":"Glacier","floor":18},{"not_picked":["Hologram+1","Turbo","Streamline"],"picked":"SKIP","floor":20},{"not_picked":["Redo","Turbo"],"picked":"Coolheaded","floor":21},{"not_picked":["Static Discharge","Recycle"],"picked":"Leap","floor":23},{"not_picked":["Stack+1","Reinforced Body"],"picked":"Genetic Algorithm","floor":25},{"not_picked":["Redo+1","Buffer"],"picked":"White Noise","floor":28},{"not_picked":["Stack","Multi-Cast"],"picked":"Coolheaded","floor":29},{"not_picked":["Amplify","Streamline","Reinforced Body"],"picked":"SKIP","floor":30},{"not_picked":["All For One","Amplify","Beam Cell+1"],"picked":"SKIP","floor":31},{"not_picked":["Reboot","Hyperbeam"],"picked":"Buffer","floor":33},{"not_picked":["Turbo"],"picked":"SKIP","floor":35},{"not_picked":["Ball Lightning+1"],"picked":"SKIP","floor":36},{"not_picked":["Redo"],"picked":"SKIP","floor":41},{"not_picked":["Skim"],"picked":"SKIP","floor":42}],"player_experience":1130346,"relics_obtained":[{"floor":7,"key":"Odd Mushroom"},{"floor":9,"key":"Bottled Flame"},{"floor":10,"key":"The Courier"},{"floor":13,"key":"Blood Vial"},{"floor":23,"key":"Omamori"},{"floor":26,"key":"Mummified Hand"},{"floor":29,"key":"Darkstone Periapt"},{"floor":31,"key":"Calipers"},{"floor":41,"key":"Boot"}],"event_choices":[{"damage_healed":0,"gold_gain":75,"player_choice":"Gather Gold","damage_taken":11,"max_hp_gain":0,"max_hp_loss":0,"event_name":"World of Goop","floor":2,"gold_loss":0},{"damage_healed":0,"gold_gain":0,"player_choice":"Grow","damage_taken":0,"max_hp_gain":0,"max_hp_loss":0,"event_name":"Living Wall","floor":4,"gold_loss":0,"cards_upgraded":["Zap"]},{"damage_healed":0,"gold_gain":0,"player_choice":"Fought Mushrooms","damage_taken":0,"max_hp_gain":0,"max_hp_loss":0,"event_name":"Mushrooms","floor":7,"gold_loss":0},{"damage_healed":0,"gold_gain":0,"player_choice":"Success","damage_taken":25,"relics_obtained":["Thread and Needle"],"max_hp_gain":0,"max_hp_loss":0,"event_name":"Scrap Ooze","floor":12,"gold_loss":0},{"damage_healed":0,"gold_gain":0,"player_choice":"Became a vampire (Vial)","damage_taken":0,"max_hp_gain":0,"max_hp_loss":0,"event_name":"Vampires","floor":19,"relics_lost":["Blood Vial"],"gold_loss":0,"cards_obtained":["Bite","Bite","Bite","Bite","Bite"]},{"damage_healed":0,"gold_gain":0,"player_choice":"Traded Relic","damage_taken":0,"relics_obtained":["Nloth\u0027s Gift"],"max_hp_gain":0,"max_hp_loss":0,"event_name":"N\u0027loth","floor":27,"relics_lost":["Bottled Flame"],"gold_loss":0},{"damage_healed":0,"gold_gain":0,"player_choice":"Upgrade","damage_taken":0,"max_hp_gain":0,"max_hp_loss":0,"event_name":"Designer","floor":37,"gold_loss":40,"cards_upgraded":["Buffer"]},{"cards_removed":["Bite"],"damage_healed":0,"gold_gain":0,"player_choice":"Removed Attack","damage_taken":0,"max_hp_gain":0,"max_hp_loss":0,"event_name":"Falling","floor":39,"gold_loss":0}],"is_beta":false,"boss_relics":[{"not_picked":["Tiny House","Cursed Key"],"picked":"Coffee Dripper"},{"not_picked":["Eternal Feather","Fusion Hammer"],"picked":"Busted Crown"}],"items_purged_floors":[],"is_endless":false,"potions_floor_spawned":[7,10,14,16,20,21,29,30,31,41],"killed_by":"Giant Head","ascension_level":10}