{"gold_per_floor":[119,119,138,157,1,1,27,27,27,46,71,71,99,114,114,212,212,227,142,142,192,192,222,272,272,328,328,378,404,5,55,55,158,158,175,225,275,293,307,333,333,361,361,361,391,391,410,460,460,460],"floor_reached":51,"playtime":4432,"items_purged":[],"score":847,"play_id":"965720ac-7490-4e49-ab06-8e685dd4053b","local_time":"20181026100335","is_ascension_mode":true,"campfire_choices":[{"data":"Conserve Battery","floor":6,"key":"SMITH"},{"data":"Static Discharge","floor":8,"key":"SMITH"},{"floor":12,"key":"REST"},{"floor":15,"key":"REST"},{"data":"Auto Shields","floor":25,"key":"SMITH"},{"floor":27,"key":"REST"},{"floor":32,"key":"REST"},{"floor":41,"key":"REST"},{"floor":44,"key":"REST"},{"floor":46,"key":"REST"},{"data":"Apotheosis","floor":49,"key":"SMITH"}],"neow_cost":"NONE","seed_source_timestamp":1351059085526625,"circlet_count":0,"master_deck":["Strike_B","Strike_B","Defend_B","Defend_B","Defend_B","Defend_B","Zap","Dualcast","Amplify","Sunder","Tempest","Genetic Algorithm","Static Discharge+1","Conserve Battery+1","Darkness","Hologram","Auto Shields+1","Stack","Thunder Strike","Capacitor","Electrodynamics","Stack+1","Stack","Double Energy+1","Static Discharge+1","Seek","Thunder Strike","Conserve Battery","Steam+1","Conserve Battery","Thunder Strike","Leap","Beam Cell","Leap+1","Consume+1","Leap+1","Apotheosis+1"],"relics":["Cracked Core","Pear","Calipers","Symbiotic Virus","Juzu Bracelet","Ancient Tea Set","Empty Cage","Pocketwatch","SsserpentHead","Bag of Marbles","Tiny Chest","Lantern","Blood Vial","DollysMirror","Nuclear Battery","Regal Pillow","Dream Catcher","Bottled Tornado","Bag of Preparation"],"potions_floor_usage":[7,10,33,33,39,45,50],"damage_taken":[{"damage":1,"enemies":"2 Louse","floor":1,"turns":2},{"damage":2,"enemies":"Cultist","floor":3,"turns":3},{"damage":1,"enemies":"Small Slimes","floor":4,"turns":2},{"damage":22,"enemies":"Lagavulin","floor":7,"turns":7},{"damage":0,"enemies":"Blue Slaver","floor":10,"turns":2},{"damage":31,"enemies":"Gremlin Nob","floor":11,"turns":5},{"damage":16,"enemies":"Lagavulin","floor":13,"turns":5},{"damage":6,"enemies":"Exordium Wildlife","floor":14,"turns":3},{"damage":29,"enemies":"Hexaghost","floor":16,"turns":5},{"damage":9,"enemies":"Spheric Guardian","floor":18,"turns":3},{"damage":28,"enemies":"Gremlin Leader","floor":23,"turns":5},{"damage":22,"enemies":"Slavers","floor":29,"turns":4},{"damage":62,"enemies":"Champ","floor":33,"turns":11},{"damage":12,"enemies":"Orb Walker","floor":35,"turns":4},{"damage":5,"enemies":"3 Darklings","floor":38,"turns":2},{"damage":2,"enemies":"Maw","floor":39,"turns":7},{"damage":63,"enemies":"Reptomancer","floor":40,"turns":5},{"damage":25,"enemies":"Nemesis","floor":42,"turns":7},{"damage":41,"enemies":"Reptomancer","floor":45,"turns":7},{"damage":0,"enemies":"Sphere and 2 Shapes","floor":47,"turns":4},{"damage":48,"enemies":"Awakened One","floor":50,"turns":8}],"seed_played":"-8602040876573987461","potions_obtained":[{"floor":1,"key":"Regen Potion"},{"floor":7,"key":"Energy Potion"},{"floor":10,"key":"Strength Potion"},{"floor":33,"key":"FocusPotion"},{"floor":38,"key":"FocusPotion"},{"floor":42,"key":"Fire Potion"}],"is_trial":false,"path_per_floor":["M","?","M","M","$","R","E","R","T","M","E","R","E","M","R","B",null,"M","?","?","?","$","E","?","R","T","R","?","E","$","?","R","B",null,"M","?","?","M","M","E","R","E","T","R","E","R","M","?","R","B"],"character_chosen":"DEFECT","items_purchased":["Static Discharge","Conserve Battery","Darkness","DollysMirror","Fire Potion","Seek"],"campfire_rested":7,"item_purchase_floors":[5,5,5,30,30,30],"current_hp_per_floor":[74,84,82,81,81,81,73,73,73,73,42,67,51,45,70,41,85,76,76,76,76,76,48,48,48,48,73,73,51,51,35,62,2,90,78,78,78,75,75,14,56,33,33,75,36,78,80,80,80,34],"gold":460,"neow_bonus":"ONE_RANDOM_RARE_CARD","is_prod":false,"is_daily":false,"chose_seed":false,"campfire_upgraded":4,"win_rate":0,"timestamp":1540569815,"path_taken":["M","?","M","?","$","R","E","R","T","M","E","R","E","M","R","BOSS","M","?","?","?","$","E","?","R","T","R","?","E","$","?","R","BOSS","M","?","?","M","M","E","R","E","T","R","E","R","M","?","R","BOSS"],"build_version":"2018-10-25v2","purchased_purges":0,"victory":true,"max_hp_per_floor":[75,85,85,85,85,85,85,85,85,85,85,85,85,85,85,85,85,85,85,85,85,85,85,85,85,85,85,85,85,85,90,90,90,90,90,90,90,90,90,90,90,90,90,90,90,90,90,90,90,90],"card_choices":[{"not_picked":["Barrage","Streamline"],"picked":"Sunder","floor":1},{"not_picked":["Barrage","Force Field"],"picked":"Tempest","floor":3},{"not_picked":["Auto Shields","Cold Snap"],"picked":"Genetic Algorithm","floor":4},{"not_picked":["Meteor Strike","Melter"],"picked":"Hologram","floor":7},{"not_picked":["Turbo","Streamline"],"picked":"Auto Shields","floor":10},{"not_picked":["Barrage","Sweeping Beam"],"picked":"Stack","floor":11},{"not_picked":["Coolheaded","Rebound"],"picked":"Thunder Strike","floor":13},{"not_picked":["Hologram","Hyperbeam"],"picked":"Capacitor","floor":14},{"not_picked":["Creative AI","Biased Cognition"],"picked":"Electrodynamics","floor":16},{"not_picked":["Barrage","Leap"],"picked":"Stack+1","floor":18},{"not_picked":["Gash","Darkness"],"picked":"Stack","floor":23},{"not_picked":["Core Surge","Barrage"],"picked":"Double Energy+1","floor":29},{"not_picked":["Core Surge","Meteor Strike"],"picked":"Thunder Strike","floor":33},{"not_picked":["Redo","Darkness+1"],"picked":"Conserve Battery","floor":35},{"not_picked":["Turbo","Skim"],"picked":"Steam+1","floor":38},{"not_picked":["Hello World","Coolheaded+1"],"picked":"Conserve Battery","floor":39},{"not_picked":["Barrage+1","Melter"],"picked":"Thunder Strike","floor":40},{"not_picked":["Recycle","Compile Driver+1"],"picked":"Leap","floor":42},{"not_picked":["Doom and Gloom","Barrage"],"picked":"Beam Cell","floor":44},{"not_picked":["Blizzard+1","Redo"],"picked":"Leap+1","floor":45},{"not_picked":["Coolheaded","White Noise+1"],"picked":"Consume+1","floor":46},{"not_picked":["Streamline","FTL+1"],"picked":"Leap+1","floor":47},{"not_picked":["PanicButton","Metamorphosis"],"picked":"Apotheosis","floor":48}],"player_experience":851950,"relics_obtained":[{"floor":7,"key":"Calipers"},{"floor":9,"key":"Symbiotic Virus"},{"floor":11,"key":"Juzu Bracelet"},{"floor":13,"key":"Ancient Tea Set"},{"floor":23,"key":"Bag of Marbles"},{"floor":26,"key":"Tiny Chest"},{"floor":29,"key":"Blood Vial"},{"floor":40,"key":"Regal Pillow"},{"floor":42,"key":"Dream Catcher"},{"floor":43,"key":"Bottled Tornado"},{"floor":45,"key":"Bag of Preparation"}],"event_choices":[{"damage_healed":0,"gold_gain":0,"player_choice":"Box","damage_taken":0,"relics_obtained":["Pear"],"max_hp_gain":0,"max_hp_loss":0,"event_name":"Big Fish","floor":2,"gold_loss":0,"cards_obtained":["Regret"]},{"damage_healed":0,"gold_gain":0,"player_choice":"Obtained Relic","damage_taken":0,"relics_obtained":["Pocketwatch"],"max_hp_gain":0,"max_hp_loss":0,"event_name":"Addict","floor":19,"gold_loss":85},{"damage_healed":0,"gold_gain":0,"player_choice":"Trade","damage_taken":0,"relics_obtained":["SsserpentHead"],"max_hp_gain":0,"max_hp_loss":0,"event_name":"FaceTrader","floor":20,"gold_loss":0},{"damage_healed":0,"gold_gain":0,"player_choice":"Ignored","damage_taken":0,"max_hp_gain":0,"max_hp_loss":0,"event_name":"Ghosts","floor":21,"gold_loss":0},{"damage_healed":0,"gold_gain":0,"player_choice":"Ignored","damage_taken":0,"max_hp_gain":0,"max_hp_loss":0,"event_name":"Beggar","floor":24,"gold_loss":0},{"damage_healed":0,"gold_gain":0,"player_choice":"Opened","damage_taken":0,"relics_obtained":["Lantern"],"max_hp_gain":0,"max_hp_loss":0,"event_name":"The Mausoleum","floor":28,"gold_loss":0},{"damage_healed":0,"gold_gain":0,"player_choice":"Shed Blood","damage_taken":21,"max_hp_gain":5,"max_hp_loss":0,"event_name":"Forgotten Altar","floor":31,"gold_loss":0},{"damage_healed":0,"gold_gain":0,"player_choice":"Ignored","damage_taken":0,"max_hp_gain":0,"max_hp_loss":0,"event_name":"Mysterious Sphere","floor":36,"gold_loss":0},{"cards_removed":["Strike_B"],"damage_healed":0,"gold_gain":0,"player_choice":"Removed Attack","damage_taken":0,"max_hp_gain":0,"max_hp_loss":0,"event_name":"Falling","floor":37,"gold_loss":0},{"damage_healed":0,"gold_gain":0,"player_choice":"Memory 1","damage_taken":0,"max_hp_gain":0,"max_hp_loss":0,"event_name":"SensoryStone","floor":48,"gold_loss":0}],"is_beta":false,"boss_relics":[{"not_picked":["Coffee Dripper","FrozenCore"],"picked":"Empty Cage"},{"not_picked":["Calling Bell","Fusion Hammer"],"picked":"Nuclear Battery"}],"items_purged_floors":[],"is_endless":false,"potions_floor_spawned":[1,7,10,33,38,42],"ascension_level":1}