{"gold_per_floor":[113,288,140,140,159,159,178,195,195,213,238,238,91,118,118,221,221,194,204,27,27,40,40,40],"floor_reached":24,"playtime":1938,"items_purged":["Doubt","Parasite","Clash"],"score":206,"play_id":"0262c583-f157-43b9-ab0b-31af7b8a1f7e","local_time":"20190317173905","is_ascension_mode":false,"campfire_choices":[{"data":"True Grit","floor":6,"key":"SMITH"},{"floor":15,"key":"REST"},{"data":"Entrench","floor":23,"key":"SMITH"}],"neow_cost":"CURSE","seed_source_timestamp":150721228771739,"circlet_count":0,"master_deck":["Strike_R","Strike_R+1","Strike_R","Strike_R","Strike_R+1","Defend_R","Defend_R","Defend_R","Defend_R","Bash","Juggernaut","True Grit+1","Disarm","Shockwave","Entrench+1","Uppercut","Shrug It Off","Shrug It Off","Barricade","Shrug It Off"],"relics":["Burning Blood","Unceasing Top","Ice Cream","Torii","Bag of Marbles","Runic Pyramid"],"potions_floor_usage":[22,22,22,24],"damage_taken":[{"damage":6,"enemies":"Jaw Worm","floor":1,"turns":5},{"damage":0,"enemies":"Cultist","floor":5,"turns":4},{"damage":1,"enemies":"Small Slimes","floor":7,"turns":5},{"damage":9,"enemies":"2 Fungi Beasts","floor":8,"turns":5},{"damage":14,"enemies":"Exordium Thugs","floor":10,"turns":6},{"damage":36,"enemies":"Gremlin Nob","floor":11,"turns":5},{"damage":27,"enemies":"3 Sentries","floor":14,"turns":10},{"damage":16,"enemies":"Hexaghost","floor":16,"turns":16},{"damage":38,"enemies":"2 Thieves","floor":18,"turns":5},{"damage":36,"enemies":"3 Byrds","floor":19,"turns":8},{"damage":1,"enemies":"Centurion and Healer","floor":22,"turns":34},{"damage":42,"enemies":"Slavers","floor":24,"turns":7}],"seed_played":"-969780185306905858","potions_obtained":[{"floor":1,"key":"Regen Potion"},{"floor":7,"key":"SpeedPotion"},{"floor":8,"key":"SkillPotion"},{"floor":10,"key":"PowerPotion"},{"floor":22,"key":"EssenceOfSteel"}],"is_trial":false,"path_per_floor":["?","?","T","M","$","?"],"character_chosen":"IRONCLAD","items_purchased":["Disarm","Shrug It Off","Shrug It Off"],"campfire_rested":1,"item_purchase_floors":[3,13,20],"current_hp_per_floor":[80,80,80,64,70,70,75,72,72,64,34,34,34,13,36,26,77,45,15,15,15,35,35,0],"gold":40,"neow_bonus":"THREE_RARE_CARDS","is_prod":false,"is_daily":false,"chose_seed":false,"campfire_upgraded":2,"win_rate":0,"timestamp":1552858745,"path_taken":["M","?","$","?","M","R","M","M","T","M","E","?","$","E","R","BOSS","M","?","?","?","M","R","E"],"build_version":"2019-01-23","purchased_purges":3,"victory":false,"max_hp_per_floor":[80,80,80,80,80,80,80,80,80,80,80,80,77,77,77,77,77,77,77,77,77,77,77,77],"card_choices":[{"not_picked":["Berserk","Exhume"],"picked":"Juggernaut","floor":0},{"not_picked":["Perfected Strike","Twin Strike"],"picked":"True Grit","floor":1},{"not_picked":["Dropkick","Clash"],"picked":"Shockwave","floor":5},{"not_picked":["Reaper","Armaments"],"picked":"Entrench","floor":7},{"not_picked":["Clash","Armaments"],"picked":"Uppercut","floor":8},{"not_picked":["Anger","Cleave"],"picked":"Shrug It Off","floor":10},{"not_picked":["Pommel Strike","Flex"],"picked":"Clash","floor":11},{"not_picked":["Fiend Fire","Power Through","Inflame"],"picked":"SKIP","floor":14},{"not_picked":["Demon Form","Berserk"],"picked":"Barricade","floor":16},{"not_picked":["Clash","Clothesline","Uppercut"],"picked":"SKIP","floor":18},{"not_picked":["Sword Boomerang","Warcry","True Grit"],"picked":"SKIP","floor":19},{"not_picked":["Rage","Headbutt","Entrench"],"picked":"SKIP","floor":22}],"player_experience":713077,"relics_obtained":[{"floor":9,"key":"Unceasing Top"},{"floor":11,"key":"Ice Cream"},{"floor":12,"key":"Torii"},{"floor":14,"key":"Bag of Marbles"}],"event_choices":[{"damage_healed":0,"gold_gain":175,"player_choice":"AGREE","damage_taken":0,"max_hp_gain":0,"max_hp_loss":0,"event_name":"Liars Game","floor":2,"gold_loss":0,"cards_obtained":["Doubt"]},{"damage_healed":0,"gold_gain":0,"player_choice":"Entered Light","damage_taken":16,"max_hp_gain":0,"max_hp_loss":0,"event_name":"Shining Light","floor":4,"gold_loss":0,"cards_upgraded":["Strike_R","Strike_R"]},{"damage_healed":0,"gold_gain":0,"player_choice":"Ignored","damage_taken":0,"max_hp_gain":0,"max_hp_loss":0,"event_name":"Cursed Tome","floor":21,"gold_loss":0}],"is_beta":false,"boss_relics":[{"not_picked":["Fusion Hammer","Runic Cube"],"picked":"Runic Pyramid"}],"items_purged_floors":[3,13,20],"is_endless":false,"potions_floor_spawned":[1,7,8,10,22],"killed_by":"Slavers","ascension_level":0}