{"gold_per_floor":[114,131,131,141,154,154,182,182,182,211,223,257,16,34,34,132,132,152,171,187,187],"floor_reached":21,"playtime":905,"items_purged":[],"score":296,"play_id":"a4e3bb0b-e371-4cdf-a15f-7e4f87bd7edb","local_time":"20190320181643","is_ascension_mode":true,"campfire_choices":[{"data":"Bash","floor":6,"key":"SMITH"},{"data":"Pommel Strike","floor":8,"key":"SMITH"},{"floor":15,"key":"DIG"}],"neow_cost":"NONE","seed_source_timestamp":413212794610316,"circlet_count":0,"master_deck":["Strike_R","Strike_R","Strike_R","Strike_R","Strike_R","Defend_R","Defend_R","Defend_R","Defend_R","Bash+1","Dramatic Entrance","Perfected Strike+1","Wild Strike","Pommel Strike+1","Metallicize","Headbutt","True Grit","Armaments","Anger","Immolate","Wild Strike"],"relics":["Black Blood","Ice Cream","Shovel","Letter Opener","Dodecahedron","Membership Card","Omamori"],"potions_floor_usage":[19,21],"damage_taken":[{"damage":0,"enemies":"Small Slimes","floor":1,"turns":2},{"damage":1,"enemies":"Cultist","floor":2,"turns":3},{"damage":2,"enemies":"Jaw Worm","floor":4,"turns":2},{"damage":11,"enemies":"Looter","floor":5,"turns":2},{"damage":0,"enemies":"Gremlin Nob","floor":7,"turns":2},{"damage":20,"enemies":"Lagavulin","floor":10,"turns":4},{"damage":6,"enemies":"Blue Slaver","floor":11,"turns":3},{"damage":16,"enemies":"Gremlin Nob","floor":12,"turns":3},{"damage":12,"enemies":"Large Slime","floor":14,"turns":5},{"damage":15,"enemies":"Slime Boss","floor":16,"turns":8},{"damage":11,"enemies":"Spheric Guardian","floor":18,"turns":3},{"damage":56,"enemies":"Shell Parasite","floor":19,"turns":6},{"damage":25,"enemies":"Snecko","floor":20,"turns":4},{"damage":36,"enemies":"Snake Plant","floor":21,"turns":4}],"seed_played":"-7725191386515100761","potions_obtained":[{"floor":4,"key":"BloodPotion"},{"floor":10,"key":"FearPotion"},{"floor":11,"key":"SneckoOil"},{"floor":12,"key":"SkillPotion"},{"floor":16,"key":"Regen Potion"}],"is_trial":false,"path_per_floor":["?","M"],"character_chosen":"IRONCLAD","items_purchased":["Membership Card","True Grit","Armaments"],"campfire_rested":0,"item_purchase_floors":[13,13,13],"current_hp_per_floor":[78,80,80,80,75,75,80,80,80,66,66,56,56,50,50,41,70,69,31,16,0],"gold":187,"neow_bonus":"RANDOM_COLORLESS","is_prod":false,"is_daily":false,"chose_seed":false,"campfire_upgraded":2,"win_rate":0,"timestamp":1553120203,"path_taken":["M","M","?","M","?","R","E","R","T","E","M","E","$","M","R","BOSS","M","M","M","M"],"build_version":"2019-01-23","purchased_purges":0,"victory":false,"max_hp_per_floor":[80,80,80,80,80,80,80,80,80,80,80,80,80,80,80,80,80,80,80,80,80],"card_choices":[{"not_picked":["Wild Strike","Warcry"],"picked":"Perfected Strike","floor":1},{"not_picked":["Burning Pact","Body Slam","Blood for Blood"],"picked":"SKIP","floor":2},{"not_picked":["Thunderclap","Iron Wave","Hemokinesis"],"picked":"SKIP","floor":4},{"not_picked":["Sword Boomerang","True Grit"],"picked":"Wild Strike","floor":5},{"not_picked":["Reckless Charge","Body Slam"],"picked":"Pommel Strike","floor":7},{"not_picked":["Heavy Blade","Cleave"],"picked":"Metallicize","floor":10},{"not_picked":["Iron Wave","Berserk","Heavy Blade"],"picked":"SKIP","floor":11},{"not_picked":["Power Through","Entrench"],"picked":"Headbutt","floor":12},{"not_picked":["Searing Blow","Sword Boomerang"],"picked":"Anger","floor":14},{"not_picked":["Limit Break","Offering"],"picked":"Immolate","floor":16},{"not_picked":["Dual Wield","Thunderclap+1","Anger"],"picked":"SKIP","floor":18},{"not_picked":["Thunderclap","Power Through","Hemokinesis"],"picked":"SKIP","floor":19},{"not_picked":["Clothesline+1","Anger+1"],"picked":"Wild Strike","floor":20}],"player_experience":842766,"relics_obtained":[{"floor":7,"key":"Ice Cream"},{"floor":9,"key":"Shovel"},{"floor":10,"key":"Letter Opener"},{"floor":12,"key":"Dodecahedron"},{"floor":15,"key":"Omamori"}],"event_choices":[{"damage_healed":0,"gold_gain":0,"player_choice":"Upgraded","damage_taken":0,"max_hp_gain":0,"max_hp_loss":0,"event_name":"Upgrade Shrine","floor":3,"gold_loss":0,"cards_upgraded":["Perfected Strike"]}],"is_beta":false,"boss_relics":[{"not_picked":["White Beast Statue","Pandora\u0027s Box"],"picked":"Black Blood"}],"items_purged_floors":[],"is_endless":false,"potions_floor_spawned":[4,10,11,12,16,18],"killed_by":"Snake Plant","ascension_level":6}