{"gold_per_floor":[113,113,113,126,146,146,146,166,166,187,205,240,77,120,120,243,243,232,246,246],"floor_reached":20,"playtime":1377,"items_purged":[],"score":260,"play_id":"12548159-b05b-456d-ac62-0d1f8988cb67","local_time":"20190323215222","is_ascension_mode":true,"campfire_choices":[{"data":"Flame Barrier","floor":6,"key":"SMITH"},{"floor":15,"key":"REST"}],"neow_cost":"TEN_PERCENT_HP_LOSS","seed_source_timestamp":684876155935731,"circlet_count":0,"master_deck":["Strike_R","Strike_R","Defend_R","Defend_R","Defend_R","Bash","Flame Barrier+1","Dark Embrace","Fiend Fire","Pummel","Corruption","Flame Barrier","Shrug It Off","Metallicize","Fiend Fire","Dropkick+1","Ghostly Armor+1","Flex+1"],"relics":["Burning Blood","Magic Flower","Golden Idol","Ginger","Nunchaku","Bag of Preparation","Astrolabe"],"potions_floor_usage":[10,12,16,20],"damage_taken":[{"damage":4,"enemies":"2 Louse","floor":1,"turns":4},{"damage":3,"enemies":"Small Slimes","floor":4,"turns":6},{"damage":0,"enemies":"Cultist","floor":5,"turns":5},{"damage":8,"enemies":"Blue Slaver","floor":8,"turns":5},{"damage":14,"enemies":"Exordium Thugs","floor":10,"turns":9},{"damage":2,"enemies":"Large Slime","floor":11,"turns":6},{"damage":41,"enemies":"Lagavulin","floor":12,"turns":8},{"damage":19,"enemies":"3 Sentries","floor":14,"turns":11},{"damage":42,"enemies":"Slime Boss","floor":16,"turns":13},{"damage":22,"enemies":"2 Thieves","floor":18,"turns":4},{"damage":16,"enemies":"Spheric Guardian","floor":19,"turns":5},{"damage":53,"enemies":"3 Cultists","floor":20,"turns":5}],"seed_played":"6276337996294453293","potions_obtained":[{"floor":1,"key":"GamblersBrew"},{"floor":5,"key":"Swift Potion"},{"floor":8,"key":"Explosive Potion"},{"floor":12,"key":"AttackPotion"},{"floor":18,"key":"Explosive Potion"}],"is_trial":false,"path_per_floor":["?","?","M","?","$"],"character_chosen":"IRONCLAD","items_purchased":["Corruption","Flame Barrier","Shrug It Off"],"campfire_rested":1,"item_purchase_floors":[13,13,13],"current_hp_per_floor":[72,54,54,60,69,69,69,70,70,65,72,40,40,30,51,18,59,46,39,0],"gold":246,"neow_bonus":"ONE_RARE_RELIC","is_prod":false,"is_daily":false,"chose_seed":false,"campfire_upgraded":1,"win_rate":0,"timestamp":1553392342,"path_taken":["M","?","?","?","M","R","?","M","T","M","M","E","?","E","R","BOSS","M","M","M"],"build_version":"2019-01-23","purchased_purges":0,"victory":false,"max_hp_per_floor":[72,72,72,72,72,72,72,72,72,72,72,72,72,72,72,72,72,72,72,72],"card_choices":[{"not_picked":["Sword Boomerang","Havoc"],"picked":"Flame Barrier","floor":1},{"not_picked":["True Grit","Clash"],"picked":"Dark Embrace","floor":4},{"not_picked":["Sentinel","Thunderclap","Twin Strike"],"picked":"SKIP","floor":5},{"not_picked":["Sword Boomerang","Second Wind","Blood for Blood"],"picked":"SKIP","floor":8},{"not_picked":["Cleave","Armaments","Pommel Strike"],"picked":"SKIP","floor":10},{"not_picked":["Inflame","Power Through"],"picked":"Pummel","floor":11},{"not_picked":["Brutality","Searing Blow","Second Wind"],"picked":"SKIP","floor":12},{"not_picked":["True Grit","Headbutt"],"picked":"Metallicize","floor":14},{"not_picked":["Juggernaut","Barricade"],"picked":"Fiend Fire","floor":16},{"not_picked":["Cleave","Heavy Blade","Thunderclap"],"picked":"SKIP","floor":18},{"not_picked":["Anger","Clothesline","Flex"],"picked":"SKIP","floor":19}],"player_experience":957304,"relics_obtained":[{"floor":9,"key":"Ginger"},{"floor":12,"key":"Nunchaku"},{"floor":14,"key":"Bag of Preparation"}],"event_choices":[{"damage_healed":0,"gold_gain":0,"player_choice":"Take Damage","damage_taken":18,"relics_obtained":["Golden Idol"],"max_hp_gain":0,"max_hp_loss":0,"event_name":"Golden Idol","floor":2,"gold_loss":0},{"cards_removed":["Strike_R"],"damage_healed":0,"gold_gain":0,"player_choice":"Offered Basic","damage_taken":0,"max_hp_gain":0,"max_hp_loss":0,"event_name":"Bonfire Elementals","floor":3,"gold_loss":0},{"damage_healed":0,"gold_gain":0,"player_choice":"1 cards matched","damage_taken":0,"max_hp_gain":0,"max_hp_loss":0,"event_name":"Match and Keep!","floor":7,"gold_loss":0,"cards_obtained":["Fiend Fire"]}],"is_beta":false,"boss_relics":[{"not_picked":["Busted Crown","Eternal Feather"],"picked":"Astrolabe"}],"items_purged_floors":[],"is_endless":false,"potions_floor_spawned":[1,5,8,12,18],"killed_by":"3 Cultists","ascension_level":8}