{"gold_per_floor":[162,173,189,203,203,203,238,238,238,255,282,299,329,19,19,91,91,109,129,149,169,179,179,213,229,253,272,272,232,242,254,254,254],"floor_reached":33,"playtime":1836,"items_purged":[],"score":502,"play_id":"a0b6f05f-2cbf-4cd6-9281-2a960922f53d","local_time":"20190404175504","is_ascension_mode":true,"campfire_choices":[{"data":"Dagger Spray","floor":6,"key":"SMITH"},{"floor":8,"key":"REST"},{"data":"Infinite Blades","floor":15,"key":"SMITH"},{"floor":23,"key":"REST"},{"floor":32,"key":"REST"}],"neow_cost":"NONE","seed_source_timestamp":1706978966231119,"circlet_count":0,"master_deck":["AscendersBane","Defend_G","Defend_G","Defend_G","Defend_G","Defend_G","Strike_G","Strike_G","Strike_G","Strike_G","Strike_G+1","Survivor","Neutralize","Sucker Punch","Choke","Dagger Spray+1","Glass Knife+1","PiercingWail","PiercingWail","Endless Agony","Sucker Punch","Infinite Blades+1","Caltrops","Adrenaline","Backflip","Blade Dance","Caltrops+1","Caltrops","Blade Dance+1","Slice"],"relics":["Tiny House","The Courier","Meat on the Bone","Pen Nib","Happy Flower","Ninja Scroll","WristBlade","Snake Skull","Regal Pillow","Nilry\u0027s Codex"],"potions_floor_usage":[24,30,30],"damage_taken":[{"damage":3,"enemies":"Small Slimes","floor":1,"turns":5},{"damage":0,"enemies":"Cultist","floor":2,"turns":4},{"damage":8,"enemies":"Jaw Worm","floor":3,"turns":4},{"damage":4,"enemies":"Red Slaver","floor":4,"turns":4},{"damage":22,"enemies":"3 Sentries","floor":7,"turns":8},{"damage":11,"enemies":"Blue Slaver","floor":10,"turns":4},{"damage":24,"enemies":"Gremlin Nob","floor":11,"turns":4},{"damage":6,"enemies":"Looter","floor":12,"turns":2},{"damage":12,"enemies":"3 Sentries","floor":13,"turns":5},{"damage":14,"enemies":"Hexaghost","floor":16,"turns":9},{"damage":13,"enemies":"Shell Parasite","floor":18,"turns":3},{"damage":0,"enemies":"Chosen","floor":19,"turns":3},{"damage":24,"enemies":"Snake Plant","floor":20,"turns":3},{"damage":15,"enemies":"Snecko","floor":21,"turns":4},{"damage":24,"enemies":"Shelled Parasite and Fungi","floor":22,"turns":3},{"damage":37,"enemies":"Book of Stabbing","floor":24,"turns":4},{"damage":8,"enemies":"Sentry and Sphere","floor":25,"turns":4},{"damage":9,"enemies":"Cultist and Chosen","floor":27,"turns":4},{"damage":0,"enemies":"Snecko","floor":30,"turns":3},{"damage":8,"enemies":"Snake Plant","floor":31,"turns":5},{"damage":80,"enemies":"Collector","floor":33,"turns":6}],"seed_played":"4583944104147737090","potions_obtained":[{"floor":0,"key":"GhostInAJar"},{"floor":1,"key":"Explosive Potion"},{"floor":12,"key":"EntropicBrew"},{"floor":19,"key":"LiquidBronze"},{"floor":29,"key":"AttackPotion"}],"is_trial":false,"path_per_floor":["?","?","?","M"],"character_chosen":"THE_SILENT","items_purchased":["Ninja Scroll","Infinite Blades","Caltrops"],"campfire_rested":3,"item_purchase_floors":[14,14,14],"current_hp_per_floor":[61,61,53,49,49,49,27,48,48,37,25,31,31,31,31,29,61,48,48,36,33,21,42,17,21,21,24,8,8,20,24,60,0],"gold":254,"neow_bonus":"BOSS_RELIC","is_prod":false,"is_daily":false,"chose_seed":false,"campfire_upgraded":2,"win_rate":0,"timestamp":1554414904,"path_taken":["M","M","M","M","?","R","E","R","T","M","E","M","E","$","R","BOSS","M","M","M","M","M","R","E","M","T","M","?","?","M","?","R","BOSS"],"build_version":"2019-01-23","purchased_purges":0,"victory":false,"max_hp_per_floor":[71,71,71,71,71,71,71,71,71,71,71,71,71,71,71,71,71,71,71,71,71,71,71,71,71,71,71,71,71,71,71,71,71],"card_choices":[{"not_picked":["Calculated Gamble","Blade Dance"],"picked":"Sucker Punch","floor":0},{"not_picked":["Predator","Eviscerate"],"picked":"Choke","floor":1},{"not_picked":["Outmaneuver","Blade Dance"],"picked":"Dagger Spray","floor":2},{"not_picked":["Terror","Poisoned Stab"],"picked":"Glass Knife","floor":3},{"not_picked":["Backflip","Bouncing Flask"],"picked":"PiercingWail","floor":4},{"not_picked":["Quick Slash","Grand Finale"],"picked":"PiercingWail","floor":7},{"not_picked":["Crippling Poison","Flying Knee"],"picked":"Endless Agony","floor":10},{"not_picked":["Venomology","Deflect"],"picked":"Sucker Punch","floor":11},{"not_picked":["Poisoned Stab","Dagger Spray","Dagger Throw"],"picked":"SKIP","floor":12},{"not_picked":["Masterful Stab","Dagger Throw","Backflip"],"picked":"SKIP","floor":13},{"not_picked":["Tools of the Trade","Grand Finale"],"picked":"Adrenaline","floor":16},{"not_picked":["Flying Knee","Concentrate"],"picked":"Backflip","floor":18},{"not_picked":["Flying Knee","Concentrate","Quick Slash"],"picked":"SKIP","floor":19},{"not_picked":["Predator","Dagger Spray"],"picked":"Blade Dance","floor":20},{"not_picked":["Distraction","Bouncing Flask+1"],"picked":"Caltrops+1","floor":21},{"not_picked":["Dodge and Roll","Concentrate"],"picked":"Caltrops","floor":22},{"not_picked":["Acrobatics+1","Dagger Throw"],"picked":"Blade Dance+1","floor":24},{"not_picked":["Acrobatics","Accuracy"],"picked":"Slice","floor":25},{"not_picked":["Calculated Gamble","Underhanded Strike","Flying Knee+1"],"picked":"SKIP","floor":27},{"not_picked":["Outmaneuver+1","Masterful Stab","Distraction"],"picked":"SKIP","floor":30},{"not_picked":["PiercingWail","Underhanded Strike","Dagger Spray"],"picked":"SKIP","floor":31}],"player_experience":1483863,"relics_obtained":[{"floor":7,"key":"The Courier"},{"floor":9,"key":"Meat on the Bone"},{"floor":11,"key":"Pen Nib"},{"floor":13,"key":"Happy Flower"},{"floor":24,"key":"Snake Skull"},{"floor":26,"key":"Regal Pillow"},{"floor":28,"key":"Nilry\u0027s Codex"}],"event_choices":[{"damage_healed":0,"gold_gain":0,"player_choice":"Upgraded","damage_taken":0,"max_hp_gain":0,"max_hp_loss":0,"event_name":"Upgrade Shrine","floor":5,"gold_loss":0,"cards_upgraded":["Glass Knife"]},{"damage_healed":0,"gold_gain":0,"player_choice":"Obtained Book","damage_taken":16,"max_hp_gain":0,"max_hp_loss":0,"event_name":"Cursed Tome","floor":28,"gold_loss":0},{"damage_healed":0,"gold_gain":0,"player_choice":"Bought 3 Potions","damage_taken":0,"max_hp_gain":0,"max_hp_loss":0,"event_name":"The Woman in Blue","floor":29,"gold_loss":0}],"is_beta":false,"boss_relics":[{"not_picked":["Pandora\u0027s Box","White Beast Statue"],"picked":"WristBlade"}],"items_purged_floors":[],"is_endless":false,"potions_floor_spawned":[1,4,7,12,19,20,21,22],"killed_by":"Collector","ascension_level":14}