{"gold_per_floor":[110,33,108,108,126,156,166,68,115,115,30,54,66,82,82,187,187,205,205,205,219,119,119,150,150,150,25,44,61,77,77,77,174,174,190,0,0,0,13,13,113,113,140,47,47,63,73,89,89,89],"floor_reached":50,"playtime":2595,"items_purged":["Strike_R","Defend_R","Defend_R"],"score":510,"play_id":"cf313ed0-1c4c-446c-9947-9431eaf7291d","local_time":"20181121111717","is_ascension_mode":false,"campfire_choices":[{"data":"Searing Blow","floor":15.0,"key":"SMITH"},{"data":"Searing Blow+1","floor":23,"key":"SMITH"},{"floor":25,"key":"REST"},{"floor":32,"key":"REST"},{"floor":40,"key":"RECALL"},{"data":"Armaments","floor":45,"key":"SMITH"},{"floor":49,"key":"REST"}],"neow_cost":"NONE","seed_source_timestamp":665680802315397,"circlet_count":0,"master_deck":["Strike_R","Strike_R","Defend_R","Defend_R","Bash","Rampage","Iron Wave","Battle Trance","Exhume","Dark Shackles","Shrug It Off","Iron Wave","Searing Blow+2","Shrug It Off","Deep Breath","Offering","Armaments+1","Juggernaut","Shrug It Off+1","Pommel Strike","Pommel Strike","Shrug It Off","Finesse"],"special_seed":0,"relics":["Burning Blood","Dream Catcher","Orichalcum","Happy Flower","Busted Crown","Darkstone Periapt","Gremlin Horn","Red Mask","Du-Vu Doll","Omamori"],"potions_floor_usage":[21,30,47,48],"damage_taken":[{"damage":1.0,"enemies":"Jaw Worm","floor":1.0,"turns":3.0},{"damage":2.0,"enemies":"Small Slimes","floor":5.0,"turns":3.0},{"damage":14.0,"enemies":"Lagavulin","floor":6.0,"turns":8.0},{"damage":1.0,"enemies":"Cultist","floor":7.0,"turns":3.0},{"damage":0.0,"enemies":"Large Slime","floor":13.0,"turns":6.0},{"damage":1.0,"enemies":"Exordium Wildlife","floor":14.0,"turns":6.0},{"damage":29.0,"enemies":"The Guardian","floor":16.0,"turns":13.0},{"damage":2,"enemies":"Chosen","floor":18,"turns":4},{"damage":41,"enemies":"3 Byrds","floor":21,"turns":8},{"damage":47,"enemies":"Gremlin Leader","floor":24,"turns":12},{"damage":1,"enemies":"Snecko","floor":28,"turns":5},{"damage":20,"enemies":"Sentry and Sphere","floor":29,"turns":6},{"damage":13,"enemies":"3 Cultists","floor":30,"turns":5},{"damage":52,"enemies":"Collector","floor":33,"turns":9},{"damage":8,"enemies":"3 Shapes","floor":35,"turns":5},{"damage":3,"enemies":"Orb Walker","floor":39,"turns":4},{"damage":14,"enemies":"Mind Bloom Boss Battle","floor":41,"turns":8},{"damage":16,"enemies":"Sphere and 2 Shapes","floor":46,"turns":6},{"damage":23,"enemies":"Writhing Mass","floor":47,"turns":7},{"damage":38,"enemies":"Jaw Worm Horde","floor":48,"turns":5},{"damage":70,"enemies":"Time Eater","floor":50,"turns":9}],"seed_played":"-5073731290413145150","potions_obtained":[{"floor":5.0,"key":"Poison Potion"},{"floor":7.0,"key":"Regen Potion"},{"floor":16.0,"key":"Fruit Juice"},{"floor":28,"key":"FearPotion"},{"floor":29,"key":"Regen Potion"},{"floor":35,"key":"PowerPotion"},{"floor":46,"key":"Block Potion"}],"is_trial":false,"path_per_floor":["M","$","?","?","M","E","M","$","T","?","$","T","M","M","R","B",null,"M","?","?","M","$","R","E","R","T","$","M","M","M","T","R","B",null,"M","?","?","$","M","R","?","?","T","$","R","M","M","M","R","B"],"character_chosen":"IRONCLAD","items_purchased":["Battle Trance","Shrug It Off","Deep Breath","Finesse"],"campfire_rested":3,"item_purchase_floors":[2,8,11,44],"current_hp_per_floor":[80,80,69,69,73,65,70,70,70,63,63,63,69,74,74,51,85,85,85,85,65,65,65,24,49,49,49,54,40,47,47,72,26,85,83,83,81,81,81,81,73,91,91,91,91,81,64,32,59,0],"gold":89,"neow_bonus":"THREE_CARDS","is_prod":false,"is_daily":false,"chose_seed":false,"campfire_upgraded":3,"win_rate":0,"timestamp":1542824237,"path_taken":["M","$","?","?","?","E","M","$","T","?","?","?","M","M","R","BOSS","M","?","?","?","$","R","E","R","T","?","M","M","?","?","R","BOSS","M","?","?","?","M","R","?","?","T","$","R","M","M","M","R","BOSS"],"build_version":"2018-11-15","purchased_purges":3,"victory":false,"max_hp_per_floor":[80,80,80,80,80,80,80,80,80,80,80,80,80,80,80,80,85,85,85,85,85,85,85,85,85,85,85,85,85,85,85,85,85,85,85,85,81,81,81,81,81,91,91,91,91,91,91,91,91,91],"card_choices":[{"not_picked":["True Grit","Disarm"],"picked":"Rampage","floor":0.0},{"not_picked":["Havoc","Clash"],"picked":"Iron Wave","floor":1.0},{"not_picked":["Power Through","Headbutt"],"picked":"Shrug It Off","floor":5.0},{"not_picked":["Uppercut","Dual Wield"],"picked":"Iron Wave","floor":6.0},{"not_picked":["Second Wind","Twin Strike"],"picked":"Searing Blow","floor":7.0},{"not_picked":["Inflame","Clothesline"],"picked":"Offering","floor":13.0},{"not_picked":["Heavy Blade","Flame Barrier","Fire Breathing"],"picked":"SKIP","floor":14.0},{"not_picked":["Fiend Fire","Immolate"],"picked":"Demon Form","floor":16.0},{"not_picked":["Sentinel"],"picked":"SKIP","floor":18},{"not_picked":["Iron Wave"],"picked":"SKIP","floor":21},{"not_picked":[],"picked":"Shrug It Off+1","floor":24},{"not_picked":[],"picked":"Pommel Strike","floor":28},{"not_picked":["True Grit"],"picked":"SKIP","floor":29},{"not_picked":["Clothesline+1"],"picked":"SKIP","floor":30},{"not_picked":[],"picked":"Pommel Strike","floor":35},{"not_picked":["True Grit"],"picked":"SKIP","floor":39},{"not_picked":[],"picked":"Shrug It Off","floor":41},{"not_picked":["Warcry"],"picked":"SKIP","floor":46},{"not_picked":["Sword Boomerang"],"picked":"SKIP","floor":47},{"not_picked":["Sword Boomerang"],"picked":"SKIP","floor":48}],"player_experience":1119809,"relics_obtained":[{"floor":6.0,"key":"Dream Catcher"},{"floor":9.0,"key":"Orichalcum"},{"floor":12.0,"key":"Happy Flower"},{"floor":24,"key":"Darkstone Periapt"},{"floor":26,"key":"Gremlin Horn"},{"floor":41,"key":"Du-Vu Doll"},{"floor":43,"key":"Omamori"}],"event_choices":[{"damage_healed":0.0,"max_hp_gain":0.0,"max_hp_loss":0.0,"gold_gain":75.0,"event_name":"World of Goop","player_choice":"Gather Gold","floor":3.0,"gold_loss":0.0,"damage_taken":11.0},{"damage_healed":0.0,"max_hp_gain":0.0,"max_hp_loss":0.0,"gold_gain":0.0,"event_name":"Match and Keep!","player_choice":"2 cards matched","floor":4.0,"gold_loss":0.0,"damage_taken":0.0,"cards_obtained":["Exhume","Dark Shackles"]},{"cards_removed":["Strike_R"],"damage_healed":0.0,"max_hp_gain":0.0,"max_hp_loss":0.0,"gold_gain":0.0,"event_name":"Golden Wing","player_choice":"Card Removal","floor":10.0,"gold_loss":0.0,"damage_taken":7.0},{"damage_healed":0,"gold_gain":0,"player_choice":"Read","damage_taken":0,"max_hp_gain":0,"max_hp_loss":0,"event_name":"The Library","floor":19,"gold_loss":0,"cards_obtained":["Armaments"]},{"damage_healed":0,"gold_gain":0,"cards_transformed":["Strike_R"],"player_choice":"Transformed","damage_taken":0,"max_hp_gain":0,"max_hp_loss":0,"event_name":"Transmorgrifier","floor":20,"gold_loss":0,"cards_obtained":["Juggernaut"]},{"damage_healed":0,"gold_gain":0,"player_choice":"Paid","damage_taken":0,"relics_obtained":["Red Mask"],"max_hp_gain":0,"max_hp_loss":0,"event_name":"Tomb of Lord Red Mask","floor":36,"gold_loss":190},{"damage_healed":0,"gold_gain":0,"player_choice":"Max HP","damage_taken":0,"max_hp_gain":0,"max_hp_loss":4,"event_name":"Winding Halls","floor":37,"gold_loss":0},{"damage_healed":0,"gold_gain":0,"player_choice":"Fight","damage_taken":0,"max_hp_gain":0,"max_hp_loss":0,"event_name":"MindBloom","floor":41,"gold_loss":0},{"cards_removed":["Demon Form"],"damage_healed":8,"gold_gain":0,"player_choice":"Offered Rare","damage_taken":0,"max_hp_gain":10,"max_hp_loss":0,"event_name":"Bonfire Elementals","floor":42,"gold_loss":0}],"is_beta":false,"boss_relics":[{"not_picked":["Runic Cube","Runic Pyramid"],"picked":"Busted Crown"},{"not_picked":["Mark of Pain","Orrery","Cursed Key"]}],"items_purged_floors":[8,22,27],"is_endless":false,"potions_floor_spawned":[5,7,16,28,29,35,46],"killed_by":"Time Eater","ascension_level":0}