{"gold_per_floor":[111,111,134,152,227,260,273,273],"floor_reached":8,"playtime":258,"items_purged":[],"score":73,"play_id":"b20d588f-efd1-4c5f-bfa9-627bfc058330","local_time":"20181021102903","is_ascension_mode":true,"campfire_choices":[],"neow_cost":"NONE","seed_source_timestamp":0,"circlet_count":0,"master_deck":["Strike_B","Strike_B","Strike_B","Strike_B","Defend_B","Defend_B","Defend_B","Defend_B","Zap","Dualcast","Finesse","Skim","Injury","Sweeping Beam","Gash","Defragment","Ball Lightning"],"special_seed":0,"relics":["Cracked Core","Golden Idol","PreservedInsect"],"potions_floor_usage":[7,8],"damage_taken":[{"damage":2.0,"enemies":"2 Louse","floor":1.0,"turns":3.0},{"damage":1,"enemies":"Cultist","floor":3,"turns":4},{"damage":0,"enemies":"Small Slimes","floor":4,"turns":2},{"damage":56,"enemies":"Lagavulin","floor":6,"turns":7},{"damage":3,"enemies":"Blue Slaver","floor":7,"turns":4},{"damage":5,"enemies":"Lots of Slimes","floor":8,"turns":1}],"seed_played":"1318628005341556908","potions_obtained":[{"floor":6,"key":"Block Potion"},{"floor":7,"key":"Weak Potion"}],"is_trial":false,"path_per_floor":["M","?","M","M","?","E","M"],"character_chosen":"DEFECT","items_purchased":[],"campfire_rested":0,"item_purchase_floors":[],"current_hp_per_floor":[73,73,72,72,61,5,2,0],"gold":273,"neow_bonus":"RANDOM_COLORLESS","is_prod":false,"is_daily":false,"chose_seed":false,"campfire_upgraded":0,"win_rate":0,"timestamp":1540139343,"path_taken":["M","?","M","?","?","E","M","M"],"build_version":"2018-10-18","purchased_purges":0,"victory":false,"max_hp_per_floor":[75,75,75,75,75,75,75,75],"card_choices":[{"not_picked":["Streamline","Storm"],"picked":"Skim","floor":1},{"not_picked":["Storm","Rebound"],"picked":"Sweeping Beam","floor":3},{"not_picked":["Melter","Reprogram"],"picked":"Gash","floor":4},{"not_picked":["Consume","Undo"],"picked":"Defragment","floor":6},{"not_picked":["Streamline","Compile Driver"],"picked":"Ball Lightning","floor":7}],"player_experience":746526,"relics_obtained":[{"floor":6,"key":"PreservedInsect"}],"event_choices":[{"damage_healed":0,"gold_gain":0,"player_choice":"Take Wound","damage_taken":0,"relics_obtained":["Golden Idol"],"max_hp_gain":0,"max_hp_loss":0,"event_name":"Golden Idol","floor":2,"gold_loss":0,"cards_obtained":["Injury"]},{"damage_healed":0,"gold_gain":75,"player_choice":"Gather Gold","damage_taken":11,"max_hp_gain":0,"max_hp_loss":0,"event_name":"World of Goop","floor":5,"gold_loss":0}],"is_beta":false,"boss_relics":[],"items_purged_floors":[],"is_endless":false,"potions_floor_spawned":[6,7],"killed_by":"Lots of Slimes","ascension_level":5}