{"gold_per_floor":[117,117,42,42,58,92,106,106,131,131,131,144,167,202,202,202],"floor_reached":16,"playtime":1328,"items_purged":["Strike_R"],"score":141,"play_id":"22de7b8f-0662-4d5a-b14f-4f9390f470ad","local_time":"20190201140138","is_ascension_mode":true,"campfire_choices":[{"floor":8,"key":"REST"},{"floor":11,"key":"REST"},{"floor":15,"key":"REST"}],"neow_cost":"NONE","seed_source_timestamp":313471031410300,"circlet_count":0,"master_deck":["Strike_R","Strike_R","Strike_R","Strike_R","Defend_R","Defend_R","Defend_R","Defend_R","Bash","Body Slam","Headbutt","Thunderclap","Infernal Blade","Regret","Anger","Anger","Body Slam"],"relics":["Burning Blood","Strawberry","Golden Idol","Red Skull","Darkstone Periapt","Smiling Mask"],"potions_floor_usage":[16,16],"damage_taken":[{"damage":6,"enemies":"Jaw Worm","floor":1,"turns":5},{"damage":1,"enemies":"2 Louse","floor":5,"turns":3},{"damage":51,"enemies":"Gremlin Nob","floor":6,"turns":6},{"damage":1,"enemies":"Cultist","floor":7,"turns":3},{"damage":5,"enemies":"Looter","floor":12,"turns":3},{"damage":36,"enemies":"Exordium Thugs","floor":13,"turns":5},{"damage":28,"enemies":"Lagavulin","floor":14,"turns":4},{"damage":70,"enemies":"Slime Boss","floor":16,"turns":9}],"seed_played":"-9084176869483970647","potions_obtained":[{"floor":1,"key":"Ancient Potion"},{"floor":5,"key":"Ancient Potion"},{"floor":7,"key":"GamblersBrew"}],"is_trial":false,"path_per_floor":["?","?","?","M"],"character_chosen":"IRONCLAD","items_purchased":[],"campfire_rested":3,"item_purchase_floors":[],"current_hp_per_floor":[88,83,83,60,65,20,25,53,53,59,89,90,60,38,68,0],"gold":202,"neow_bonus":"TEN_PERCENT_HP_BONUS","is_prod":false,"is_daily":false,"chose_seed":false,"campfire_upgraded":0,"win_rate":0,"timestamp":1549047698,"path_taken":["M","?","$","?","M","E","M","R","T","?","R","M","?","E","R","BOSS"],"build_version":"2019-01-23","purchased_purges":1,"victory":false,"max_hp_per_floor":[88,95,95,95,95,95,95,95,95,101,101,101,101,101,101,101],"card_choices":[{"not_picked":["Shrug It Off","Hemokinesis"],"picked":"Body Slam","floor":1},{"not_picked":["Cleave","Carnage"],"picked":"Headbutt","floor":5},{"not_picked":["Bloodletting","Hemokinesis"],"picked":"Thunderclap","floor":6},{"not_picked":["Sever Soul","Sword Boomerang"],"picked":"Infernal Blade","floor":7},{"not_picked":["Rupture","Heavy Blade"],"picked":"Anger","floor":12},{"not_picked":["Seeing Red","Heavy Blade"],"picked":"Anger","floor":13},{"not_picked":["Berserk","Armaments"],"picked":"Body Slam","floor":14}],"player_experience":123239,"relics_obtained":[{"floor":6,"key":"Red Skull"},{"floor":14,"key":"Smiling Mask"}],"event_choices":[{"damage_healed":0,"gold_gain":0,"player_choice":"Success","damage_taken":12,"relics_obtained":["Strawberry"],"max_hp_gain":0,"max_hp_loss":0,"event_name":"Scrap Ooze","floor":2,"gold_loss":0},{"damage_healed":0,"gold_gain":0,"player_choice":"Take Damage","damage_taken":23,"relics_obtained":["Golden Idol"],"max_hp_gain":0,"max_hp_loss":0,"event_name":"Golden Idol","floor":4,"gold_loss":0},{"damage_healed":0,"gold_gain":0,"player_choice":"Box","damage_taken":0,"relics_obtained":["Darkstone Periapt"],"max_hp_gain":0,"max_hp_loss":0,"event_name":"Big Fish","floor":10,"gold_loss":0,"cards_obtained":["Regret"]}],"is_beta":false,"boss_relics":[],"items_purged_floors":[3],"is_endless":false,"potions_floor_spawned":[1,5,7],"killed_by":"Slime Boss","ascension_level":1}