{"gold_per_floor":[119,219,129,145,161,187,206,206,206,222,222,256,268,278,278,278],"floor_reached":16,"playtime":1050,"items_purged":[],"score":188,"play_id":"b6c3e911-046c-4950-8237-a30ac81ef491","local_time":"20190401134153","is_ascension_mode":true,"campfire_choices":[{"data":"Noxious Fumes","floor":8,"key":"SMITH"},{"floor":11,"key":"REST"},{"floor":15,"key":"REST"}],"neow_cost":"NONE","seed_source_timestamp":1433376187061578,"circlet_count":0,"master_deck":["AscendersBane","Defend_G","Defend_G","Defend_G","Defend_G","Defend_G","Strike_G","Strike_G","Strike_G","Strike_G","Strike_G","Survivor","Neutralize","Quick Slash","Caltrops","Backflip","Noxious Fumes+1","Crippling Poison","Dagger Spray","Noxious Fumes"],"relics":["White Beast Statue","Pear","Matryoshka"],"potions_floor_usage":[16],"damage_taken":[{"damage":1,"enemies":"Small Slimes","floor":1,"turns":4},{"damage":2,"enemies":"Cultist","floor":4,"turns":5},{"damage":3,"enemies":"2 Louse","floor":5,"turns":3},{"damage":36,"enemies":"3 Sentries","floor":6,"turns":13},{"damage":8,"enemies":"2 Fungi Beasts","floor":7,"turns":6},{"damage":5,"enemies":"Large Slime","floor":10,"turns":6},{"damage":17,"enemies":"Lagavulin","floor":12,"turns":8},{"damage":0,"enemies":"3 Louse","floor":13,"turns":3},{"damage":12,"enemies":"Blue Slaver","floor":14,"turns":5},{"damage":37,"enemies":"The Guardian","floor":16,"turns":7}],"seed_played":"7922725371325992151","potions_obtained":[{"floor":1,"key":"AttackPotion"},{"floor":4,"key":"Poison Potion"},{"floor":10,"key":"Weak Potion"}],"is_trial":false,"path_per_floor":["?","$","M","M","M"],"character_chosen":"THE_SILENT","items_purchased":["Caltrops","Backflip"],"campfire_rested":2,"item_purchase_floors":[3,3],"current_hp_per_floor":[62,62,62,60,57,31,23,23,23,18,42,25,25,13,37,0],"gold":278,"neow_bonus":"BOSS_RELIC","is_prod":false,"is_daily":false,"chose_seed":false,"campfire_upgraded":1,"win_rate":0,"timestamp":1554140513,"path_taken":["M","?","?","?","M","E","M","R","T","M","R","E","?","?","R","BOSS"],"build_version":"2019-01-23","purchased_purges":0,"victory":false,"max_hp_per_floor":[70,70,70,70,70,80,80,80,80,80,80,80,80,80,80,80],"card_choices":[{"not_picked":["Dodge and Roll","PiercingWail"],"picked":"Quick Slash","floor":1},{"not_picked":["Bane","Distraction","Concentrate"],"picked":"SKIP","floor":4},{"not_picked":["Catalyst","Acrobatics","Blade Dance"],"picked":"SKIP","floor":5},{"not_picked":["A Thousand Cuts","Unload"],"picked":"Noxious Fumes","floor":6},{"not_picked":["Endless Agony","Dagger Throw"],"picked":"Crippling Poison","floor":7},{"not_picked":["Dagger Throw","Acrobatics"],"picked":"Dagger Spray","floor":10},{"not_picked":["Flying Knee","Calculated Gamble"],"picked":"Noxious Fumes","floor":12},{"not_picked":["Heel Hook","Dagger Throw","Deadly Poison"],"picked":"SKIP","floor":13},{"not_picked":["Escape Plan","Storm of Steel","Terror"],"picked":"SKIP","floor":14}],"player_experience":1373022,"relics_obtained":[{"floor":6,"key":"Pear"},{"floor":12,"key":"Matryoshka"}],"event_choices":[{"damage_healed":0,"gold_gain":100,"player_choice":"Pray","damage_taken":0,"max_hp_gain":0,"max_hp_loss":0,"event_name":"Golden Shrine","floor":2,"gold_loss":0}],"is_beta":false,"boss_relics":[],"items_purged_floors":[],"is_endless":false,"potions_floor_spawned":[1,4,5,6,7,10,12,13,14],"killed_by":"The Guardian","ascension_level":13}