{"gold_per_floor":[110,127,127,140,166,166,166,198,198,227,240,192,207,219,219,316,316,330,330,330,330,162,162,162],"floor_reached":24,"playtime":982,"items_purged":["Strike_R"],"score":301,"play_id":"0d955347-b1d6-4379-815a-19c2fb67d0db","local_time":"20181108113517","is_ascension_mode":true,"campfire_choices":[{"data":"Shockwave","floor":6.0,"key":"SMITH"},{"floor":15.0,"key":"REST"},{"floor":23.0,"key":"REST"}],"neow_cost":"NONE","seed_source_timestamp":2486782958639835,"circlet_count":0,"master_deck":["AscendersBane","Strike_R","Strike_R+1","Strike_R+1","Defend_R","Defend_R","Defend_R","Defend_R","Bash","Shockwave+1","Ghostly Armor+1","Searing Blow","Armaments","Metallicize","Feed","Pommel Strike","Flash of Steel"],"special_seed":0,"relics":["Burning Blood","Juzu Bracelet","Whetstone","Pen Nib","Bottled Lightning","Odd Mushroom","Runic Cube"],"potions_floor_usage":[24],"damage_taken":[{"damage":4.0,"enemies":"Small Slimes","floor":1.0,"turns":4.0},{"damage":11.0,"enemies":"Jaw Worm","floor":2.0,"turns":6.0},{"damage":12.0,"enemies":"2 Louse","floor":4.0,"turns":3.0},{"damage":32.0,"enemies":"Lagavulin","floor":8.0,"turns":6.0},{"damage":27.0,"enemies":"The Mushroom Lair","floor":10.0,"turns":7.0},{"damage":12.0,"enemies":"Exordium Thugs","floor":11.0,"turns":6.0},{"damage":5.0,"enemies":"Blue Slaver","floor":13.0,"turns":4.0},{"damage":1.0,"enemies":"Large Slime","floor":14.0,"turns":6.0},{"damage":9.0,"enemies":"The Guardian","floor":16.0,"turns":14.0},{"damage":41.0,"enemies":"Spheric Guardian","floor":18.0,"turns":12.0},{"damage":53,"enemies":"Gremlin Leader","floor":24,"turns":6}],"seed_played":"-6853546540747045777","potions_obtained":[{"floor":4.0,"key":"PowerPotion"},{"floor":13.0,"key":"PowerPotion"},{"floor":14.0,"key":"FearPotion"},{"floor":16.0,"key":"Fire Potion"},{"floor":18.0,"key":"GamblersBrew"}],"is_trial":false,"path_per_floor":["M","M","?","M","T","R","?","E","T","?","M","?","M","M","R","B",null,"M","?","?","?","$","R","E"],"character_chosen":"IRONCLAD","items_purchased":["Flash of Steel"],"campfire_rested":2,"item_purchase_floors":[22],"current_hp_per_floor":[74,69,69,63,63,63,63,37,37,16,10,10,11,16,40,37,69,34,34,19,19,19,44,0],"gold":162,"neow_bonus":"RANDOM_COMMON_RELIC","is_prod":false,"is_daily":false,"chose_seed":false,"campfire_upgraded":1,"win_rate":0,"timestamp":1541702117,"path_taken":["M","M","?","M","?","R","?","E","T","?","M","?","M","M","R","BOSS","M","?","?","?","$","R","E"],"build_version":"2018-11-01","purchased_purges":1,"victory":false,"max_hp_per_floor":[80,80,80,80,80,80,80,80,80,80,80,80,80,80,80,80,80,80,80,85,85,85,85,85],"card_choices":[{"not_picked":["Cleave","Flex"],"picked":"Shockwave","floor":1.0},{"not_picked":["Flex","Rupture"],"picked":"Ghostly Armor","floor":2.0},{"not_picked":["Sentinel","Thunderclap","Corruption"],"picked":"SKIP","floor":4.0},{"not_picked":["Warcry","Rupture"],"picked":"Searing Blow","floor":8.0},{"not_picked":["Offering","Burning Pact"],"picked":"Armaments","floor":10.0},{"not_picked":["Clothesline","Fire Breathing","Heavy Blade"],"picked":"SKIP","floor":11.0},{"not_picked":["Perfected Strike","Headbutt","Clash"],"picked":"SKIP","floor":13.0},{"not_picked":["Havoc","Sentinel"],"picked":"Metallicize","floor":14.0},{"not_picked":["Exhume","Demon Form"],"picked":"Feed","floor":16.0},{"not_picked":["Wild Strike","Thunderclap"],"picked":"Pommel Strike","floor":18.0}],"player_experience":1029219,"relics_obtained":[{"floor":5.0,"key":"Whetstone"},{"floor":8.0,"key":"Pen Nib"},{"floor":9.0,"key":"Bottled Lightning"},{"floor":10.0,"key":"Odd Mushroom"}],"event_choices":[{"damage_healed":0.0,"max_hp_gain":0.0,"max_hp_loss":0.0,"gold_gain":0.0,"event_name":"The Cleric","player_choice":"Leave","floor":3.0,"gold_loss":0.0,"damage_taken":0.0},{"damage_healed":0.0,"max_hp_gain":0.0,"max_hp_loss":0.0,"gold_gain":0.0,"event_name":"Upgrade Shrine","player_choice":"Upgraded","floor":7.0,"gold_loss":0.0,"damage_taken":0.0,"cards_upgraded":["Ghostly Armor"]},{"damage_healed":0.0,"max_hp_gain":0.0,"max_hp_loss":0.0,"gold_gain":0.0,"event_name":"Mushrooms","player_choice":"Fought Mushrooms","floor":10.0,"gold_loss":0.0,"damage_taken":0.0},{"damage_healed":0.0,"max_hp_gain":0.0,"max_hp_loss":0.0,"gold_gain":0.0,"event_name":"World of Goop","player_choice":"Left Gold","floor":12.0,"gold_loss":48.0,"damage_taken":0.0},{"cards_removed":["Strike_R"],"damage_healed":0.0,"max_hp_gain":0.0,"max_hp_loss":0.0,"gold_gain":0.0,"event_name":"Back to Basics","player_choice":"Elegance","floor":19.0,"gold_loss":0.0,"damage_taken":0.0},{"damage_healed":0.0,"max_hp_gain":5.0,"max_hp_loss":0.0,"gold_gain":0.0,"event_name":"Forgotten Altar","player_choice":"Shed Blood","floor":20.0,"gold_loss":0.0,"damage_taken":20.0},{"damage_healed":0.0,"max_hp_gain":0.0,"max_hp_loss":0.0,"gold_gain":0.0,"event_name":"Cursed Tome","player_choice":"Ignored","floor":21.0,"gold_loss":0.0,"damage_taken":0.0}],"is_beta":false,"boss_relics":[{"not_picked":["Orrery","Eternal Feather"],"picked":"Runic Cube"}],"items_purged_floors":[22],"is_endless":false,"potions_floor_spawned":[4,13,14,16,18],"killed_by":"Gremlin Leader","ascension_level":11}