{"gold_per_floor":[113,113,113,131,30,30,56,56,56,68,91,119,156,179,191,308,320,343,375,415,218,218,245,245,245,272,302,302,231,251,52,52,157,157,176,276,4,4,16,46,61,91,91,91,313,331,343,378,378,378],"floor_reached":50,"playtime":2264,"items_purged":[],"score":906,"play_id":"78a0a5fd-5f59-404e-8b33-96f9e5179080","local_time":"20181104120431","is_ascension_mode":true,"campfire_choices":[{"data":"True Grit","floor":6.0,"key":"SMITH"},{"floor":8.0,"key":"REST"},{"data":"Perfected Strike","floor":15,"key":"SMITH"},{"floor":24,"key":"REST"},{"data":"Armaments","floor":28,"key":"SMITH"},{"data":"Inflame","floor":32,"key":"SMITH"},{"floor":44,"key":"REST"},{"floor":49,"key":"REST"}],"neow_cost":"CURSE","seed_source_timestamp":2141707042363471,"circlet_count":0,"master_deck":["Strike_R+1","Strike_R+1","Strike_R+1","Strike_R+1","Strike_R+1","Defend_R+1","Defend_R+1","Defend_R+1","Defend_R+1","Bash","Wild Strike","Shrug It Off","True Grit+1","Sentinel","Pommel Strike","Perfected Strike+1","Shrug It Off","Pommel Strike","Immolate","Flex","Battle Trance+1","True Grit","Shrug It Off","Armaments+1","Flex+1","Inflame+1","Evolve","Immolate+1","Second Wind+1","Shrug It Off","Immolate+1","Secret Weapon","Panache","Wild Strike+1","Sever Soul+1","Perfected Strike+1","Pommel Strike+1"],"special_seed":0,"relics":["Burning Blood","Matryoshka","Omamori","MawBank","Pantograph","Centennial Puzzle","Velvet Choker","Red Mask","Happy Flower","Potion Belt","Molten Egg 2","Art of War","Red Skull","Medical Kit","Cursed Key","Torii","Oddly Smooth Stone","Strawberry","FossilizedHelix","Ginger"],"potions_floor_usage":[16,20,20,20,20,33,33,40,42,48,50],"damage_taken":[{"damage":11.0,"enemies":"Small Slimes","floor":1.0,"turns":4.0},{"damage":2.0,"enemies":"Jaw Worm","floor":4.0,"turns":3.0},{"damage":48.0,"enemies":"Lagavulin","floor":7.0,"turns":9.0},{"damage":1.0,"enemies":"2 Louse","floor":11.0,"turns":3.0},{"damage":24.0,"enemies":"Large Slime","floor":12.0,"turns":10.0},{"damage":26.0,"enemies":"Gremlin Nob","floor":13.0,"turns":4.0},{"damage":0.0,"enemies":"2 Fungi Beasts","floor":14.0,"turns":4.0},{"damage":43,"enemies":"Hexaghost","floor":16,"turns":12},{"damage":20,"enemies":"Chosen","floor":18,"turns":5},{"damage":12,"enemies":"2 Thieves","floor":19,"turns":3},{"damage":3,"enemies":"Masked Bandits","floor":20,"turns":4},{"damage":43,"enemies":"Gremlin Leader","floor":23,"turns":5},{"damage":9,"enemies":"Slavers","floor":27,"turns":7},{"damage":4,"enemies":"3 Cultists","floor":30,"turns":4},{"damage":77,"enemies":"Champ","floor":33,"turns":13},{"damage":0,"enemies":"3 Shapes","floor":35,"turns":2},{"damage":9,"enemies":"Mind Bloom Boss Battle","floor":36,"turns":7},{"damage":0,"enemies":"Orb Walker","floor":39,"turns":3},{"damage":25,"enemies":"Nemesis","floor":40,"turns":5},{"damage":45,"enemies":"Maw","floor":41,"turns":6},{"damage":17,"enemies":"Reptomancer","floor":42,"turns":4},{"damage":0,"enemies":"Jaw Worm Horde","floor":46,"turns":2},{"damage":0,"enemies":"4 Shapes","floor":47,"turns":3},{"damage":51,"enemies":"Nemesis","floor":48,"turns":6},{"damage":102,"enemies":"Time Eater","floor":50,"turns":10}],"seed_played":"2223305429688866632","potions_obtained":[{"floor":1.0,"key":"Explosive Potion"},{"floor":4.0,"key":"BloodPotion"},{"floor":12.0,"key":"SkillPotion"},{"floor":13.0,"key":"Fire Potion"},{"floor":18,"key":"EntropicBrew"},{"floor":23,"key":"Poison Potion"},{"floor":35,"key":"Block Potion"},{"floor":41,"key":"Strength Potion"},{"floor":42,"key":"SmokeBomb"},{"floor":47,"key":"Energy Potion"}],"is_trial":false,"path_per_floor":["M","?","?","M","$","R","E","R","T","?","M","M","E","M","R","B",null,"M","M","?","$","?","E","R","?","T","E","R","$","M","$","R","B",null,"M","?","$","?","M","E","M","E","T","R","?","M","M","E","R","B"],"character_chosen":"IRONCLAD","items_purchased":["Shrug It Off","True Grit","Shrug It Off","Happy Flower","Inflame","Medical Kit","Immolate+1","Secret Weapon"],"campfire_rested":4,"item_purchase_floors":[5,5,21,21,29,31,37,37],"current_hp_per_floor":[83,76,69,73,73,73,40,68,68,68,73,55,35,41,41,29,79,65,59,74,74,74,37,65,65,65,62,62,62,64,64,64,18,77,83,93,93,93,96,77,38,34,34,64,64,70,76,31,61,0],"gold":378,"neow_bonus":"TWENTY_PERCENT_HP_BONUS","is_prod":false,"is_daily":false,"chose_seed":false,"campfire_upgraded":4,"win_rate":0,"timestamp":1541358271,"path_taken":["M","?","?","M","?","R","E","R","T","?","M","M","E","M","R","BOSS","M","M","?","$","?","E","R","?","T","E","R","$","M","?","R","BOSS","M","?","$","?","M","E","M","E","T","R","?","M","M","E","R","BOSS"],"build_version":"2018-11-01","purchased_purges":0,"victory":false,"max_hp_per_floor":[96,96,96,96,96,96,96,96,96,96,96,96,96,96,96,96,96,96,96,96,96,96,96,96,96,96,96,96,96,96,96,96,96,96,96,96,96,96,96,96,96,103,103,103,103,103,103,103,103,103],"card_choices":[{"not_picked":["True Grit","Fire Breathing"],"picked":"Wild Strike","floor":1.0},{"not_picked":["Heavy Blade","Rupture","Clash"],"picked":"SKIP","floor":4.0},{"not_picked":["Clothesline","Havoc"],"picked":"Sentinel","floor":7.0},{"not_picked":["Seeing Red","Clash"],"picked":"Pommel Strike","floor":11.0},{"not_picked":["Spot Weakness","Sword Boomerang"],"picked":"Perfected Strike","floor":12.0},{"not_picked":["Rampage","Anger"],"picked":"Shrug It Off","floor":13.0},{"not_picked":["Clothesline","Rage"],"picked":"Pommel Strike","floor":14.0},{"not_picked":["Dark Embrace","Berserk"],"picked":"Immolate","floor":16},{"not_picked":["Body Slam","Clothesline"],"picked":"Flex","floor":18},{"not_picked":["Cleave","Rage"],"picked":"Battle Trance+1","floor":19},{"not_picked":["Rampage","Body Slam"],"picked":"True Grit","floor":20},{"not_picked":["Bludgeon","Intimidate+1"],"picked":"Armaments","floor":23},{"not_picked":["Sever Soul+1","True Grit"],"picked":"Flex+1","floor":27},{"not_picked":["Seeing Red","Sword Boomerang+1"],"picked":"Evolve","floor":30},{"not_picked":["Reaper+1","Fiend Fire+1"],"picked":"Immolate+1","floor":33},{"not_picked":["True Grit","Clothesline+1"],"picked":"Second Wind+1","floor":35},{"not_picked":["Clothesline+1","Sword Boomerang+1"],"picked":"Shrug It Off","floor":36},{"not_picked":["Thinking Ahead","Purity"],"picked":"Panache","floor":38},{"not_picked":["Feel No Pain+1","Sword Boomerang+1"],"picked":"Wild Strike+1","floor":39},{"not_picked":["Hemokinesis+1","Anger+1"],"picked":"Sever Soul+1","floor":40},{"not_picked":["Sword Boomerang+1","Warcry","Metallicize"],"picked":"SKIP","floor":41},{"not_picked":["Wild Strike+1","Havoc"],"picked":"Perfected Strike+1","floor":42},{"not_picked":["Headbutt+1","Cleave+1"],"picked":"Pommel Strike+1","floor":46},{"not_picked":["Clothesline+1","Burning Pact","Battle Trance+1"],"picked":"SKIP","floor":47},{"not_picked":["Dropkick+1","Headbutt+1","Seeing Red"],"picked":"SKIP","floor":48}],"player_experience":1003502,"relics_obtained":[{"floor":7.0,"key":"Omamori"},{"floor":9.0,"key":"MawBank"},{"floor":9.0,"key":"Pantograph"},{"floor":13.0,"key":"Centennial Puzzle"},{"floor":20,"key":"Red Mask"},{"floor":23,"key":"Potion Belt"},{"floor":26,"key":"Molten Egg 2"},{"floor":26,"key":"Art of War"},{"floor":27,"key":"Red Skull"},{"floor":36,"key":"Torii"},{"floor":40,"key":"Oddly Smooth Stone"},{"floor":42,"key":"Strawberry"},{"floor":43,"key":"FossilizedHelix"},{"floor":48,"key":"Ginger"}],"event_choices":[{"damage_healed":0.0,"max_hp_gain":0.0,"max_hp_loss":0.0,"gold_gain":0.0,"event_name":"Scrap Ooze","player_choice":"Success","floor":2.0,"gold_loss":0.0,"damage_taken":7.0,"relics_obtained":["Matryoshka"]},{"cards_removed":["Decay"],"damage_healed":0.0,"max_hp_gain":0.0,"max_hp_loss":0.0,"gold_gain":0.0,"event_name":"Golden Wing","player_choice":"Card Removal","floor":3.0,"gold_loss":0.0,"damage_taken":7.0},{"damage_healed":0.0,"max_hp_gain":0.0,"max_hp_loss":0.0,"gold_gain":30.0,"event_name":"Dead Adventurer","player_choice":"Searched \u00272\u0027 times","floor":10.0,"gold_loss":0.0,"damage_taken":0.0},{"damage_healed":0,"gold_gain":0,"player_choice":"Fought Bandits","damage_taken":0,"max_hp_gain":0,"max_hp_loss":0,"event_name":"Masked Bandits","floor":20,"gold_loss":0},{"damage_healed":0,"gold_gain":0,"player_choice":"Ignored","damage_taken":0,"max_hp_gain":0,"max_hp_loss":0,"event_name":"Beggar","floor":22,"gold_loss":0},{"damage_healed":0,"gold_gain":0,"player_choice":"Simplicity","damage_taken":0,"max_hp_gain":0,"max_hp_loss":0,"event_name":"Back to Basics","floor":25,"gold_loss":0,"cards_upgraded":["Strike_R","Strike_R","Strike_R","Strike_R","Strike_R","Defend_R","Defend_R","Defend_R","Defend_R"]},{"damage_healed":0,"gold_gain":0,"player_choice":"Fight","damage_taken":0,"max_hp_gain":0,"max_hp_loss":0,"event_name":"MindBloom","floor":36,"gold_loss":0},{"damage_healed":0,"gold_gain":0,"player_choice":"Memory 1","damage_taken":0,"max_hp_gain":0,"max_hp_loss":0,"event_name":"SensoryStone","floor":38,"gold_loss":0},{"damage_healed":0,"gold_gain":222,"player_choice":"Wore Mask","damage_taken":0,"max_hp_gain":0,"max_hp_loss":0,"event_name":"Tomb of Lord Red Mask","floor":45,"gold_loss":0}],"is_beta":false,"boss_relics":[{"not_picked":["Pandora\u0027s Box","Coffee Dripper"],"picked":"Velvet Choker"},{"not_picked":["Orrery","White Beast Statue"],"picked":"Cursed Key"}],"items_purged_floors":[],"is_endless":false,"potions_floor_spawned":[1,4,12,13,18,19,23,35,41,42,47],"killed_by":"Time Eater","ascension_level":8}