{"gold_per_floor":[114,114,129,144,159,189,189,227,227,227,246,10,10,29,29,154,154,173,192,192,211,211,249,287,287,287,287],"floor_reached":27,"playtime":2708,"items_purged":[],"score":313,"play_id":"f441688a-a709-41bc-ab7c-0c1987e353b1","local_time":"20190309173743","daily_mods":["Allstar","Flight","Night Terrors"],"is_ascension_mode":false,"campfire_choices":[{"floor":13,"key":"REST"},{"data":"Apotheosis","floor":15,"key":"SMITH"},{"floor":25,"key":"REST"}],"neow_cost":"","seed_source_timestamp":0,"circlet_count":0,"master_deck":["Defend_G","Defend_G","Defend_G","Defend_G","Defend_G","Survivor","Neutralize","Metamorphosis","Finesse","Dark Shackles","Mayhem","Mind Blast","Noxious Fumes","Noxious Fumes","All Out Attack","Deadly Poison","Deadly Poison","Die Die Die","Parasite","Crippling Poison","Apotheosis+1","Poisoned Stab","Terror","Glass Knife","Dagger Spray","Prepared","Bite","Bite","Bite","Bite","Bite","Backstab","Underhanded Strike+1","Outmaneuver","Bouncing Flask"],"special_seed":17964,"relics":["Ring of the Snake","CultistMask","Pen Nib","Golden Idol","Bronze Scales","Smiling Mask","Black Star","Happy Flower","Dream Catcher","Strawberry","Centennial Puzzle","Gremlin Horn"],"potions_floor_usage":[8,16,16,16,18,19,21,23,27],"damage_taken":[{"damage":0,"enemies":"Small Slimes","floor":1,"turns":5},{"damage":4,"enemies":"Cultist","floor":3,"turns":4},{"damage":0,"enemies":"2 Louse","floor":4,"turns":4},{"damage":0,"enemies":"Looter","floor":5,"turns":4},{"damage":23,"enemies":"Lagavulin","floor":6,"turns":6},{"damage":22,"enemies":"Gremlin Nob","floor":8,"turns":5},{"damage":6,"enemies":"3 Louse","floor":11,"turns":2},{"damage":0,"enemies":"Exordium Thugs","floor":14,"turns":3},{"damage":39,"enemies":"The Guardian","floor":16,"turns":6},{"damage":12,"enemies":"Spheric Guardian","floor":18,"turns":4},{"damage":17,"enemies":"2 Thieves","floor":19,"turns":3},{"damage":3,"enemies":"Snecko","floor":21,"turns":4},{"damage":18,"enemies":"Book of Stabbing","floor":23,"turns":4},{"damage":27,"enemies":"Slavers","floor":24,"turns":3},{"damage":52,"enemies":"Gremlin Leader","floor":27,"turns":4}],"seed_played":"-1382854420231312037","potions_obtained":[{"floor":1,"key":"SteroidPotion"},{"floor":4,"key":"AttackPotion"},{"floor":6,"key":"PowerPotion"},{"floor":11,"key":"Fire Potion"},{"floor":16,"key":"Strength Potion"},{"floor":18,"key":"AttackPotion"},{"floor":19,"key":"Swift Potion"},{"floor":21,"key":"LiquidBronze"},{"floor":24,"key":"Poison Potion"}],"is_trial":false,"path_per_floor":["M","?","M","M","M","E","?","E","T","?","M","$","R","M","R","B",null,"M","M","?","M","?","E","E","R","T","E"],"character_chosen":"THE_SILENT","items_purchased":["Apotheosis","Poisoned Stab"],"campfire_rested":2,"item_purchase_floors":[12,12],"current_hp_per_floor":[70,70,66,66,66,43,43,21,21,38,32,32,65,65,65,26,65,53,36,36,39,39,29,15,47,47,0],"gold":287,"neow_bonus":"","is_prod":false,"is_daily":true,"chose_seed":false,"campfire_upgraded":1,"win_rate":0,"timestamp":1552153063,"path_taken":["M","?","?","?","?","E","?","E","T","?","M","$","R","M","R","BOSS","M","M","?","M","?","E","E","R","T","E"],"build_version":"2019-01-23","purchased_purges":0,"victory":false,"max_hp_per_floor":[70,70,70,70,70,70,70,70,70,70,70,70,65,65,65,65,65,65,65,45,45,45,45,52,47,47,47],"card_choices":[{"not_picked":["Infinite Blades","Skewer"],"picked":"Noxious Fumes","floor":1},{"not_picked":["Endless Agony","Deadly Poison"],"picked":"Noxious Fumes","floor":3},{"not_picked":["Dodge and Roll","Tactician"],"picked":"All Out Attack","floor":4},{"not_picked":["Finisher","Quick Slash"],"picked":"Deadly Poison","floor":5},{"not_picked":["Underhanded Strike","Quick Slash"],"picked":"Deadly Poison","floor":6},{"not_picked":["Flechettes","Slice"],"picked":"Die Die Die","floor":8},{"not_picked":["Dodge and Roll","Dagger Spray"],"picked":"Crippling Poison","floor":11},{"not_picked":["Heel Hook","Dodge and Roll"],"picked":"Terror","floor":14},{"not_picked":["Malaise","Storm of Steel"],"picked":"Glass Knife","floor":16},{"not_picked":["Setup+1","Escape Plan+1"],"picked":"Dagger Spray","floor":18},{"not_picked":["Eviscerate+1","Reflex"],"picked":"Prepared","floor":19},{"not_picked":["Tactician","Heel Hook"],"picked":"Backstab","floor":21},{"not_picked":["Calculated Gamble","Blade Dance"],"picked":"Underhanded Strike+1","floor":23},{"not_picked":["Setup","Deflect"],"picked":"Outmaneuver","floor":24},{"not_picked":["Poisoned Stab","Cloak And Dagger"],"picked":"Bouncing Flask","floor":25}],"player_experience":255806,"relics_obtained":[{"floor":6,"key":"Pen Nib"},{"floor":8,"key":"Bronze Scales"},{"floor":9,"key":"Smiling Mask"},{"floor":23,"key":"Happy Flower"},{"floor":23,"key":"Dream Catcher"},{"floor":24,"key":"Strawberry"},{"floor":24,"key":"Centennial Puzzle"},{"floor":26,"key":"Gremlin Horn"}],"event_choices":[{"damage_healed":0,"gold_gain":0,"player_choice":"Trade","damage_taken":0,"relics_obtained":["CultistMask"],"max_hp_gain":0,"max_hp_loss":0,"event_name":"FaceTrader","floor":2,"gold_loss":0},{"damage_healed":0,"gold_gain":0,"player_choice":"Take Wound","damage_taken":0,"relics_obtained":["Golden Idol"],"max_hp_gain":0,"max_hp_loss":0,"event_name":"Golden Idol","floor":7,"gold_loss":0,"cards_obtained":["Injury"]},{"damage_healed":17,"gold_gain":0,"player_choice":"Healed and dodged fight","damage_taken":0,"max_hp_gain":0,"max_hp_loss":0,"event_name":"Mushrooms","floor":10,"gold_loss":0,"cards_obtained":["Parasite"]},{"damage_healed":0,"gold_gain":0,"player_choice":"Became a vampire","damage_taken":0,"max_hp_gain":0,"max_hp_loss":20,"event_name":"Vampires","floor":20,"gold_loss":0,"cards_obtained":["Bite","Bite","Bite","Bite","Bite"]},{"cards_removed":["Injury"],"damage_healed":0,"gold_gain":0,"player_choice":"Purged","damage_taken":0,"max_hp_gain":0,"max_hp_loss":0,"event_name":"Purifier","floor":22,"gold_loss":0}],"is_beta":false,"boss_relics":[{"not_picked":["Orrery","Runic Dome"],"picked":"Black Star"}],"items_purged_floors":[],"is_endless":false,"potions_floor_spawned":[1,4,6,11,16,18,19,21,24],"killed_by":"Gremlin Leader","ascension_level":0}