{"gold_per_floor":[119,119,119,134,153,185,202,202,202,202,202,230,250,307,307,409,409,428,428,438,24,51,81,81,96,96,131,31,31,31,44,44,144,144,144],"floor_reached":35,"playtime":2169,"items_purged":["Strike_R","Defend_R"],"score":478,"play_id":"ed8c04d9-0d5a-4ff8-883f-0d187b61c717","local_time":"20190207000702","is_ascension_mode":false,"campfire_choices":[{"data":"Double Tap","floor":8,"key":"SMITH"},{"data":"Rampage","floor":10,"key":"SMITH"},{"floor":15,"key":"REST"},{"data":"1","floor":24,"key":"LIFT"},{"data":"2","floor":32,"key":"LIFT"}],"neow_cost":"PERCENT_DAMAGE","seed_source_timestamp":780947401205654,"circlet_count":0,"master_deck":["Strike_R+1","Strike_R","Defend_R","Defend_R","Defend_R","Bash+1","Double Tap+1","Rampage+1","Twin Strike","Cleave","Clash","Shrug It Off","Anger","Clash","Feed","Twin Strike","Twin Strike","Finesse","Anger+1","Shrug It Off","Clash+1","Immolate+1"],"relics":["Burning Blood","Girya","Question Card","Self Forming Clay","Blood Vial","Velvet Choker","Molten Egg 2","Red Mask","Mango","Torii","Paper Frog","Ornamental Fan","Lizard Tail"],"potions_floor_usage":[],"damage_taken":[{"damage":6,"enemies":"Cultist","floor":1,"turns":3},{"damage":4,"enemies":"Small Slimes","floor":4,"turns":3},{"damage":1,"enemies":"2 Louse","floor":5,"turns":2},{"damage":26,"enemies":"3 Sentries","floor":6,"turns":7},{"damage":3,"enemies":"2 Fungi Beasts","floor":7,"turns":3},{"damage":6,"enemies":"Gremlin Nob","floor":12,"turns":3},{"damage":0,"enemies":"Blue Slaver","floor":13,"turns":2},{"damage":7,"enemies":"3 Sentries","floor":14,"turns":4},{"damage":42,"enemies":"The Guardian","floor":16,"turns":9},{"damage":5,"enemies":"Shell Parasite","floor":18,"turns":3},{"damage":8,"enemies":"3 Byrds","floor":20,"turns":4},{"damage":9,"enemies":"Masked Bandits","floor":22,"turns":3},{"damage":0,"enemies":"Gremlin Leader","floor":23,"turns":4},{"damage":17,"enemies":"Snake Plant","floor":25,"turns":3},{"damage":19,"enemies":"Book of Stabbing","floor":27,"turns":4},{"damage":7,"enemies":"Shelled Parasite and Fungi","floor":31,"turns":3},{"damage":56,"enemies":"Automaton","floor":33,"turns":8},{"damage":0,"enemies":"Orb Walker","floor":35,"turns":1}],"seed_played":"-4882782081110334410","potions_obtained":[{"floor":1,"key":"FairyPotion"},{"floor":5,"key":"Fire Potion"},{"floor":12,"key":"Energy Potion"}],"is_trial":false,"path_per_floor":["?","?","M","?","?","?","?","?","?"],"character_chosen":"IRONCLAD","items_purchased":["Molten Egg 2","Finesse"],"campfire_rested":1,"item_purchase_floors":[21,21],"current_hp_per_floor":[56,40,40,42,47,27,30,30,30,30,23,23,29,28,52,18,80,83,67,70,70,72,94,94,85,85,74,74,74,74,78,78,33,114,114],"gold":144,"neow_bonus":"THREE_RARE_CARDS","is_prod":false,"is_daily":false,"chose_seed":false,"campfire_upgraded":2,"win_rate":0,"timestamp":1549516022,"path_taken":["M","?","?","M","?","E","M","R","T","R","?","E","M","?","R","BOSS","M","?","M","$","?","E","R","M","T","E","$","?","?","M","R","BOSS","M"],"build_version":"2019-01-23","purchased_purges":2,"victory":false,"max_hp_per_floor":[80,80,80,80,80,80,80,80,80,80,80,80,80,80,80,80,80,83,88,91,91,94,108,108,108,108,108,108,108,108,111,111,114,114,114],"card_choices":[{"not_picked":["Berserk","Limit Break"],"picked":"Double Tap","floor":0},{"not_picked":["Bloodletting","Dual Wield"],"picked":"Rampage","floor":1},{"not_picked":["Fire Breathing","Heavy Blade"],"picked":"Twin Strike","floor":4},{"not_picked":["Thunderclap","Wild Strike"],"picked":"Cleave","floor":5},{"not_picked":["Whirlwind","Shrug It Off"],"picked":"Clash","floor":6},{"not_picked":["Perfected Strike","Brutality","Bloodletting"],"picked":"SKIP","floor":7},{"not_picked":["True Grit","Inflame","Pommel Strike"],"picked":"Shrug It Off","floor":12},{"not_picked":["Shrug It Off","Flex","Warcry"],"picked":"Anger","floor":13},{"not_picked":["Thunderclap","Carnage","Limit Break"],"picked":"Clash","floor":14},{"not_picked":["Fiend Fire","Offering","Brutality"],"picked":"Feed","floor":16},{"not_picked":["Seeing Red","Thunderclap","Iron Wave"],"picked":"Twin Strike","floor":18},{"not_picked":["Rage+1","Ghostly Armor","Sword Boomerang"],"picked":"Twin Strike","floor":20},{"not_picked":["Armaments","Wild Strike+1","Clothesline+1"],"picked":"Anger+1","floor":22},{"not_picked":["Armaments","Burning Pact","Seeing Red","Perfected Strike+1"],"picked":"SKIP","floor":23},{"not_picked":["True Grit","Thunderclap+1","Perfected Strike+1","Demon Form"],"picked":"SKIP","floor":25},{"not_picked":["Searing Blow+1","Sever Soul+1","Bloodletting"],"picked":"Shrug It Off","floor":27},{"not_picked":["Entrench","Flex","Perfected Strike+1"],"picked":"Clash+1","floor":31},{"not_picked":["Berserk","Fiend Fire+1","Limit Break"],"picked":"Immolate+1","floor":33}],"player_experience":334827,"relics_obtained":[{"floor":6,"key":"Girya"},{"floor":9,"key":"Question Card"},{"floor":12,"key":"Self Forming Clay"},{"floor":14,"key":"Blood Vial"},{"floor":22,"key":"Red Mask"},{"floor":23,"key":"Mango"},{"floor":26,"key":"Torii"},{"floor":27,"key":"Paper Frog"}],"event_choices":[{"damage_healed":0,"gold_gain":0,"player_choice":"Entered Light","damage_taken":16,"max_hp_gain":0,"max_hp_loss":0,"event_name":"Shining Light","floor":2,"gold_loss":0,"cards_upgraded":["Strike_R","Bash"]},{"cards_removed":["Strike_R"],"damage_healed":0,"gold_gain":0,"player_choice":"Purged","damage_taken":0,"max_hp_gain":0,"max_hp_loss":0,"event_name":"Purifier","floor":3,"gold_loss":0},{"cards_removed":["Strike_R"],"damage_healed":0,"gold_gain":0,"player_choice":"Card Removal","damage_taken":7,"max_hp_gain":0,"max_hp_loss":0,"event_name":"Golden Wing","floor":11,"gold_loss":0},{"damage_healed":0,"gold_gain":30,"player_choice":"Searched \u00273\u0027 times","damage_taken":0,"max_hp_gain":0,"max_hp_loss":0,"event_name":"Dead Adventurer","floor":14,"gold_loss":0},{"damage_healed":0,"gold_gain":0,"player_choice":"Shed Blood","damage_taken":21,"max_hp_gain":5,"max_hp_loss":0,"event_name":"Forgotten Altar","floor":19,"gold_loss":0},{"damage_healed":0,"gold_gain":0,"player_choice":"Fought Bandits","damage_taken":0,"max_hp_gain":0,"max_hp_loss":0,"event_name":"Masked Bandits","floor":22,"gold_loss":0},{"damage_healed":0,"gold_gain":0,"player_choice":"Opened","damage_taken":0,"relics_obtained":["Ornamental Fan"],"max_hp_gain":0,"max_hp_loss":0,"event_name":"The Mausoleum","floor":29,"gold_loss":0,"cards_obtained":["Writhe"]},{"cards_removed":["Writhe"],"damage_healed":0,"gold_gain":0,"player_choice":"Elegance","damage_taken":0,"max_hp_gain":0,"max_hp_loss":0,"event_name":"Back to Basics","floor":30,"gold_loss":0}],"is_beta":false,"boss_relics":[{"not_picked":["Ectoplasm","Snecko Eye"],"picked":"Velvet Choker"},{"not_picked":["Philosopher\u0027s Stone","Empty Cage"],"picked":"Lizard Tail"}],"items_purged_floors":[21,28],"is_endless":false,"potions_floor_spawned":[1,5,12,18,25,33],"killed_by":"Orb Walker","ascension_level":0}