{"gold_per_floor":[114,114,114,114,74,93,93,10,60,79,117,136,15,34,34,159,159,178,178,28,47,47,85,85,123,148,167,167],"floor_reached":28,"playtime":1339,"items_purged":[],"score":556,"play_id":"e15719ec-68ac-4795-943d-9ea9f7505d84","local_time":"20180826185154","daily_mods":["Insanity","Binary","Hoarder"],"is_ascension_mode":false,"campfire_choices":[{"floor":15,"key":"REST"},{"floor":24,"key":"REST"}],"neow_cost":"","seed_source_timestamp":0,"circlet_count":0,"master_deck":["Conserve Battery","Recycle","Fission","Go for the Eyes","FTL","Biased Cognition","Reprogram","Hologram","Rebound","Hyperbeam","Rip and Tear","Gash","Coolheaded","Compile Driver","Thunder Strike","Echo Form","Blizzard","Undo","BootSequence","Machine Learning","Stack","Hologram","Fission","BootSequence","Hologram","Buffer","Cold Snap","Blizzard","Meteor Strike","Leap","Hello World","Hologram","Rainbow","Defragment","Self Repair","Loop","Rainbow","Cold Snap","Rip and Tear","Steam","Dualcast","Leap","Fission","Hello World","Leap","All For One","Machine Learning","Gash","Skim","Defend_B","Coolheaded","Coolheaded","Coolheaded","Injury","Injury","Injury","Defragment","Defragment","Defragment","Genetic Algorithm","Genetic Algorithm","Genetic Algorithm","Steam","Steam","Steam","Conserve Battery","Conserve Battery","Conserve Battery","Electrodynamics","Electrodynamics","Electrodynamics","White Noise","White Noise","White Noise","Storm","Storm","Storm","Beam Cell","Beam Cell","Beam Cell","Ball Lightning","Ball Lightning","Ball Lightning","Capacitor","Capacitor","Capacitor","All For One","All For One","All For One","Sweeping Beam","Sweeping Beam","Sweeping Beam","Bite","Bite","Bite","Bite","Bite","Bite","Bite","Bite","Bite","Bite","Bite","Bite","Bite","Bite","Bite","Stack+1","Stack+1","Stack+1","Coolheaded","Coolheaded","Coolheaded","Beam Cell","Beam Cell","Beam Cell","Beam Cell+1","Beam Cell+1","Beam Cell+1","Gash","Gash","Gash"],"special_seed":17770,"relics":["Cracked Core","Juzu Bracelet","Golden Idol","Dream Catcher","Regal Pillow","Empty Cage","Strawberry","Ornamental Fan","Pear","Anchor"],"potions_floor_usage":[11,12,16,21,23,23,27],"damage_taken":[{"damage":0,"enemies":"Small Slimes","floor":1,"turns":4},{"damage":9,"enemies":"Cultist","floor":6,"turns":4},{"damage":0,"enemies":"Jaw Worm","floor":10,"turns":4},{"damage":58,"enemies":"Gremlin Nob","floor":11,"turns":7},{"damage":0,"enemies":"Lots of Slimes","floor":12,"turns":1},{"damage":12,"enemies":"Blue Slaver","floor":14,"turns":3},{"damage":16,"enemies":"Slime Boss","floor":16,"turns":6},{"damage":0,"enemies":"Chosen","floor":18,"turns":6},{"damage":0,"enemies":"Shell Parasite","floor":21,"turns":5},{"damage":73,"enemies":"Book of Stabbing","floor":23,"turns":8},{"damage":22,"enemies":"Slavers","floor":25,"turns":7},{"damage":21,"enemies":"Sentry and Sphere","floor":27,"turns":6},{"damage":35,"enemies":"Centurion and Healer","floor":28,"turns":6}],"seed_played":"-6941415905369443409","potions_obtained":[{"floor":5,"key":"SteroidPotion"},{"floor":5,"key":"Explosive Potion"},{"floor":5,"key":"GamblersBrew"},{"floor":6,"key":"Dexterity Potion"},{"floor":11,"key":"FearPotion"},{"floor":14,"key":"FocusPotion"},{"floor":18,"key":"Fire Potion"},{"floor":21,"key":"Regen Potion"}],"is_trial":false,"path_per_floor":["M","?","?","?","?","M","?","$","T","M","E","M","$","M","R","B",null,"M","?","$","M","$","E","R","E","T","M"],"character_chosen":"DEFECT","items_purchased":["Genetic Algorithm","Steam","Storm","Beam Cell","Strawberry"],"campfire_rested":2,"item_purchase_floors":[8,8,13,13,20],"current_hp_per_floor":[75,75,75,75,75,66,71,71,71,78,34,34,34,29,68,52,80,80,56,63,63,63,13,46,38,38,23,0],"gold":167,"neow_bonus":"","is_prod":false,"is_daily":true,"chose_seed":false,"campfire_upgraded":0,"win_rate":0,"timestamp":1535331114,"path_taken":["M","?","?","?","?","M","?","$","T","M","E","M","$","M","R","BOSS","M","?","$","M","?","E","R","E","T","M","M"],"build_version":"2018-08-23v2","purchased_purges":0,"victory":false,"max_hp_per_floor":[75,75,75,75,75,75,80,80,80,80,80,80,80,80,80,80,80,80,56,63,63,63,63,63,73,73,73,73],"card_choices":[{"not_picked":["Steam Power"],"picked":"Coolheaded","floor":1},{"not_picked":["Compile Driver"],"picked":"Defragment","floor":6},{"not_picked":["Skim"],"picked":"Conserve Battery","floor":10},{"not_picked":["Glacier"],"picked":"Electrodynamics","floor":11},{"not_picked":["Sunder"],"picked":"White Noise","floor":12},{"not_picked":["Rebound"],"picked":"Ball Lightning","floor":14},{"not_picked":["Stack"],"picked":"Capacitor","floor":15},{"not_picked":["Multi-Cast"],"picked":"All For One","floor":16},{"not_picked":["Rip and Tear"],"picked":"Sweeping Beam","floor":18},{"not_picked":["Barrage"],"picked":"Stack+1","floor":21},{"not_picked":["Streamline"],"picked":"Coolheaded","floor":23},{"not_picked":["Coolheaded"],"picked":"Beam Cell","floor":24},{"not_picked":["Capacitor"],"picked":"Beam Cell+1","floor":25},{"not_picked":["FTL"],"picked":"Gash","floor":27}],"player_experience":345990,"relics_obtained":[{"floor":9,"key":"Dream Catcher"},{"floor":11,"key":"Regal Pillow"},{"floor":23,"key":"Ornamental Fan"},{"floor":25,"key":"Pear"},{"floor":26,"key":"Anchor"}],"event_choices":[{"event_name":"Accursed Blacksmith","player_choice":"Rummage","floor":2,"damage_taken":0},{"event_name":"Golden Idol","player_choice":"Take Wound","floor":3,"damage_taken":0},{"event_name":"Living Wall","player_choice":"Forget","floor":4,"damage_taken":0},{"event_name":"The Woman in Blue","player_choice":"Bought 3 Potions","floor":5,"damage_taken":0},{"event_name":"Big Fish","player_choice":"Donut","floor":7,"damage_taken":0},{"event_name":"Vampires","player_choice":"Became a vampire","floor":19,"damage_taken":0}],"is_beta":false,"boss_relics":[{"not_picked":["Tiny House","Inserter"],"picked":"Empty Cage"}],"items_purged_floors":[],"is_endless":false,"potions_floor_spawned":[6,11,14,18,21],"killed_by":"Centurion and Healer","ascension_level":0}