{"gold_per_floor":[114,64,24,43,54,82,82,14,14,14,24,24,24,39,39,136,136,152,171,44,63,63,63,63,63,63,76,76,99,110,139,139,139],"floor_reached":33,"playtime":4123,"items_purged":["Defend_R"],"score":318,"play_id":"18b2e3f3-52b6-469c-bcd1-aa4ae6e9db7a","local_time":"20190110201354","is_ascension_mode":true,"campfire_choices":[{"data":"Armaments","floor":7.0,"key":"SMITH"},{"data":"Inflame","floor":10.0,"key":"SMITH"},{"floor":15.0,"key":"REST"},{"floor":23.0,"key":"REST"},{"floor":28.0,"key":"REST"},{"floor":32,"key":"REST"}],"neow_cost":"TEN_PERCENT_HP_LOSS","seed_source_timestamp":785227977160233,"circlet_count":0,"master_deck":["Strike_R","Strike_R","Strike_R","Strike_R","Bash","Impervious","Brutality","Shrug It Off","Cleave","Armaments+1","Disarm","Inflame+1","Sword Boomerang","Headbutt","Exhume","Inflame","Evolve","Thunderclap","Writhe","Burning Pact","Sever Soul","Intimidate"],"special_seed":0,"relics":["Burning Blood","WingedGreaves","Magic Flower","Fusion Hammer","Dead Branch","Smiling Mask","Red Skull","Potion Belt"],"potions_floor_usage":[31,31,33],"damage_taken":[{"damage":6.0,"enemies":"Cultist","floor":1.0,"turns":4.0},{"damage":3.0,"enemies":"2 Louse","floor":4.0,"turns":3.0},{"damage":0.0,"enemies":"Small Slimes","floor":5.0,"turns":3.0},{"damage":50.0,"enemies":"Gremlin Nob","floor":6.0,"turns":5.0},{"damage":0.0,"enemies":"Blue Slaver","floor":11.0,"turns":5.0},{"damage":10.0,"enemies":"Red Slaver","floor":14.0,"turns":3.0},{"damage":14.0,"enemies":"Slime Boss","floor":16.0,"turns":8.0},{"damage":9.0,"enemies":"3 Byrds","floor":18.0,"turns":4.0},{"damage":17.0,"enemies":"Shell Parasite","floor":19.0,"turns":5.0},{"damage":46.0,"enemies":"Sentry and Sphere","floor":21.0,"turns":6.0},{"damage":24.0,"enemies":"Snecko","floor":27.0,"turns":5.0},{"damage":7,"enemies":"Shelled Parasite and Fungi","floor":30,"turns":4},{"damage":53,"enemies":"Book of Stabbing","floor":31,"turns":6},{"damage":60,"enemies":"Collector","floor":33,"turns":3}],"seed_played":"-450029343298397414","potions_obtained":[{"floor":3.0,"key":"SneckoOil"},{"floor":3.0,"key":"LiquidBronze"},{"floor":3.0,"key":"Fruit Juice"},{"floor":27.0,"key":"GamblersBrew"},{"floor":31,"key":"PowerPotion"}],"is_trial":false,"path_per_floor":["M","?","?","M","M","E","R","$","T","R","M","$","?","M","R","B",null,"M","M","$","M","?","R","?","?","T","M","R","T","M","E","R","B"],"character_chosen":"IRONCLAD","items_purchased":["Inflame","Thunderclap"],"campfire_rested":4,"item_purchase_floors":[8,20],"current_hp_per_floor":[72,72,72,72,72,28,28,28,28,28,37,37,37,36,57,52,72,72,64,64,27,27,48,48,48,48,33,54,54,56,20,43,0],"gold":139,"neow_bonus":"TRANSFORM_TWO_CARDS","is_prod":false,"is_daily":false,"chose_seed":false,"campfire_upgraded":2,"win_rate":0,"timestamp":1547180034,"path_taken":["M","?","?","M","?","E","R","$","T","R","M","$","?","M","R","BOSS","M","?","$","M","?","R","?","?","T","M","R","?","?","E","R","BOSS"],"build_version":"2019-01-10","purchased_purges":1,"victory":false,"max_hp_per_floor":[72,72,72,72,72,72,72,72,72,72,72,72,72,72,72,72,72,72,72,72,72,72,72,72,72,72,72,72,72,72,77,77,77],"card_choices":[{"not_picked":["Anger","Body Slam"],"picked":"Shrug It Off","floor":1.0},{"not_picked":["Iron Wave","Shrug It Off"],"picked":"Cleave","floor":4.0},{"not_picked":["Rampage","Seeing Red"],"picked":"Armaments","floor":5.0},{"not_picked":["Infernal Blade","Power Through"],"picked":"Disarm","floor":6.0},{"not_picked":["Heavy Blade","Anger"],"picked":"Sword Boomerang","floor":11.0},{"not_picked":["Flex","Thunderclap"],"picked":"Headbutt","floor":14.0},{"not_picked":["Immolate","Offering"],"picked":"Exhume","floor":16.0},{"not_picked":["Havoc","Power Through"],"picked":"Inflame","floor":18.0},{"not_picked":["Battle Trance","Seeing Red"],"picked":"Evolve","floor":19.0},{"not_picked":["Entrench","Cleave","Fire Breathing"],"picked":"SKIP","floor":21.0},{"not_picked":["Power Through+1","Fire Breathing+1"],"picked":"Sever Soul","floor":27.0},{"not_picked":["Clothesline+1","Pommel Strike+1","Entrench"],"picked":"SKIP","floor":30},{"not_picked":["Offering","Flex"],"picked":"Intimidate","floor":31}],"player_experience":203297,"relics_obtained":[{"floor":6.0,"key":"WingedGreaves"},{"floor":9.0,"key":"Magic Flower"},{"floor":26.0,"key":"Smiling Mask"},{"floor":29.0,"key":"Red Skull"},{"floor":31,"key":"Potion Belt"}],"event_choices":[{"cards_removed":["Defend_R"],"damage_healed":0.0,"max_hp_gain":0.0,"max_hp_loss":0.0,"gold_gain":0.0,"event_name":"The Cleric","player_choice":"Card Removal","floor":2.0,"gold_loss":50.0,"damage_taken":0.0},{"damage_healed":0.0,"max_hp_gain":0.0,"max_hp_loss":0.0,"gold_gain":0.0,"event_name":"The Woman in Blue","player_choice":"Bought 3 Potions","floor":3.0,"gold_loss":0.0,"damage_taken":0.0},{"cards_removed":["Defend_R"],"damage_healed":0.0,"max_hp_gain":0.0,"max_hp_loss":0.0,"gold_gain":0.0,"event_name":"Wheel of Change","player_choice":"Card Removal","floor":13.0,"gold_loss":0.0,"damage_taken":0.0},{"damage_healed":0.0,"max_hp_gain":0.0,"max_hp_loss":0.0,"gold_gain":0.0,"event_name":"The Mausoleum","player_choice":"Opened","floor":22.0,"gold_loss":0.0,"damage_taken":0.0,"relics_obtained":["Dead Branch"],"cards_obtained":["Writhe"]},{"damage_healed":0.0,"max_hp_gain":0.0,"max_hp_loss":0.0,"gold_gain":0.0,"event_name":"Ghosts","player_choice":"Ignored","floor":24.0,"gold_loss":0.0,"damage_taken":0.0},{"damage_healed":0.0,"max_hp_gain":0.0,"max_hp_loss":0.0,"gold_gain":0.0,"event_name":"The Library","player_choice":"Read","floor":25.0,"gold_loss":0.0,"damage_taken":0.0,"cards_obtained":["Burning Pact"]}],"is_beta":false,"boss_relics":[{"not_picked":["Busted Crown","Runic Cube"],"picked":"Fusion Hammer"}],"items_purged_floors":[20],"is_endless":false,"potions_floor_spawned":[14,16,27,30,31],"killed_by":"Collector","ascension_level":4}