{"gold_per_floor":[110,110,110,122,138,138,154,154,154,166,184,218,393,343,343,343],"floor_reached":16,"playtime":478,"items_purged":[],"score":102,"play_id":"7c615b7c-4618-463b-a78f-3e48a0d821bd","local_time":"20181116180247","is_ascension_mode":false,"campfire_choices":[{"data":"Spot Weakness","floor":6,"key":"SMITH"},{"data":"Shrug It Off","floor":8,"key":"SMITH"},{"floor":15,"key":"REST"}],"neow_cost":"NONE","seed_source_timestamp":260170425914996,"circlet_count":0,"master_deck":["Strike_R","Strike_R","Strike_R","Strike_R","Strike_R","Defend_R","Defend_R","Defend_R","Defend_R","Bash","Spot Weakness+1","Rage","Metallicize","Shrug It Off+1","Reaper","Cleave","Spot Weakness","Doubt"],"relics":["Burning Blood","NeowsBlessing","Torii","The Courier","Bottled Tornado","Matryoshka"],"potions_floor_usage":[12,12,16,16],"damage_taken":[{"damage":0,"enemies":"2 Louse","floor":1,"turns":1},{"damage":0,"enemies":"Jaw Worm","floor":4,"turns":1},{"damage":2,"enemies":"Small Slimes","floor":5,"turns":2},{"damage":12,"enemies":"Looter","floor":7,"turns":2},{"damage":15,"enemies":"Exordium Thugs","floor":10,"turns":7},{"damage":16,"enemies":"Large Slime","floor":11,"turns":6},{"damage":43,"enemies":"Gremlin Nob","floor":12,"turns":7},{"damage":63,"enemies":"Slime Boss","floor":16,"turns":14}],"seed_played":"-4430405548747496156","potions_obtained":[{"floor":1,"key":"Ancient Potion"},{"floor":10,"key":"EntropicBrew"}],"is_trial":false,"path_per_floor":["M","?","T","M","M","R","M","R","T","M","M","E","?","?","R","B"],"character_chosen":"IRONCLAD","items_purchased":[],"campfire_rested":1,"item_purchase_floors":[],"current_hp_per_floor":[80,80,80,80,80,80,74,74,74,65,63,30,30,30,54,0],"gold":343,"neow_bonus":"THREE_ENEMY_KILL","is_prod":false,"is_daily":false,"chose_seed":false,"campfire_upgraded":2,"win_rate":0,"timestamp":1542416567,"path_taken":["M","?","?","M","M","R","M","R","T","M","M","E","?","?","R","BOSS"],"build_version":"2018-11-15","purchased_purges":0,"victory":false,"max_hp_per_floor":[80,80,80,80,80,80,80,80,80,80,80,80,80,80,80,80],"card_choices":[{"not_picked":["Sentinel","Headbutt"],"picked":"Spot Weakness","floor":1},{"not_picked":["Anger","Evolve"],"picked":"Rage","floor":4},{"not_picked":["Whirlwind","Sever Soul"],"picked":"Metallicize","floor":5},{"not_picked":["Entrench","Sentinel"],"picked":"Shrug It Off","floor":7},{"not_picked":["Body Slam","Sword Boomerang"],"picked":"Reaper","floor":10},{"not_picked":["Flex","Inflame"],"picked":"Cleave","floor":11},{"not_picked":["Cleave","Whirlwind"],"picked":"Spot Weakness","floor":12}],"player_experience":1072739,"relics_obtained":[{"floor":3,"key":"The Courier"},{"floor":9,"key":"Bottled Tornado"},{"floor":12,"key":"Matryoshka"}],"event_choices":[{"damage_healed":0,"gold_gain":0,"player_choice":"Box","damage_taken":0,"relics_obtained":["Torii"],"max_hp_gain":0,"max_hp_loss":0,"event_name":"Big Fish","floor":2,"gold_loss":0,"cards_obtained":["Regret"]},{"damage_healed":0,"gold_gain":175,"player_choice":"AGREE","damage_taken":0,"max_hp_gain":0,"max_hp_loss":0,"event_name":"Liars Game","floor":13,"gold_loss":0,"cards_obtained":["Doubt"]},{"cards_removed":["Regret"],"damage_healed":0,"gold_gain":0,"player_choice":"Card Removal","damage_taken":0,"max_hp_gain":0,"max_hp_loss":0,"event_name":"The Cleric","floor":14,"gold_loss":50}],"is_beta":false,"boss_relics":[],"items_purged_floors":[],"is_endless":false,"potions_floor_spawned":[1,10],"killed_by":"Slime Boss","ascension_level":0}