{"gold_per_floor":[116,130,145,17,92,125,139,168,216,181,181,181,191,205,205,276,276,216,216,216,216,216,216,216,216,216,131,131,131,131,131,131,131],"floor_reached":33,"playtime":1640,"items_purged":[],"score":505,"play_id":"ef86af49-d4c8-4d82-ac0f-dd48bac43223","local_time":"20190404143127","is_ascension_mode":true,"campfire_choices":[{"data":"Cloak And Dagger","floor":12,"key":"SMITH"},{"data":"Cloak And Dagger","floor":15,"key":"SMITH"},{"floor":23,"key":"REST"},{"floor":32,"key":"REST"}],"neow_cost":"NONE","seed_source_timestamp":1694958265849861,"circlet_count":0,"master_deck":["AscendersBane","Defend_G+1","Defend_G+1","Defend_G+1","Defend_G+1","Defend_G+1","Strike_G+1","Strike_G+1","Strike_G+1","Strike_G+1","Strike_G+1","Survivor","Neutralize","Poisoned Stab","Deadly Poison","Well Laid Plans","All Out Attack","Cloak And Dagger+1","Cloak And Dagger+1","Cloak And Dagger","Corpse Explosion","Poisoned Stab","Escape Plan","Backflip","Dash","Escape Plan"],"relics":["Ring of the Snake","Bag of Marbles","Boot","Shuriken","Snake Skull","Ectoplasm","Enchiridion","Lantern","Potion Belt","Letter Opener","Orichalcum"],"potions_floor_usage":[3,8,22,28,31],"damage_taken":[{"damage":0,"enemies":"Jaw Worm","floor":1,"turns":5},{"damage":1,"enemies":"2 Louse","floor":2,"turns":3},{"damage":0,"enemies":"Small Slimes","floor":3,"turns":3},{"damage":20,"enemies":"Gremlin Nob","floor":6,"turns":4},{"damage":0,"enemies":"Exordium Wildlife","floor":7,"turns":1},{"damage":7,"enemies":"3 Sentries","floor":8,"turns":7},{"damage":0,"enemies":"3 Louse","floor":13,"turns":1},{"damage":0,"enemies":"Looter","floor":14,"turns":3},{"damage":34,"enemies":"Hexaghost","floor":16,"turns":8},{"damage":16,"enemies":"2 Thieves","floor":18,"turns":5},{"damage":0,"enemies":"Chosen","floor":19,"turns":3},{"damage":0,"enemies":"Centurion and Healer","floor":22,"turns":4},{"damage":7,"enemies":"Gremlin Leader","floor":25,"turns":6},{"damage":11,"enemies":"Book of Stabbing","floor":28,"turns":4},{"damage":8,"enemies":"Snake Plant","floor":29,"turns":3},{"damage":6,"enemies":"Shelled Parasite and Fungi","floor":31,"turns":4},{"damage":28,"enemies":"Automaton","floor":33,"turns":6}],"seed_played":"-1358365170158199371","potions_obtained":[{"floor":2,"key":"Block Potion"},{"floor":3,"key":"Explosive Potion"},{"floor":13,"key":"SmokeBomb"},{"floor":19,"key":"Fire Potion"},{"floor":22,"key":"Ancient Potion"}],"is_trial":false,"path_per_floor":["?","?","?","M","?","?","T","?","M","?"],"character_chosen":"THE_SILENT","items_purchased":["Well Laid Plans","Block Potion"],"campfire_rested":2,"item_purchase_floors":[4,4],"current_hp_per_floor":[59,58,58,58,47,27,27,20,20,36,58,58,58,58,58,24,56,40,40,24,12,12,33,33,26,26,26,15,7,7,1,22,0],"gold":131,"neow_bonus":"RANDOM_COMMON_RELIC","is_prod":false,"is_daily":false,"chose_seed":false,"campfire_upgraded":2,"win_rate":0,"timestamp":1554402687,"path_taken":["M","M","M","$","?","E","M","E","T","?","?","R","?","M","R","BOSS","M","M","?","?","M","R","?","E","T","?","E","?","?","M","R","BOSS"],"build_version":"2019-01-23","purchased_purges":0,"victory":false,"max_hp_per_floor":[66,66,66,66,66,66,66,66,66,66,66,66,66,66,66,66,66,66,66,66,71,71,71,71,71,71,71,71,71,71,71,71,71],"card_choices":[{"not_picked":["Dodge and Roll","Expertise"],"picked":"Poisoned Stab","floor":1},{"not_picked":["Expertise","Flying Knee"],"picked":"Deadly Poison","floor":2},{"not_picked":["Blade Dance","Bouncing Flask","Blur"],"picked":"SKIP","floor":3},{"not_picked":["Dodge and Roll","Bouncing Flask"],"picked":"All Out Attack","floor":6},{"not_picked":["Prepared","Expertise","Bane"],"picked":"SKIP","floor":7},{"not_picked":["Reflex","Calculated Gamble"],"picked":"Cloak And Dagger","floor":8},{"not_picked":["Dagger Spray","Glass Knife"],"picked":"Cloak And Dagger","floor":13},{"not_picked":["Catalyst","Slice"],"picked":"Cloak And Dagger","floor":14},{"not_picked":["Envenom","Malaise"],"picked":"Corpse Explosion","floor":16},{"not_picked":["Slice","Quick Slash"],"picked":"Poisoned Stab","floor":18},{"not_picked":["Setup","Tactician+1"],"picked":"Escape Plan","floor":19},{"not_picked":["Flechettes","Bane+1"],"picked":"Backflip","floor":22},{"not_picked":["Underhanded Strike","Terror+1"],"picked":"Dash","floor":25},{"not_picked":["Outmaneuver","Acrobatics"],"picked":"Escape Plan","floor":29},{"not_picked":["Riddle With Holes","Sucker Punch","All Out Attack"],"picked":"SKIP","floor":31}],"player_experience":1479828,"relics_obtained":[{"floor":6,"key":"Boot"},{"floor":8,"key":"Shuriken"},{"floor":9,"key":"Snake Skull"},{"floor":20,"key":"Enchiridion"},{"floor":24,"key":"Lantern"},{"floor":25,"key":"Potion Belt"},{"floor":26,"key":"Letter Opener"}],"event_choices":[{"damage_healed":0,"gold_gain":75,"player_choice":"Gather Gold","damage_taken":11,"max_hp_gain":0,"max_hp_loss":0,"event_name":"World of Goop","floor":5,"gold_loss":0},{"damage_healed":16,"gold_gain":0,"player_choice":"Healed","damage_taken":0,"max_hp_gain":0,"max_hp_loss":0,"event_name":"The Cleric","floor":10,"gold_loss":35},{"damage_healed":22,"gold_gain":0,"player_choice":"Banana","damage_taken":0,"max_hp_gain":0,"max_hp_loss":0,"event_name":"Big Fish","floor":11,"gold_loss":0},{"damage_healed":0,"gold_gain":0,"player_choice":"Obtained Book","damage_taken":16,"max_hp_gain":0,"max_hp_loss":0,"event_name":"Cursed Tome","floor":20,"gold_loss":0},{"damage_healed":0,"gold_gain":0,"player_choice":"Shed Blood","damage_taken":17,"max_hp_gain":5,"max_hp_loss":0,"event_name":"Forgotten Altar","floor":21,"gold_loss":0},{"damage_healed":0,"gold_gain":0,"player_choice":"Obtained Relic","damage_taken":0,"relics_obtained":["Orichalcum"],"max_hp_gain":0,"max_hp_loss":0,"event_name":"Addict","floor":27,"gold_loss":85},{"damage_healed":0,"gold_gain":0,"player_choice":"Simplicity","damage_taken":0,"max_hp_gain":0,"max_hp_loss":0,"event_name":"Back to Basics","floor":30,"gold_loss":0,"cards_upgraded":["Defend_G","Defend_G","Defend_G","Defend_G","Defend_G","Strike_G","Strike_G","Strike_G","Strike_G","Strike_G"]}],"is_beta":false,"boss_relics":[{"not_picked":["Pandora\u0027s Box","Astrolabe"],"picked":"Ectoplasm"}],"items_purged_floors":[],"is_endless":false,"potions_floor_spawned":[2,3,7,13,19,22,28],"killed_by":"Automaton","ascension_level":14}