{"gold_per_floor":[118,136,211,30,30,30,44,44,70,87,87,33,45,75,75,178,178,191,191,203,215,234,234,244,244],"floor_reached":25,"playtime":1055,"items_purged":[],"score":267,"play_id":"6344e1a1-8802-4186-b53b-465dd47275e7","local_time":"20190128142943","is_ascension_mode":true,"campfire_choices":[{"data":"Cloak And Dagger","floor":6,"key":"SMITH"},{"data":"Neutralize","floor":8,"key":"SMITH"},{"floor":15,"key":"REST"},{"data":"Cloak And Dagger","floor":23,"key":"SMITH"}],"neow_cost":"NONE","seed_source_timestamp":607244641472884,"circlet_count":0,"master_deck":["Defend_G","Defend_G","Defend_G","Defend_G","Strike_G","Strike_G","Strike_G","Strike_G","Survivor","Neutralize+1","Cloak And Dagger+1","Leg Sweep","Accuracy","Sucker Punch","Cloak And Dagger+1","Cloak And Dagger","Burst","Blade Dance","Deflect"],"relics":["Ring of the Snake","Oddly Smooth Stone","Boot","GremlinMask","Singing Bowl","WristBlade","Meat on the Bone"],"potions_floor_usage":[16,21,22,22,24],"damage_taken":[{"damage":0,"enemies":"2 Louse","floor":1,"turns":3},{"damage":4,"enemies":"Jaw Worm","floor":2,"turns":6},{"damage":1,"enemies":"Cultist","floor":7,"turns":4},{"damage":0,"enemies":"2 Fungi Beasts","floor":10,"turns":4},{"damage":0,"enemies":"Exordium Thugs","floor":13,"turns":4},{"damage":4,"enemies":"Lagavulin","floor":14,"turns":9},{"damage":11,"enemies":"The Guardian","floor":16,"turns":19},{"damage":12,"enemies":"Spheric Guardian","floor":18,"turns":4},{"damage":0,"enemies":"Shell Parasite","floor":20,"turns":5},{"damage":27,"enemies":"3 Cultists","floor":21,"turns":7},{"damage":12,"enemies":"Snake Plant","floor":22,"turns":5},{"damage":9,"enemies":"Cultist and Chosen","floor":24,"turns":8},{"damage":52,"enemies":"Gremlin Leader","floor":25,"turns":6}],"seed_played":"-7049097563215176636","potions_obtained":[{"floor":7,"key":"Block Potion"},{"floor":10,"key":"SneckoOil"},{"floor":14,"key":"Explosive Potion"},{"floor":16,"key":"Poison Potion"},{"floor":22,"key":"Fire Potion"}],"is_trial":false,"path_per_floor":["M","M","?","$","?","R","M","R","T","M","?","$","M","E","R","B",null,"M","?","M","M","M","R","M","E"],"character_chosen":"THE_SILENT","items_purchased":["Oddly Smooth Stone","Accuracy","Cloak And Dagger"],"campfire_rested":1,"item_purchase_floors":[4,4,12],"current_hp_per_floor":[63,59,48,48,48,48,47,47,47,47,47,47,47,45,66,55,68,58,58,58,43,45,45,50,0],"gold":244,"neow_bonus":"REMOVE_CARD","is_prod":false,"is_daily":false,"chose_seed":false,"campfire_upgraded":3,"win_rate":0,"timestamp":1548710983,"path_taken":["M","M","?","$","?","R","?","R","T","M","?","?","M","E","R","BOSS","M","?","M","M","M","R","M","E"],"build_version":"2019-01-23","purchased_purges":0,"victory":false,"max_hp_per_floor":[70,70,70,70,70,70,70,70,70,70,70,70,70,72,72,72,72,74,74,74,74,76,76,78,78],"card_choices":[{"not_picked":["Bouncing Flask","Blur"],"picked":"Cloak And Dagger","floor":1},{"not_picked":["Bouncing Flask","Underhanded Strike"],"picked":"Leg Sweep","floor":2},{"not_picked":["PiercingWail","Predator","Corpse Explosion"],"picked":"SKIP","floor":7},{"not_picked":["Flying Knee","Acrobatics","Caltrops"],"picked":"SKIP","floor":10},{"not_picked":["Dagger Throw","Slice"],"picked":"Cloak And Dagger","floor":13},{"not_picked":["Caltrops","Dodge and Roll","Prepared"],"picked":"Singing Bowl","floor":14},{"not_picked":["Night Terror","Grand Finale"],"picked":"Burst","floor":16},{"not_picked":["Concentrate+1","Underhanded Strike","Dagger Spray+1"],"picked":"Singing Bowl","floor":18},{"not_picked":["Slice","Dodge and Roll"],"picked":"Blade Dance","floor":20},{"not_picked":["Dagger Throw","Deadly Poison"],"picked":"Deflect","floor":21},{"not_picked":["Caltrops","All Out Attack","Prepared"],"picked":"Singing Bowl","floor":22},{"not_picked":["Dagger Spray","Eviscerate","Backflip"],"picked":"Singing Bowl","floor":24}],"player_experience":1317059,"relics_obtained":[{"floor":9,"key":"Boot"},{"floor":14,"key":"Singing Bowl"}],"event_choices":[{"damage_healed":0,"gold_gain":75,"player_choice":"Gather Gold","damage_taken":11,"max_hp_gain":0,"max_hp_loss":0,"event_name":"World of Goop","floor":3,"gold_loss":0},{"damage_healed":0,"gold_gain":0,"cards_transformed":["Defend_G"],"player_choice":"Transformed","damage_taken":0,"max_hp_gain":0,"max_hp_loss":0,"event_name":"Transmorgrifier","floor":5,"gold_loss":0,"cards_obtained":["Sucker Punch"]},{"damage_healed":0,"gold_gain":0,"player_choice":"Trade","damage_taken":0,"relics_obtained":["GremlinMask"],"max_hp_gain":0,"max_hp_loss":0,"event_name":"FaceTrader","floor":11,"gold_loss":0},{"damage_healed":0,"gold_gain":0,"player_choice":"Opened","damage_taken":0,"relics_obtained":["Meat on the Bone"],"max_hp_gain":0,"max_hp_loss":0,"event_name":"The Mausoleum","floor":19,"gold_loss":0}],"is_beta":false,"boss_relics":[{"not_picked":["Lizard Tail","Velvet Choker"],"picked":"WristBlade"}],"items_purged_floors":[],"is_endless":false,"potions_floor_spawned":[7,10,14,16,20,22],"killed_by":"Gremlin Leader","ascension_level":6}