{"gold_per_floor":[209,32,47,47,57,57,57,68,68,68,83,2,20,52,52,147,147,166,183,183,183],"floor_reached":21,"playtime":1354,"items_purged":[],"score":235,"play_id":"5cb4f8ea-b478-44bf-91e6-867ab62d3b18","local_time":"20190321230425","is_ascension_mode":true,"campfire_choices":[{"data":"True Grit","floor":6.0,"key":"SMITH"},{"data":"Bash","floor":10.0,"key":"SMITH"},{"data":"Metallicize","floor":15,"key":"SMITH"}],"neow_cost":"NONE","seed_source_timestamp":0,"circlet_count":0,"master_deck":["Strike_R","Strike_R","Strike_R","Strike_R","Defend_R","Defend_R","Defend_R","Defend_R","Bash+1","True Grit+1","Corruption","Uppercut","True Grit+1","Uppercut","Armaments","Metallicize+1","Spot Weakness","Rampage","Pommel Strike","Metallicize","Reaper","Heavy Blade+1"],"special_seed":0,"relics":["Burning Blood","Pantograph","Incense Burner","Runic Cube"],"potions_floor_usage":[20],"damage_taken":[{"damage":0.0,"enemies":"Small Slimes","floor":1.0,"turns":3.0},{"damage":5.0,"enemies":"Jaw Worm","floor":3.0,"turns":3.0},{"damage":0.0,"enemies":"Cultist","floor":5.0,"turns":4.0},{"damage":16.0,"enemies":"Exordium Thugs","floor":8.0,"turns":5.0},{"damage":7.0,"enemies":"2 Fungi Beasts","floor":11.0,"turns":6.0},{"damage":0.0,"enemies":"Blue Slaver","floor":13.0,"turns":6.0},{"damage":31,"enemies":"3 Sentries","floor":14,"turns":9},{"damage":41,"enemies":"Hexaghost","floor":16,"turns":11},{"damage":42,"enemies":"2 Thieves","floor":18,"turns":4},{"damage":23,"enemies":"3 Byrds","floor":19,"turns":7},{"damage":58,"enemies":"Colosseum Slavers","floor":20,"turns":9},{"damage":17,"enemies":"Centurion and Healer","floor":21,"turns":6}],"seed_played":"-7018682372234758339","potions_obtained":[{"floor":5.0,"key":"Ancient Potion"},{"floor":8.0,"key":"Strength Potion"},{"floor":14,"key":"Regen Potion"},{"floor":18,"key":"Strength Potion"}],"is_trial":false,"path_per_floor":["?","?","M","$","?"],"character_chosen":"IRONCLAD","items_purchased":["Corruption","Uppercut","True Grit","Rampage"],"campfire_rested":0,"item_purchase_floors":[2,2,2,12],"current_hp_per_floor":[78,78,79,79,80,80,80,70,70,70,69,69,75,50,50,40,70,44,39,16,0],"gold":183,"neow_bonus":"HUNDRED_GOLD","is_prod":false,"is_daily":false,"chose_seed":false,"campfire_upgraded":3,"win_rate":0,"timestamp":1553223865,"path_taken":["M","$","M","?","M","R","?","?","T","R","M","?","M","E","R","BOSS","M","M","?","M"],"build_version":"2019-01-23","purchased_purges":0,"victory":false,"max_hp_per_floor":[80,80,80,80,80,80,80,80,80,80,80,80,80,80,80,80,80,80,80,80,80],"card_choices":[{"not_picked":["Thunderclap","Twin Strike"],"picked":"True Grit","floor":1.0},{"not_picked":["Heavy Blade","Second Wind"],"picked":"Uppercut","floor":3.0},{"not_picked":["Flex","Searing Blow"],"picked":"Armaments","floor":5.0},{"not_picked":["Shrug It Off","Perfected Strike"],"picked":"Metallicize","floor":8.0},{"not_picked":["Rampage","Entrench"],"picked":"Spot Weakness","floor":11.0},{"not_picked":["Dual Wield","Sword Boomerang"],"picked":"Pommel Strike","floor":13},{"not_picked":["Second Wind","Flex"],"picked":"Metallicize","floor":14},{"not_picked":["Berserk","Brutality"],"picked":"Reaper","floor":16},{"not_picked":["Shrug It Off+1","Perfected Strike"],"picked":"Heavy Blade+1","floor":18},{"not_picked":["Hemokinesis","Second Wind+1","Sword Boomerang"],"picked":"SKIP","floor":19}],"player_experience":860838,"relics_obtained":[{"floor":9.0,"key":"Pantograph"},{"floor":14,"key":"Incense Burner"}],"event_choices":[{"damage_healed":0.0,"max_hp_gain":0.0,"max_hp_loss":0.0,"gold_gain":0.0,"event_name":"Living Wall","player_choice":"Grow","floor":4.0,"gold_loss":0.0,"damage_taken":0.0,"cards_upgraded":["True Grit"]},{"cards_removed":["Strike_R"],"damage_healed":0.0,"max_hp_gain":0.0,"max_hp_loss":0.0,"gold_gain":0.0,"event_name":"Bonfire Elementals","player_choice":"Offered Basic","floor":7.0,"gold_loss":0.0,"damage_taken":0.0},{"damage_healed":0,"gold_gain":0,"player_choice":"Fight","damage_taken":0,"max_hp_gain":0,"max_hp_loss":0,"event_name":"Colosseum","floor":20,"gold_loss":0},{"damage_healed":0,"gold_gain":0,"player_choice":"Fled From Nobs","damage_taken":0,"max_hp_gain":0,"max_hp_loss":0,"event_name":"Colosseum","floor":20,"gold_loss":0}],"is_beta":false,"boss_relics":[{"not_picked":["Eternal Feather","Calling Bell"],"picked":"Runic Cube"}],"items_purged_floors":[],"is_endless":false,"potions_floor_spawned":[5,8,14,16,18,19,20],"killed_by":"Centurion and Healer","ascension_level":6}