{"gold_per_floor":[13,13,33,133,52,77,91,117,140,152,152,177,195,246,246,246],"floor_reached":16,"playtime":814,"items_purged":[],"score":120,"play_id":"acbbfcf7-21c7-46a5-8f01-16f31d163985","local_time":"20190218193322","is_ascension_mode":false,"campfire_choices":[{"data":"Zap","floor":15,"key":"SMITH"}],"neow_cost":"NO_GOLD","seed_source_timestamp":414767775452319,"circlet_count":0,"master_deck":["Strike_B","Strike_B","Strike_B","Strike_B","Defend_B","Defend_B","Defend_B","Zap+1","Storm","Genetic Algorithm","Conserve Battery","Defragment"],"relics":["Cracked Core","Omamori","Smiling Mask","Oddly Smooth Stone","Regal Pillow","Blood Vial"],"potions_floor_usage":[6,8],"damage_taken":[{"damage":14,"enemies":"2 Louse","floor":1,"turns":3},{"damage":0,"enemies":"Cultist","floor":3,"turns":4},{"damage":29,"enemies":"Gremlin Nob","floor":6,"turns":5},{"damage":0,"enemies":"Jaw Worm","floor":7,"turns":4},{"damage":19,"enemies":"3 Sentries","floor":8,"turns":7},{"damage":8,"enemies":"Red Slaver","floor":10,"turns":4},{"damage":17,"enemies":"Gremlin Nob","floor":12,"turns":5},{"damage":0,"enemies":"2 Fungi Beasts","floor":13,"turns":4},{"damage":42,"enemies":"Hexaghost","floor":16,"turns":10}],"seed_played":"6581818505362370863","potions_obtained":[{"floor":2,"key":"SmokeBomb"},{"floor":2,"key":"FairyPotion"},{"floor":2,"key":"Regen Potion"},{"floor":6,"key":"Fire Potion"}],"is_trial":false,"path_per_floor":["?","M","?","M","?","T"],"character_chosen":"DEFECT","items_purchased":["Defragment"],"campfire_rested":0,"item_purchase_floors":[5],"current_hp_per_floor":[61,61,61,61,61,44,44,25,25,17,42,25,25,25,25,0],"gold":246,"neow_bonus":"TRANSFORM_TWO_CARDS","is_prod":false,"is_daily":false,"chose_seed":false,"campfire_upgraded":1,"win_rate":0,"timestamp":1550536402,"path_taken":["M","?","?","?","$","E","?","E","T","M","?","E","M","?","R","BOSS"],"build_version":"2019-01-23","purchased_purges":0,"victory":false,"max_hp_per_floor":[75,75,75,75,75,75,75,75,75,75,75,75,75,75,75,75],"card_choices":[{"not_picked":["Turbo","Beam Cell"],"picked":"Conserve Battery","floor":1},{"not_picked":["Redo","Barrage","Recycle"],"picked":"SKIP","floor":3},{"not_picked":["Cold Snap","Turbo","Darkness"],"picked":"SKIP","floor":6},{"not_picked":["Reprogram","Coolheaded","Doom and Gloom"],"picked":"SKIP","floor":7},{"not_picked":["Compile Driver","Fission","Coolheaded"],"picked":"SKIP","floor":8},{"not_picked":["Beam Cell","Compile Driver","Stack"],"picked":"SKIP","floor":10},{"not_picked":["Cold Snap","Beam Cell","Machine Learning"],"picked":"SKIP","floor":12},{"not_picked":["Streamline","Force Field","Static Discharge"],"picked":"SKIP","floor":13}],"player_experience":523502,"relics_obtained":[{"floor":6,"key":"Omamori"},{"floor":8,"key":"Smiling Mask"},{"floor":9,"key":"Oddly Smooth Stone"},{"floor":12,"key":"Regal Pillow"},{"floor":14,"key":"Blood Vial"}],"event_choices":[{"damage_healed":0,"gold_gain":0,"player_choice":"Got Potions","damage_taken":0,"max_hp_gain":0,"max_hp_loss":0,"event_name":"Lab","floor":2,"gold_loss":0},{"damage_healed":0,"gold_gain":100,"player_choice":"Pray","damage_taken":0,"max_hp_gain":0,"max_hp_loss":0,"event_name":"Golden Shrine","floor":4,"gold_loss":0},{"damage_healed":25,"gold_gain":0,"player_choice":"Banana","damage_taken":0,"max_hp_gain":0,"max_hp_loss":0,"event_name":"Big Fish","floor":11,"gold_loss":0}],"is_beta":false,"boss_relics":[],"items_purged_floors":[],"is_endless":false,"potions_floor_spawned":[3,6,7],"killed_by":"Hexaghost","ascension_level":0}