{"gold_per_floor":[17,36,56,56,71,71,97,115,115,128,128,209,209,225,225,225],"floor_reached":16,"playtime":800,"items_purged":[],"score":129,"play_id":"d95efbe3-7422-4268-beee-e7b6cfe22750","local_time":"20180730111523","is_ascension_mode":false,"campfire_choices":[{"floor":6,"key":"REST"},{"data":"Infernal Blade","floor":11,"key":"SMITH"},{"data":"Infernal Blade","floor":13,"key":"SMITH"},{"data":"Rage","floor":15,"key":"SMITH"}],"neow_cost":"NO_GOLD","seed_source_timestamp":321559225281025,"circlet_count":0,"master_deck":["Strike_R","Strike_R","Strike_R","Strike_R","Strike_R","Defend_R","Defend_R","Defend_R","Defend_R","Bash","Flex","Heavy Blade","Heavy Blade","Sword Boomerang","Flame Barrier","Infernal Blade+1","Infernal Blade+1","Rage+1"],"relics":["Burning Blood","Ornamental Fan","Boot","Pear"],"potions_floor_usage":[8],"damage_taken":[{"damage":8,"enemies":"Cultist","floor":1,"turns":6},{"damage":7,"enemies":"2 Louse","floor":2,"turns":3},{"damage":3,"enemies":"Small Slimes","floor":3,"turns":3},{"damage":49,"enemies":"Gremlin Gang","floor":5,"turns":7},{"damage":20,"enemies":"Gremlin Nob","floor":7,"turns":4},{"damage":6,"enemies":"Exordium Wildlife","floor":8,"turns":4},{"damage":8,"enemies":"Lots of Slimes","floor":10,"turns":2},{"damage":6,"enemies":"Large Slime","floor":14,"turns":5},{"damage":76,"enemies":"Hexaghost","floor":16,"turns":9}],"seed_played":"4225562520574565701","potions_obtained":[{"floor":3,"key":"SpeedPotion"},{"floor":5,"key":"Block Potion"},{"floor":7,"key":"FearPotion"}],"is_trial":false,"path_per_floor":["M","M","M","?","M","R","E","M","T","M","R","T","R","M","R"],"character_chosen":"IRONCLAD","items_purchased":[],"campfire_rested":1,"item_purchase_floors":[],"current_hp_per_floor":[94,93,96,96,53,81,67,67,67,65,65,75,75,75,75,0],"gold":225,"neow_bonus":"TWENTY_PERCENT_HP_BONUS","is_prod":false,"is_daily":false,"chose_seed":false,"campfire_upgraded":3,"win_rate":0.0,"timestamp":1532970923,"path_taken":["M","?","M","?","M","R","E","M","T","?","R","?","R","?","R","BOSS"],"build_version":"2018-07-26","purchased_purges":0,"victory":false,"max_hp_per_floor":[96,96,96,96,96,96,96,96,96,96,96,106,106,106,106,106],"card_choices":[{"not_picked":["Hemokinesis","Thunderclap"],"picked":"Flex","floor":1},{"not_picked":["Anger","Headbutt"],"picked":"Heavy Blade","floor":2},{"not_picked":["True Grit","Wild Strike"],"picked":"Heavy Blade","floor":3},{"not_picked":["Rampage","Flex"],"picked":"Sword Boomerang","floor":5},{"not_picked":["Rampage","Wild Strike"],"picked":"Flame Barrier","floor":7},{"not_picked":["Cleave","Thunderclap"],"picked":"Infernal Blade","floor":8},{"not_picked":["Heavy Blade","Reckless Charge"],"picked":"Infernal Blade","floor":10},{"not_picked":["Shrug It Off","Clash"],"picked":"Rage","floor":14}],"player_experience":91595,"relics_obtained":[{"floor":7,"key":"Ornamental Fan"},{"floor":9,"key":"Boot"},{"floor":12,"key":"Pear"}],"event_choices":[{"event_name":"Accursed Blacksmith","player_choice":"Ignore","floor":4,"damage_taken":0}],"is_beta":false,"boss_relics":[],"items_purged_floors":[],"is_endless":false,"potions_floor_spawned":[3,5,7],"killed_by":"Hexaghost","ascension_level":0}