{"gold_per_floor":[119,132,149,167,183,54,54,70,70,70,81,256,267,278,278,379,379,397,397,122,133,148,148,163,163,214,32,32],"floor_reached":28,"playtime":887,"items_purged":["Defend_B"],"score":216,"play_id":"419f776b-1a45-4ae0-b42c-2ae2fc6b0899","local_time":"20190218110810","is_ascension_mode":false,"campfire_choices":[{"floor":7.0,"key":"REST"},{"floor":15.0,"key":"REST"},{"floor":23,"key":"REST"}],"neow_cost":"NONE","seed_source_timestamp":234680287263423,"circlet_count":0,"master_deck":["Strike_B","Strike_B","Strike_B","Defend_B","Defend_B","Defend_B","Zap","Dualcast","Ball Lightning","Gash","FTL","Hologram","Sweeping Beam","Hologram","Go for the Eyes","Echo Form","Doubt","Reprogram","Sweeping Beam","Amplify","Cold Snap","Trip","Rainbow","Ball Lightning","Gash+1","Buffer","Leap+1","Gash","Enlightenment","Turbo"],"special_seed":0,"relics":["Cracked Core"],"potions_floor_usage":[16,16],"damage_taken":[{"damage":1.0,"enemies":"Cultist","floor":1.0,"turns":3.0},{"damage":6.0,"enemies":"Jaw Worm","floor":2.0,"turns":3.0},{"damage":5.0,"enemies":"Small Slimes","floor":3.0,"turns":2.0},{"damage":18.0,"enemies":"Exordium Thugs","floor":4.0,"turns":4.0},{"damage":3.0,"enemies":"3 Louse","floor":5.0,"turns":3.0},{"damage":11.0,"enemies":"Large Slime","floor":8.0,"turns":3.0},{"damage":9.0,"enemies":"Lots of Slimes","floor":11.0,"turns":3.0},{"damage":14.0,"enemies":"Red Slaver","floor":13.0,"turns":4.0},{"damage":4.0,"enemies":"Blue Slaver","floor":14.0,"turns":3.0},{"damage":9,"enemies":"Slime Boss","floor":16,"turns":7},{"damage":22,"enemies":"Spheric Guardian","floor":18,"turns":4},{"damage":24,"enemies":"Shell Parasite","floor":21,"turns":6},{"damage":20,"enemies":"Snecko","floor":22,"turns":5},{"damage":33,"enemies":"Snake Plant","floor":24,"turns":4},{"damage":10,"enemies":"Sentry and Sphere","floor":28,"turns":2}],"seed_played":"-1099424119005339955","potions_obtained":[{"floor":1.0,"key":"Fruit Juice"},{"floor":8.0,"key":"SpeedPotion"},{"floor":14.0,"key":"Fire Potion"},{"floor":16,"key":"Strength Potion"},{"floor":22,"key":"FearPotion"}],"is_trial":false,"path_per_floor":["M","M","M","M","M","$","R","M","T","T","M","?","M","M","R","B",null,"M","?","$","M","M","R","M","?","T","$","M"],"character_chosen":"DEFECT","items_purchased":["Hologram","Trip","Rainbow","Ball Lightning","Gash","Enlightenment","Turbo"],"campfire_rested":3,"item_purchase_floors":[6,20,20,20,27,27,27],"current_hp_per_floor":[79,73,68,50,47,47,71,60,60,60,51,51,37,33,57,48,80,58,58,58,34,14,38,5,5,5,5,0],"gold":32,"neow_bonus":"REMOVE_CARD","is_prod":false,"is_daily":false,"chose_seed":false,"campfire_upgraded":0,"win_rate":0,"timestamp":1550513290,"path_taken":["M","M","M","?","M","$","R","M","T","?","M","?","M","M","R","BOSS","M","?","?","M","M","R","M","?","T","$","?"],"build_version":"2019-01-23","purchased_purges":1,"victory":false,"max_hp_per_floor":[80,80,80,80,80,80,80,80,80,80,80,80,80,80,80,80,80,80,80,80,80,80,80,80,80,80,80,80],"card_choices":[{"not_picked":["Reprogram","Cold Snap"],"picked":"Ball Lightning","floor":1.0},{"not_picked":["Redo","Streamline"],"picked":"Gash","floor":2.0},{"not_picked":["Aggregate","Turbo"],"picked":"FTL","floor":3.0},{"not_picked":["Barrage","Glacier"],"picked":"Hologram","floor":4.0},{"not_picked":["Stack","Barrage"],"picked":"Sweeping Beam","floor":5.0},{"not_picked":["Heatsinks","Leap"],"picked":"Go for the Eyes","floor":8.0},{"not_picked":["Redo","Stack"],"picked":"Echo Form","floor":11.0},{"not_picked":["Streamline","Doom and Gloom"],"picked":"Reprogram","floor":13.0},{"not_picked":["Lockon","Cold Snap"],"picked":"Sweeping Beam","floor":14.0},{"not_picked":["Hyperbeam","Meteor Strike"],"picked":"Amplify","floor":16},{"not_picked":["Go for the Eyes","Auto Shields"],"picked":"Cold Snap","floor":18},{"not_picked":["Redo","Steam Power"],"picked":"Gash+1","floor":21},{"not_picked":["Chaos","Double Energy"],"picked":"Buffer","floor":22},{"not_picked":["Redo","Stack"],"picked":"Leap+1","floor":24}],"player_experience":1520191,"relics_obtained":[],"event_choices":[{"damage_healed":0.0,"max_hp_gain":0.0,"max_hp_loss":0.0,"gold_gain":175.0,"event_name":"Liars Game","player_choice":"AGREE","floor":12.0,"gold_loss":0.0,"damage_taken":0.0,"cards_obtained":["Doubt"]},{"damage_healed":0,"gold_gain":0,"player_choice":"Ignored","damage_taken":0,"max_hp_gain":0,"max_hp_loss":0,"event_name":"WeMeetAgain","floor":19,"gold_loss":0},{"damage_healed":0,"gold_gain":0,"player_choice":"Ignored","damage_taken":0,"max_hp_gain":0,"max_hp_loss":0,"event_name":"The Mausoleum","floor":25,"gold_loss":0}],"is_beta":false,"boss_relics":[{"not_picked":["Runic Pyramid","Orrery","Inserter"]}],"items_purged_floors":[6],"is_endless":false,"potions_floor_spawned":[1,8,14,16,22],"killed_by":"Sentry and Sphere","ascension_level":0}