{"gold_per_floor":[112,125,125,143,68,68,19,19,45,45,63,83,101,101,101,175,175,186,186,186,200,100,100,100,100,149,181,56,56],"floor_reached":29,"playtime":749,"items_purged":["Strike_R","Strike_R","Pain"],"score":381,"play_id":"6292de43-391c-4543-b744-d47323af607b","local_time":"20190128205259","is_ascension_mode":true,"campfire_choices":[{"data":"Searing Blow","floor":6,"key":"SMITH"},{"data":"Armaments","floor":8,"key":"SMITH"},{"floor":15,"key":"REST"},{"data":"Armaments","floor":23,"key":"SMITH"},{"data":"Searing Blow+1","floor":25,"key":"SMITH"}],"neow_cost":"NONE","seed_source_timestamp":630545904128985,"circlet_count":0,"master_deck":["AscendersBane","Strike_R","Strike_R","Strike_R","Defend_R","Defend_R+1","Defend_R","Defend_R","Bash","Searing Blow+2","Iron Wave+1","Twin Strike","Armaments+1","Inflame","Thunderclap","Armaments+1","Pommel Strike","Limit Break","Pummel","Dual Wield","Iron Wave"],"relics":["Burning Blood","Lantern","Velvet Choker","WarpedTongs","Dream Catcher","Anchor"],"potions_floor_usage":[16,16,21,27],"damage_taken":[{"damage":4,"enemies":"2 Louse","floor":1,"turns":4},{"damage":13,"enemies":"Jaw Worm","floor":2,"turns":4},{"damage":5,"enemies":"Cultist","floor":4,"turns":4},{"damage":7,"enemies":"Looter","floor":11,"turns":4},{"damage":10,"enemies":"3 Louse","floor":12,"turns":2},{"damage":2,"enemies":"2 Fungi Beasts","floor":13,"turns":4},{"damage":33,"enemies":"Slime Boss","floor":16,"turns":13},{"damage":13,"enemies":"Shell Parasite","floor":18,"turns":5},{"damage":2,"enemies":"Chosen","floor":21,"turns":4},{"damage":55,"enemies":"Slavers","floor":27,"turns":7},{"damage":33,"enemies":"Sentry and Sphere","floor":29,"turns":7}],"seed_played":"-6651667287027098640","potions_obtained":[{"floor":4,"key":"Poison Potion"},{"floor":12,"key":"SkillPotion"},{"floor":16,"key":"Energy Potion"},{"floor":18,"key":"Poison Potion"}],"is_trial":false,"path_per_floor":["M","M","?","M","$","R","$","R","T","?","M","M","M","?","R","B",null,"M","?","?","M","$","R","$","R","T","E","$","M"],"character_chosen":"IRONCLAD","items_purchased":["Armaments"],"campfire_rested":1,"item_purchase_floors":[7],"current_hp_per_floor":[82,75,57,58,58,58,58,58,58,58,57,53,57,57,83,56,80,73,73,73,77,77,77,77,77,77,28,28,0],"gold":56,"neow_bonus":"TEN_PERCENT_HP_BONUS","is_prod":false,"is_daily":false,"chose_seed":false,"campfire_upgraded":4,"win_rate":0,"timestamp":1548733979,"path_taken":["M","M","?","M","$","R","?","R","T","?","M","?","M","?","R","BOSS","M","?","?","?","?","R","$","R","T","E","$","M"],"build_version":"2019-01-23","purchased_purges":3,"victory":false,"max_hp_per_floor":[88,88,88,88,88,88,88,88,88,88,88,88,88,88,88,88,88,88,88,88,88,88,88,88,88,88,88,88,88],"card_choices":[{"not_picked":["Perfected Strike","Sentinel"],"picked":"Searing Blow","floor":1},{"not_picked":["Headbutt","Warcry"],"picked":"Iron Wave","floor":2},{"not_picked":["Carnage","Rupture"],"picked":"Twin Strike","floor":4},{"not_picked":["Clash","Sword Boomerang"],"picked":"Armaments","floor":11},{"not_picked":["Power Through","Pummel"],"picked":"Pommel Strike","floor":12},{"not_picked":["Twin Strike","Rampage","Flex"],"picked":"SKIP","floor":13},{"not_picked":["Barricade","Reaper"],"picked":"Limit Break","floor":16},{"not_picked":["Body Slam","Headbutt"],"picked":"Pummel","floor":18},{"not_picked":["Dropkick+1","Corruption"],"picked":"Dual Wield","floor":21},{"not_picked":["Flex","Blood for Blood"],"picked":"Iron Wave","floor":27}],"player_experience":1323669,"relics_obtained":[{"floor":9,"key":"Lantern"},{"floor":26,"key":"Dream Catcher"},{"floor":27,"key":"Anchor"}],"event_choices":[{"damage_healed":0,"gold_gain":0,"player_choice":"Entered Light","damage_taken":18,"max_hp_gain":0,"max_hp_loss":0,"event_name":"Shining Light","floor":3,"gold_loss":0,"cards_upgraded":["Iron Wave","Defend_R"]},{"damage_healed":0,"gold_gain":0,"player_choice":"3 cards matched","damage_taken":0,"max_hp_gain":0,"max_hp_loss":0,"event_name":"Match and Keep!","floor":10,"gold_loss":0,"cards_obtained":["Demon Form","Inflame","Thunderclap"]},{"cards_removed":["Demon Form"],"damage_healed":0,"gold_gain":0,"player_choice":"Forget","damage_taken":0,"max_hp_gain":0,"max_hp_loss":0,"event_name":"Living Wall","floor":14,"gold_loss":0},{"damage_healed":0,"gold_gain":0,"player_choice":"Ignored","damage_taken":0,"max_hp_gain":0,"max_hp_loss":0,"event_name":"Cursed Tome","floor":19,"gold_loss":0},{"damage_healed":0,"gold_gain":0,"player_choice":"Rummage","damage_taken":0,"relics_obtained":["WarpedTongs"],"max_hp_gain":0,"max_hp_loss":0,"event_name":"Accursed Blacksmith","floor":20,"gold_loss":0,"cards_obtained":["Pain"]}],"is_beta":false,"boss_relics":[{"not_picked":["Mark of Pain","Tiny House"],"picked":"Velvet Choker"}],"items_purged_floors":[5,22,28],"is_endless":false,"potions_floor_spawned":[4,12,13,16,18],"killed_by":"Sentry and Sphere","ascension_level":13}