{"gold_per_floor":[116,136,136,154,84,84,112,132,157,176,196,196,196,211,211,308,308,318,338,355,355,355],"floor_reached":22,"playtime":793,"items_purged":[],"score":247,"play_id":"8a25bca8-0366-4874-8dd1-54ddf71d72b7","local_time":"20181024165241","is_ascension_mode":true,"campfire_choices":[{"data":"Demon Form","floor":6,"key":"SMITH"},{"data":"Seeing Red","floor":12,"key":"SMITH"},{"floor":15,"key":"REST"}],"neow_cost":"PERCENT_DAMAGE","seed_source_timestamp":1206456165722207,"circlet_count":0,"master_deck":["Strike_R","Strike_R","Strike_R","Strike_R","Strike_R","Defend_R","Defend_R","Defend_R","Defend_R","Bash","Demon Form+1","Flex","Flex","Anger","Armaments+1","Double Tap","Armaments","Seeing Red+1","Iron Wave","Pummel","Bludgeon","Flame Barrier+1","Body Slam+1","Anger"],"relics":["Burning Blood","Bronze Scales","Potion Belt","Snecko Eye","MutagenicStrength"],"potions_floor_usage":[16,16,16,16,16,19,22,22],"damage_taken":[{"damage":13,"enemies":"Jaw Worm","floor":1,"turns":4},{"damage":1,"enemies":"Cultist","floor":2,"turns":3},{"damage":12,"enemies":"2 Louse","floor":4,"turns":4},{"damage":17,"enemies":"Lagavulin","floor":7,"turns":7},{"damage":7,"enemies":"Looter","floor":8,"turns":3},{"damage":12,"enemies":"Exordium Thugs","floor":10,"turns":4},{"damage":16,"enemies":"Blue Slaver","floor":11,"turns":3},{"damage":4,"enemies":"Exordium Wildlife","floor":14,"turns":3},{"damage":18,"enemies":"Slime Boss","floor":16,"turns":10},{"damage":31,"enemies":"2 Thieves","floor":18,"turns":4},{"damage":11,"enemies":"3 Byrds","floor":19,"turns":3},{"damage":13,"enemies":"Snecko","floor":20,"turns":4},{"damage":41,"enemies":"Centurion and Healer","floor":22,"turns":4}],"seed_played":"1328172174691917780","potions_obtained":[{"floor":1,"key":"Block Potion"},{"floor":4,"key":"Explosive Potion"},{"floor":8,"key":"SpeedPotion"},{"floor":10,"key":"Block Potion"},{"floor":14,"key":"Dexterity Potion"},{"floor":16,"key":"Energy Potion"},{"floor":18,"key":"AttackPotion"},{"floor":20,"key":"Fire Potion"}],"is_trial":false,"path_per_floor":["M","M","?","M","$","R","E","M","T","M","M","R","?","M","R","B",null,"M","M","M","?"],"character_chosen":"IRONCLAD","items_purchased":["Anger","Armaments"],"campfire_rested":1,"item_purchase_floors":[5,5],"current_hp_per_floor":[44,49,80,74,74,74,63,62,62,56,46,46,46,48,72,60,75,50,45,38,38,0],"gold":355,"neow_bonus":"THREE_RARE_CARDS","is_prod":false,"is_daily":false,"chose_seed":false,"campfire_upgraded":2,"win_rate":0,"timestamp":1540421561,"path_taken":["M","M","?","?","$","R","E","M","T","M","M","R","?","M","R","BOSS","M","M","M","?","?"],"build_version":"2018-10-18","purchased_purges":0,"victory":false,"max_hp_per_floor":[80,80,80,80,80,80,80,80,80,80,80,80,80,80,80,80,80,80,80,80,80,80],"card_choices":[{"not_picked":["Immolate","Fiend Fire"],"picked":"Demon Form","floor":0},{"not_picked":["Burning Pact","Evolve"],"picked":"Rage","floor":1},{"not_picked":["Rampage","Bloodletting"],"picked":"Flex","floor":2},{"not_picked":["Body Slam","Evolve"],"picked":"Flex","floor":4},{"not_picked":["Power Through","Sentinel"],"picked":"Double Tap","floor":7},{"not_picked":["Warcry","Power Through"],"picked":"Armaments","floor":8},{"not_picked":["Perfected Strike","Pommel Strike"],"picked":"Seeing Red","floor":10},{"not_picked":["Clash","Fire Breathing"],"picked":"Iron Wave","floor":11},{"not_picked":["Second Wind","Flex"],"picked":"Pummel","floor":14},{"not_picked":["Demon Form","Double Tap"],"picked":"Bludgeon","floor":16},{"not_picked":["Entrench","Headbutt"],"picked":"Flame Barrier+1","floor":18},{"not_picked":["Clash","Carnage"],"picked":"Body Slam+1","floor":19},{"not_picked":["Heavy Blade","Clash"],"picked":"Anger","floor":20}],"player_experience":801648,"relics_obtained":[{"floor":7,"key":"Bronze Scales"},{"floor":9,"key":"Potion Belt"}],"event_choices":[{"cards_removed":["Rage"],"damage_healed":31,"gold_gain":0,"player_choice":"Offered Uncommon","damage_taken":0,"max_hp_gain":0,"max_hp_loss":0,"event_name":"Bonfire Elementals","floor":3,"gold_loss":0},{"damage_healed":0,"gold_gain":0,"player_choice":"Grow","damage_taken":0,"max_hp_gain":0,"max_hp_loss":0,"event_name":"Living Wall","floor":13,"gold_loss":0,"cards_upgraded":["Armaments"]},{"damage_healed":0,"gold_gain":0,"player_choice":"Inject Mutagens","damage_taken":0,"relics_obtained":["MutagenicStrength"],"max_hp_gain":0,"max_hp_loss":0,"event_name":"Drug Dealer","floor":21,"gold_loss":0}],"is_beta":false,"boss_relics":[{"not_picked":["Runic Pyramid","Empty Cage"],"picked":"Snecko Eye"}],"items_purged_floors":[],"is_endless":false,"potions_floor_spawned":[1,4,8,10,14,16,18,20],"killed_by":"Centurion and Healer","ascension_level":6}