{"gold_per_floor":[144,189,86,40,85,175,175,220,220,322,379,391,403,415,427,739,751,808,239,284,329,374,374,419,419,444,534,534,579,624,340,340,640,640,685,710,67,112,112,157,202,202,277,277,367,412,487,532,532,532],"floor_reached":51,"playtime":2351,"items_purged":[],"score":861,"play_id":"8a9bd390-4be6-4ecf-9cfd-c437911a97de","local_time":"20180904214846","daily_mods":["Heirloom","Midas","Lethality"],"is_ascension_mode":false,"campfire_choices":[{"floor":7,"key":"REST"},{"floor":13,"key":"REST"},{"floor":15,"key":"REST"},{"floor":23,"key":"REST"},{"floor":25,"key":"REST"},{"floor":32,"key":"REST"},{"floor":42,"key":"REST"},{"floor":49,"key":"REST"}],"neow_cost":"","seed_source_timestamp":0,"circlet_count":0,"master_deck":["Strike_R","Strike_R","Strike_R","Strike_R","Strike_R","Defend_R","Defend_R","Defend_R+1","Defend_R","Bash","Twin Strike","Corruption","Flex","Heavy Blade","Armaments+1","Twin Strike","Shrug It Off","Thunderclap","Uppercut","Reaper","Armaments+1","Armaments+1","Thunderclap","Rampage","Thunderclap+1","Disarm","Intimidate+1","Power Through","Feel No Pain+1","Uppercut","Inflame","Rage","Impervious","Warcry","Seeing Red+1","Pummel","Secret Technique+1","Flame Barrier+1","Thunderclap+1","Sword Boomerang+1","Armaments+1","Heavy Blade+1","Madness+1","Madness+1","Metallicize+1","Heavy Blade","Intimidate+1"],"special_seed":17779,"relics":["Burning Blood","Incense Burner","Strawberry","MawBank","StoneCalendar","Bag of Marbles","GremlinMask","Sozu","DollysMirror","Ornamental Fan","Happy Flower","Calipers","MutagenicStrength","Pantograph","Runic Cube","War Paint","Toxic Egg 2","Mango","Mercury Hourglass","Anchor","Bottled Lightning"],"potions_floor_usage":[11,24],"damage_taken":[{"damage":0,"enemies":"Cultist","floor":1,"turns":2},{"damage":0,"enemies":"Small Slimes","floor":2,"turns":2},{"damage":0,"enemies":"2 Louse","floor":5,"turns":2},{"damage":32,"enemies":"Lagavulin","floor":6,"turns":5},{"damage":0,"enemies":"Exordium Wildlife","floor":8,"turns":2},{"damage":23,"enemies":"3 Sentries","floor":10,"turns":8},{"damage":0,"enemies":"Red Slaver","floor":11,"turns":2},{"damage":2,"enemies":"Slime Boss","floor":16,"turns":7},{"damage":26,"enemies":"Spheric Guardian","floor":18,"turns":4},{"damage":26,"enemies":"3 Byrds","floor":20,"turns":5},{"damage":21,"enemies":"Snake Plant","floor":21,"turns":4},{"damage":29,"enemies":"3 Cultists","floor":22,"turns":5},{"damage":34,"enemies":"Centurion and Healer","floor":24,"turns":4},{"damage":27,"enemies":"Slavers","floor":27,"turns":4},{"damage":0,"enemies":"Snecko","floor":29,"turns":2},{"damage":2,"enemies":"3 Cultists","floor":30,"turns":4},{"damage":52,"enemies":"Automaton","floor":33,"turns":8},{"damage":0,"enemies":"Orb Walker","floor":35,"turns":3},{"damage":28,"enemies":"3 Darklings","floor":38,"turns":4},{"damage":8,"enemies":"Mind Bloom Boss Battle","floor":39,"turns":9},{"damage":15,"enemies":"4 Shapes","floor":40,"turns":3},{"damage":28,"enemies":"Maw","floor":41,"turns":9},{"damage":32,"enemies":"2 Orb Walkers","floor":45,"turns":4},{"damage":17,"enemies":"Spire Growth","floor":46,"turns":4},{"damage":23,"enemies":"Reptomancer","floor":48,"turns":6},{"damage":54,"enemies":"Awakened One","floor":50,"turns":15}],"seed_played":"-4275745277921961061","potions_obtained":[{"floor":1,"key":"Fire Potion"},{"floor":10,"key":"FearPotion"},{"floor":16,"key":"Poison Potion"}],"is_trial":false,"path_per_floor":["M","M","$","$","M","E","R","M","T","E","M","?","R","?","R","B",null,"M","$","M","M","M","R","M","R","T","E","?","M","M","$","R","B",null,"M","T","$","M","?","M","M","R","T","?","E","M","T","M","R","B"],"character_chosen":"IRONCLAD","items_purchased":["Corruption","Flex","Heavy Blade","DollysMirror","Ornamental Fan","Thunderclap","Rampage","Rage","Pantograph","Toxic Egg 2","Seeing Red+1","Pummel","Secret Technique+1","Flame Barrier+1"],"campfire_rested":8,"item_purchase_floors":[3,3,4,19,19,19,19,31,31,37,37,37,37,37],"current_hp_per_floor":[80,80,80,80,80,61,87,87,87,70,76,76,87,87,87,87,87,67,67,56,50,39,65,37,63,63,42,42,48,52,52,78,53,87,87,87,87,65,100,91,79,101,101,88,80,69,69,68,98,63],"gold":532,"neow_bonus":"","is_prod":false,"is_daily":true,"chose_seed":false,"campfire_upgraded":0,"win_rate":0,"timestamp":1536119326,"path_taken":["M","M","?","$","M","E","R","M","T","E","?","?","R","?","R","BOSS","M","$","M","M","M","R","M","R","T","E","?","M","M","$","R","BOSS","M","?","?","M","?","M","M","R","T","?","E","M","?","M","R","BOSS"],"build_version":"2018-08-30","purchased_purges":0,"victory":true,"max_hp_per_floor":[80,80,80,80,80,87,87,87,87,87,87,87,87,87,87,87,87,87,87,87,87,87,87,87,87,87,87,87,87,87,87,87,87,87,87,87,87,87,101,101,101,101,101,101,101,101,101,101,101,101],"card_choices":[{"not_picked":["Searing Blow","Hemokinesis","Combust"],"picked":"SKIP","floor":1},{"not_picked":["Burning Pact","Warcry"],"picked":"Twin Strike","floor":2},{"not_picked":["Body Slam","Heavy Blade"],"picked":"Armaments","floor":5},{"not_picked":["True Grit","Dark Embrace"],"picked":"Twin Strike","floor":6},{"not_picked":["Cleave","Perfected Strike"],"picked":"Shrug It Off","floor":8},{"not_picked":["Headbutt","Twin Strike"],"picked":"Thunderclap","floor":10},{"not_picked":["Cleave","Exhume"],"picked":"Uppercut","floor":11},{"not_picked":["Feed","Dark Embrace"],"picked":"Reaper","floor":16},{"not_picked":["Sword Boomerang+1","Infernal Blade"],"picked":"Armaments+1","floor":18},{"not_picked":["Searing Blow","Havoc+1"],"picked":"Thunderclap+1","floor":20},{"not_picked":["Blood for Blood+1","Metallicize"],"picked":"Disarm","floor":21},{"not_picked":["Headbutt","Blood for Blood"],"picked":"Intimidate+1","floor":22},{"not_picked":["Cleave+1","Twin Strike"],"picked":"Power Through","floor":24},{"not_picked":["True Grit","Clash"],"picked":"Feel No Pain+1","floor":27},{"not_picked":["Shrug It Off","Brutality"],"picked":"Uppercut","floor":29},{"not_picked":["Body Slam+1","Flame Barrier"],"picked":"Inflame","floor":30},{"not_picked":["Barricade","Dark Embrace"],"picked":"Impervious","floor":33},{"not_picked":["Reckless Charge","Battle Trance"],"picked":"Warcry","floor":35},{"not_picked":["Sword Boomerang","Clash+1"],"picked":"Thunderclap+1","floor":38},{"not_picked":["Flex+1","Sever Soul+1"],"picked":"Sword Boomerang+1","floor":39},{"not_picked":["Wild Strike","Thunderclap"],"picked":"Armaments+1","floor":40},{"not_picked":["Shrug It Off+1","Inflame+1"],"picked":"Heavy Blade+1","floor":41},{"not_picked":["Feel No Pain+1","Cleave"],"picked":"Metallicize+1","floor":45},{"not_picked":["Perfected Strike","Second Wind+1"],"picked":"Heavy Blade","floor":46},{"not_picked":["Sentinel+1","Warcry+1"],"picked":"Intimidate+1","floor":48}],"player_experience":460758,"relics_obtained":[{"floor":6,"key":"Strawberry"},{"floor":9,"key":"MawBank"},{"floor":10,"key":"StoneCalendar"},{"floor":26,"key":"Happy Flower"},{"floor":27,"key":"Calipers"},{"floor":36,"key":"War Paint"},{"floor":39,"key":"Mango"},{"floor":43,"key":"Mercury Hourglass"},{"floor":45,"key":"Anchor"},{"floor":47,"key":"Bottled Lightning"}],"event_choices":[{"event_name":"WeMeetAgain","player_choice":"Potion","floor":12,"damage_taken":0},{"event_name":"FaceTrader","player_choice":"Trade","floor":14,"damage_taken":0},{"event_name":"Drug Dealer","player_choice":"Inject Mutagens","floor":28,"damage_taken":0},{"event_name":"MindBloom","player_choice":"Fight","floor":39,"damage_taken":0},{"event_name":"Winding Halls","player_choice":"Embrace Madness","floor":44,"damage_taken":0}],"is_beta":false,"boss_relics":[{"not_picked":["Tiny House","Lizard Tail"],"picked":"Sozu"},{"not_picked":["Busted Crown","Empty Cage"],"picked":"Runic Cube"}],"items_purged_floors":[],"is_endless":false,"potions_floor_spawned":[1,10,16,22,27,30,33,40,41,45],"ascension_level":0}