{"gold_per_floor":[119,136,286,286,41,70,70,105,105,119,135,135,145,16,16,91,91,108,33,33,46,56,68,68,118,118,153,153,184,184,196,196,271,271,283,283,1282,1282,1297,1297,1297],"floor_reached":41,"playtime":2406,"items_purged":["Pain"],"score":905,"play_id":"0a4875aa-f2f6-4115-ba2d-42b3bcfcbbf0","local_time":"20190411152418","is_ascension_mode":true,"campfire_choices":[{"data":"True Grit","floor":7,"key":"SMITH"},{"data":"Disarm","floor":12,"key":"SMITH"},{"data":"Heavy Blade","floor":15,"key":"SMITH"},{"floor":24,"key":"REST"},{"floor":28,"key":"REST"},{"floor":30,"key":"REST"},{"floor":32,"key":"REST"},{"floor":40,"key":"REST"}],"neow_cost":"NONE","seed_source_timestamp":2302162439220824,"circlet_count":0,"master_deck":["AscendersBane","Strike_R","Strike_R","Strike_R","Strike_R","Strike_R","Defend_R","Defend_R","Defend_R","Defend_R","Bash","Spot Weakness+1","Heavy Blade+1","Disarm+1","Shrug It Off+1","True Grit+1","Intimidate+1","Heavy Blade","Rampage","Combust","Spot Weakness+1","Headbutt","Limit Break+1","Headbutt","J.A.X.+1","True Grit+1","Anger+1","Havoc+1","Disarm+1","Havoc+1","Reaper","Normality","Normality","Shrug It Off+1"],"relics":["Burning Blood","NeowsBlessing","WarpedTongs","Sundial","Toxic Egg 2","Dream Catcher","Fusion Hammer","Potion Belt","War Paint","Snecko Eye"],"potions_floor_usage":[8,23,27,29],"damage_taken":[{"damage":0,"enemies":"Small Slimes","floor":1,"turns":1},{"damage":0,"enemies":"2 Louse","floor":2,"turns":1},{"damage":0,"enemies":"Lagavulin","floor":6,"turns":2},{"damage":17,"enemies":"3 Sentries","floor":8,"turns":9},{"damage":0,"enemies":"Cultist","floor":10,"turns":3},{"damage":11,"enemies":"3 Louse","floor":11,"turns":4},{"damage":3,"enemies":"Large Slime","floor":13,"turns":5},{"damage":24,"enemies":"The Guardian","floor":16,"turns":9},{"damage":23,"enemies":"Chosen","floor":18,"turns":5},{"damage":27,"enemies":"2 Thieves","floor":21,"turns":4},{"damage":6,"enemies":"Snecko","floor":22,"turns":3},{"damage":19,"enemies":"Chosen and Byrds","floor":23,"turns":6},{"damage":30,"enemies":"Slavers","floor":27,"turns":5},{"damage":24,"enemies":"Book of Stabbing","floor":29,"turns":4},{"damage":15,"enemies":"Cultist and Chosen","floor":31,"turns":4},{"damage":48,"enemies":"Champ","floor":33,"turns":7},{"damage":36,"enemies":"3 Darklings","floor":35,"turns":5},{"damage":60,"enemies":"Orb Walker","floor":39,"turns":8},{"damage":49,"enemies":"Nemesis","floor":41,"turns":7}],"seed_played":"-2537903767434193582","potions_obtained":[{"floor":1,"key":"GamblersBrew"},{"floor":6,"key":"Poison Potion"},{"floor":10,"key":"Regen Potion"},{"floor":11,"key":"LiquidBronze"},{"floor":23,"key":"Fire Potion"},{"floor":39,"key":"Swift Potion"}],"is_trial":false,"path_per_floor":["?","?","M","?","?","?","M","?","?","?"],"character_chosen":"IRONCLAD","items_purchased":["Disarm","Fire Potion","Shrug It Off","Spot Weakness+1","Headbutt"],"campfire_rested":5,"item_purchase_floors":[5,5,5,14,14],"current_hp_per_floor":[74,75,75,75,75,75,75,64,64,70,65,65,68,68,68,50,69,52,52,52,31,31,18,40,40,40,16,38,20,42,33,55,13,60,75,71,71,71,17,38,0],"gold":1297,"neow_bonus":"THREE_ENEMY_KILL","is_prod":false,"is_daily":false,"chose_seed":false,"campfire_upgraded":3,"win_rate":0,"timestamp":1555010658,"path_taken":["M","M","?","?","$","E","R","E","T","M","?","R","M","$","R","BOSS","M","?","?","M","M","M","R","?","T","E","R","E","R","?","R","BOSS","M","?","?","?","M","R","E"],"build_version":"2019-01-23","purchased_purges":1,"victory":false,"max_hp_per_floor":[75,75,75,75,75,75,75,75,75,75,75,75,75,75,75,75,75,75,75,75,75,75,75,75,75,75,75,75,75,75,75,75,75,75,75,71,71,71,71,71,71],"card_choices":[{"not_picked":["Entrench","Second Wind"],"picked":"Spot Weakness","floor":1},{"not_picked":["True Grit","Searing Blow"],"picked":"Heavy Blade","floor":2},{"not_picked":["Thunderclap","Dropkick"],"picked":"True Grit","floor":6},{"not_picked":["Evolve","Armaments"],"picked":"Intimidate","floor":8},{"not_picked":["Twin Strike","Clash"],"picked":"Heavy Blade","floor":10},{"not_picked":["Cleave","Intimidate+1"],"picked":"Rampage","floor":11},{"not_picked":["Bludgeon","Pommel Strike"],"picked":"Combust","floor":13},{"not_picked":["Impervious+1","Berserk"],"picked":"Limit Break+1","floor":16},{"not_picked":["Sword Boomerang","Armaments+1"],"picked":"Headbutt","floor":18},{"not_picked":["Evolve","Iron Wave"],"picked":"True Grit+1","floor":21},{"not_picked":["Uppercut","Heavy Blade"],"picked":"Anger+1","floor":22},{"not_picked":["Dropkick","Blood for Blood","Combust"],"picked":"SKIP","floor":23},{"not_picked":["Anger","Barricade","Bloodletting+1"],"picked":"SKIP","floor":27},{"not_picked":["Blood for Blood","Twin Strike"],"picked":"Havoc+1","floor":28},{"not_picked":["Searing Blow","Second Wind+1","Dual Wield+1"],"picked":"SKIP","floor":29},{"not_picked":["Clash","Perfected Strike"],"picked":"Disarm+1","floor":31},{"not_picked":["Anger+1","Wild Strike"],"picked":"Havoc+1","floor":32},{"not_picked":["Exhume+1","Impervious+1"],"picked":"Reaper","floor":33},{"not_picked":["Second Wind+1","Headbutt","Wild Strike"],"picked":"SKIP","floor":35},{"not_picked":["Combust+1","Pommel Strike","Body Slam"],"picked":"SKIP","floor":39},{"not_picked":["Warcry+1","Cleave"],"picked":"Shrug It Off+1","floor":40}],"player_experience":1814737,"relics_obtained":[{"floor":6,"key":"Sundial"},{"floor":8,"key":"Toxic Egg 2"},{"floor":9,"key":"Dream Catcher"},{"floor":27,"key":"Potion Belt"},{"floor":29,"key":"War Paint"}],"event_choices":[{"damage_healed":0,"gold_gain":150,"player_choice":"AGREE","damage_taken":0,"max_hp_gain":0,"max_hp_loss":0,"event_name":"Liars Game","floor":3,"gold_loss":0,"cards_obtained":["Doubt"]},{"damage_healed":0,"gold_gain":0,"player_choice":"Rummage","damage_taken":0,"relics_obtained":["WarpedTongs"],"max_hp_gain":0,"max_hp_loss":0,"event_name":"Accursed Blacksmith","floor":4,"gold_loss":0,"cards_obtained":["Pain"]},{"cards_removed":["Doubt"],"damage_healed":0,"gold_gain":0,"player_choice":"Gave Gold","damage_taken":0,"max_hp_gain":0,"max_hp_loss":0,"event_name":"Beggar","floor":19,"gold_loss":75},{"damage_healed":0,"gold_gain":0,"player_choice":"Obtain J.A.X.","damage_taken":0,"max_hp_gain":0,"max_hp_loss":0,"event_name":"Drug Dealer","floor":20,"gold_loss":0,"cards_obtained":["J.A.X."]},{"damage_healed":0,"gold_gain":50,"player_choice":"Pray","damage_taken":0,"max_hp_gain":0,"max_hp_loss":0,"event_name":"Golden Shrine","floor":25,"gold_loss":0},{"damage_healed":0,"gold_gain":0,"player_choice":"Max HP","damage_taken":0,"max_hp_gain":0,"max_hp_loss":4,"event_name":"Winding Halls","floor":36,"gold_loss":0},{"damage_healed":0,"gold_gain":999,"player_choice":"Gold","damage_taken":0,"max_hp_gain":0,"max_hp_loss":0,"event_name":"MindBloom","floor":37,"gold_loss":0,"cards_obtained":["Normality","Normality"]},{"damage_healed":0,"gold_gain":0,"player_choice":"Ignored","damage_taken":0,"max_hp_gain":0,"max_hp_loss":0,"event_name":"Tomb of Lord Red Mask","floor":38,"gold_loss":0}],"is_beta":false,"boss_relics":[{"not_picked":["Velvet Choker","Philosopher\u0027s Stone"],"picked":"Fusion Hammer"},{"not_picked":["Orrery","Empty Cage"],"picked":"Snecko Eye"}],"items_purged_floors":[5],"is_endless":false,"potions_floor_spawned":[1,6,10,11,22,23,39],"killed_by":"Nemesis","ascension_level":16}