{"gold_per_floor":[111,131,131,51,78,78,91,91,91,108,108,119,138,149,149,253,253,239,239,255,255,265,265,278,278,278,278,303,318,318,318,318,318,318,330,552,84,84,104,104,204,236,260,260,276,276,104,118,118,118],"floor_reached":51,"playtime":4583,"items_purged":["Masterful Stab+1","Defend_G"],"score":667,"play_id":"b0857010-0b4b-4a07-996b-52aef94199a8","local_time":"20181231232546","is_ascension_mode":false,"campfire_choices":[{"data":"Noxious Fumes","floor":6,"key":"SMITH"},{"data":"Leg Sweep","floor":8,"key":"SMITH"},{"data":"Infinite Blades","floor":15,"key":"SMITH"},{"data":"Calculated Gamble","floor":23,"key":"SMITH"},{"data":"Backstab","floor":25,"key":"SMITH"},{"data":"Backflip","floor":27,"key":"SMITH"},{"data":"Night Terror","floor":30,"key":"SMITH"},{"data":"Tools of the Trade","floor":32,"key":"SMITH"},{"data":"Caltrops","floor":40,"key":"SMITH"},{"data":"A Thousand Cuts","floor":44,"key":"SMITH"},{"data":"Footwork","floor":49,"key":"SMITH"}],"neow_cost":"NONE","seed_source_timestamp":0,"circlet_count":0,"master_deck":["Defend_G","Defend_G","Survivor","Neutralize+1","Calculated Gamble+1","Endless Agony","Dodge and Roll","Noxious Fumes+1","Leg Sweep+1","Infinite Blades+1","Tools of the Trade+1","Trip","Acrobatics","Backstab+1","A Thousand Cuts+1","Blur+1","PiercingWail+1","PiercingWail","Escape Plan+1","Bite","Bite","Bite","Bite","Bite","Acrobatics+1","Backflip+1","Caltrops+1","Backstab+1","Crippling Poison+1","Backflip","Finesse","Infinite Blades","Backflip+1","PiercingWail","Dagger Throw+1","Bouncing Flask+1","Footwork+1","Bouncing Flask"],"special_seed":0,"relics":["Ring of the Serpent","Omamori","Tingsha","Astrolabe","MutagenicStrength","Molten Egg 2","Red Mask","TwistedFunnel","Unceasing Top","Orichalcum","Happy Flower"],"potions_floor_usage":[16,16,28,33,39,42,50,50,50],"damage_taken":[{"damage":0,"enemies":"2 Louse","floor":1,"turns":5},{"damage":4,"enemies":"Cultist","floor":2,"turns":5},{"damage":2,"enemies":"Jaw Worm","floor":7,"turns":5},{"damage":0,"enemies":"Red Slaver","floor":10,"turns":6},{"damage":5,"enemies":"3 Louse","floor":12,"turns":3},{"damage":9,"enemies":"Large Slime","floor":13,"turns":6},{"damage":0,"enemies":"2 Fungi Beasts","floor":14,"turns":4},{"damage":18,"enemies":"The Guardian","floor":16,"turns":10},{"damage":10,"enemies":"2 Thieves","floor":18,"turns":4},{"damage":9,"enemies":"Chosen","floor":20,"turns":7},{"damage":15,"enemies":"Snake Plant","floor":22,"turns":7},{"damage":1,"enemies":"Centurion and Healer","floor":24,"turns":7},{"damage":20,"enemies":"Masked Bandits","floor":28,"turns":6},{"damage":0,"enemies":"Shelled Parasite and Fungi","floor":29,"turns":9},{"damage":41,"enemies":"Collector","floor":33,"turns":14},{"damage":7,"enemies":"Orb Walker","floor":35,"turns":3},{"damage":2,"enemies":"3 Darklings","floor":39,"turns":4},{"damage":1,"enemies":"Mind Bloom Boss Battle","floor":41,"turns":8},{"damage":42,"enemies":"Nemesis","floor":42,"turns":9},{"damage":12,"enemies":"Writhing Mass","floor":45,"turns":7},{"damage":5,"enemies":"Sphere and 2 Shapes","floor":48,"turns":6},{"damage":69,"enemies":"Donu and Deca","floor":50,"turns":14}],"seed_played":"-8723731627607045251","potions_obtained":[{"floor":1,"key":"Explosive Potion"},{"floor":7,"key":"Regen Potion"},{"floor":10,"key":"Dexterity Potion"},{"floor":16,"key":"SkillPotion"},{"floor":18,"key":"LiquidBronze"},{"floor":22,"key":"Fire Potion"},{"floor":29,"key":"SpeedPotion"},{"floor":39,"key":"PowerPotion"},{"floor":45,"key":"Regen Potion"},{"floor":48,"key":"SpeedPotion"}],"is_trial":false,"path_per_floor":["M","M","?","$","T","R","M","R","T","M","?","M","M","M","R","B",null,"M","?","M","?","M","R","M","R","T","R","?","M","R","?","R","B",null,"M","?","$","?","M","R","?","E","T","R","M","?","$","M","R","B",null],"character_chosen":"THE_SILENT","items_purchased":["Noxious Fumes","Backflip","TwistedFunnel","Finesse","Infinite Blades","Footwork"],"campfire_rested":0,"item_purchase_floors":[4,37,37,37,37,47],"current_hp_per_floor":[70,66,66,66,66,66,64,64,64,64,64,59,50,50,50,47,70,60,60,51,49,36,36,47,47,47,47,37,49,49,49,49,25,49,45,45,45,59,59,59,59,25,25,25,21,52,52,49,49,7],"gold":118,"neow_bonus":"TRANSFORM_CARD","is_prod":false,"is_daily":false,"chose_seed":false,"campfire_upgraded":11,"win_rate":0.0,"timestamp":1546327546,"path_taken":["M","M","?","$","?","R","M","R","T","M","?","M","M","?","R","BOSS","M","?","M","?","M","R","M","R","T","R","?","M","R","?","R","BOSS","M","?","$","?","?","R","?","E","T","R","M","?","?","M","R","BOSS"],"build_version":"2018-12-20","purchased_purges":2,"victory":true,"max_hp_per_floor":[70,70,70,70,70,70,70,70,70,70,70,70,70,70,70,70,70,70,70,70,49,49,49,49,49,49,49,49,49,49,49,49,49,49,49,49,49,59,59,59,59,59,59,59,59,52,52,52,52,52],"card_choices":[{"not_picked":["Masterful Stab","Poisoned Stab"],"picked":"Endless Agony","floor":1},{"not_picked":["Slice","Dagger Throw"],"picked":"Dodge and Roll","floor":2},{"not_picked":["Dagger Throw","Well Laid Plans"],"picked":"Leg Sweep","floor":7},{"not_picked":["Flying Knee","Blade Dance"],"picked":"Infinite Blades","floor":10},{"not_picked":["Sucker Punch","Slice"],"picked":"Acrobatics","floor":12},{"not_picked":["Deadly Poison","PiercingWail"],"picked":"Backstab","floor":13},{"not_picked":["Outmaneuver","Quick Slash","Reflex"],"picked":"SKIP","floor":14},{"not_picked":["Glass Knife","Wraith Form v2"],"picked":"A Thousand Cuts","floor":16},{"not_picked":["Deflect","Choke"],"picked":"PiercingWail","floor":18},{"not_picked":["Slice+1","Flying Knee"],"picked":"Escape Plan+1","floor":20},{"not_picked":["Poisoned Stab","Distraction"],"picked":"Acrobatics+1","floor":22},{"not_picked":["Skewer","Dagger Spray+1"],"picked":"Backflip","floor":24},{"not_picked":["Bouncing Flask","Bane+1"],"picked":"Caltrops","floor":28},{"not_picked":["Outmaneuver","Acrobatics"],"picked":"Night Terror","floor":29},{"not_picked":["Underhanded Strike+1","Dagger Spray+1"],"picked":"Crippling Poison+1","floor":35},{"not_picked":["Quick Slash+1","Deflect"],"picked":"Backflip+1","floor":39},{"not_picked":["Underhanded Strike+1","Dagger Throw+1"],"picked":"PiercingWail","floor":41},{"not_picked":["Dagger Spray+1","Caltrops+1"],"picked":"Dagger Throw+1","floor":42},{"not_picked":["Deadly Poison","Sucker Punch+1"],"picked":"Bouncing Flask+1","floor":45},{"not_picked":["Finisher+1","Endless Agony+1"],"picked":"Bouncing Flask","floor":48}],"player_experience":21986,"relics_obtained":[{"floor":5,"key":"Omamori"},{"floor":9,"key":"Tingsha"},{"floor":26,"key":"Molten Egg 2"},{"floor":28,"key":"Red Mask"},{"floor":41,"key":"Unceasing Top"},{"floor":42,"key":"Orichalcum"},{"floor":43,"key":"Happy Flower"}],"event_choices":[{"damage_healed":0,"gold_gain":0,"player_choice":"Upgraded","damage_taken":0,"max_hp_gain":0,"max_hp_loss":0,"event_name":"Upgrade Shrine","floor":3,"gold_loss":0,"cards_upgraded":["Neutralize"]},{"damage_healed":0,"gold_gain":0,"player_choice":"2 cards matched","damage_taken":0,"max_hp_gain":0,"max_hp_loss":0,"event_name":"Match and Keep!","floor":11,"gold_loss":0,"cards_obtained":["Tools of the Trade","Trip"]},{"damage_healed":0,"gold_gain":0,"player_choice":"Inject Mutagens","damage_taken":0,"relics_obtained":["MutagenicStrength"],"max_hp_gain":0,"max_hp_loss":0,"event_name":"Drug Dealer","floor":19,"gold_loss":0},{"damage_healed":0,"gold_gain":0,"player_choice":"Became a vampire","damage_taken":0,"max_hp_gain":0,"max_hp_loss":21,"event_name":"Vampires","floor":21,"gold_loss":0,"cards_obtained":["Bite","Bite","Bite","Bite","Bite"]},{"damage_healed":0,"gold_gain":0,"player_choice":"Fought Bandits","damage_taken":0,"max_hp_gain":0,"max_hp_loss":0,"event_name":"Masked Bandits","floor":28,"gold_loss":0},{"damage_healed":0,"gold_gain":0,"player_choice":"Read","damage_taken":0,"max_hp_gain":0,"max_hp_loss":0,"event_name":"The Library","floor":31,"gold_loss":0,"cards_obtained":["Backstab"]},{"damage_healed":0,"gold_gain":222,"player_choice":"Wore Mask","damage_taken":0,"max_hp_gain":0,"max_hp_loss":0,"event_name":"Tomb of Lord Red Mask","floor":36,"gold_loss":0},{"cards_removed":["Night Terror"],"damage_healed":4,"gold_gain":0,"player_choice":"Offered Rare","damage_taken":0,"max_hp_gain":10,"max_hp_loss":0,"event_name":"Bonfire Elementals","floor":38,"gold_loss":0},{"damage_healed":0,"gold_gain":0,"player_choice":"Fight","damage_taken":0,"max_hp_gain":0,"max_hp_loss":0,"event_name":"MindBloom","floor":41,"gold_loss":0},{"damage_healed":52,"gold_gain":0,"player_choice":"Heal","damage_taken":0,"max_hp_gain":0,"max_hp_loss":7,"event_name":"The Moai Head","floor":46,"gold_loss":0}],"is_beta":false,"boss_relics":[{"not_picked":["Coffee Dripper","WristBlade"],"picked":"Astrolabe"},{"not_picked":["Philosopher\u0027s Stone","Cursed Key"],"picked":"Ring of the Serpent"}],"items_purged_floors":[37,47],"is_endless":false,"potions_floor_spawned":[1,7,10,16,18,22,29,39,45,48],"ascension_level":0}