{"gold_per_floor":[111,127,142,156,81,81,107,182,206,270,302,302,302,334,334,437,437,455,147,164,114,127,127,153,168,168,168,168,200,200,200,200,301,301,313,114,127,146,164,192,192,192,192,192,192],"floor_reached":45,"playtime":6000,"items_purged":["Strike_R","Strike_R","Strike_R","Bash"],"score":630,"play_id":"d1e600f6-51f3-45bf-870d-7ba41eef4f7f","local_time":"20190201154146","is_ascension_mode":true,"campfire_choices":[{"floor":6,"key":"REST"},{"floor":12,"key":"REST"},{"floor":15,"key":"REST"},{"floor":23,"key":"REST"},{"floor":28,"key":"REST"},{"floor":30,"key":"REST"},{"floor":32,"key":"REST"},{"floor":44,"key":"REST"}],"neow_cost":"PERCENT_DAMAGE","seed_source_timestamp":314812728685764,"circlet_count":0,"master_deck":["Strike_R","Strike_R","Defend_R","Defend_R","Defend_R","Defend_R","Reaper","Clash","Cleave","Anger","Headbutt","Armaments","Double Tap","Anger","Armaments","Thunderclap","Juggernaut","Armaments","Metallicize","Feed+1","Armaments+1","Metallicize","Barricade","Metallicize+1","Bloodletting+1"],"relics":["Black Blood","Smiling Mask","Omamori","Dream Catcher","Mercury Hourglass","Lantern","Runic Pyramid","Molten Egg 2","Sundial","Pear","MutagenicStrength","Pen Nib","Bronze Scales","Ancient Tea Set"],"potions_floor_usage":[10,14,24,25,33,33,42],"damage_taken":[{"damage":7,"enemies":"Small Slimes","floor":1,"turns":6},{"damage":10,"enemies":"2 Louse","floor":2,"turns":3},{"damage":4,"enemies":"Cultist","floor":3,"turns":4},{"damage":27,"enemies":"Exordium Wildlife","floor":4,"turns":4},{"damage":24,"enemies":"Gremlin Nob","floor":7,"turns":4},{"damage":23,"enemies":"Lagavulin Event","floor":10,"turns":5},{"damage":21,"enemies":"3 Sentries","floor":11,"turns":7},{"damage":8,"enemies":"Gremlin Nob","floor":14,"turns":3},{"damage":23,"enemies":"Slime Boss","floor":16,"turns":8},{"damage":17,"enemies":"Spheric Guardian","floor":18,"turns":4},{"damage":34,"enemies":"Shell Parasite","floor":20,"turns":4},{"damage":27,"enemies":"3 Cultists","floor":22,"turns":5},{"damage":45,"enemies":"Slavers","floor":24,"turns":4},{"damage":15,"enemies":"Cultist and Chosen","floor":25,"turns":7},{"damage":43,"enemies":"Book of Stabbing","floor":29,"turns":5},{"damage":69,"enemies":"Automaton","floor":33,"turns":9},{"damage":25,"enemies":"Orb Walker","floor":35,"turns":6},{"damage":14,"enemies":"3 Shapes","floor":37,"turns":8},{"damage":67,"enemies":"Maw","floor":38,"turns":12},{"damage":1,"enemies":"4 Shapes","floor":39,"turns":5},{"damage":45,"enemies":"Nemesis","floor":40,"turns":9},{"damage":28,"enemies":"Giant Head","floor":42,"turns":7},{"damage":76,"enemies":"Transient","floor":45,"turns":5}],"seed_played":"-4460018285459219188","potions_obtained":[{"floor":7,"key":"PowerPotion"},{"floor":10,"key":"Fire Potion"},{"floor":14,"key":"Explosive Potion"},{"floor":16,"key":"GamblersBrew"},{"floor":22,"key":"Dexterity Potion"},{"floor":25,"key":"Swift Potion"},{"floor":29,"key":"Ancient Potion"},{"floor":37,"key":"EssenceOfSteel"},{"floor":40,"key":"SpeedPotion"},{"floor":41,"key":"SmokeBomb"}],"is_trial":false,"path_per_floor":["?","?","?","?","?","?"],"character_chosen":"IRONCLAD","items_purchased":["Molten Egg 2","Bronze Scales"],"campfire_rested":8,"item_purchase_floors":[19,36],"current_hp_per_floor":[63,67,73,52,52,76,62,51,51,34,31,55,55,53,77,60,80,69,69,41,41,28,52,16,16,26,26,54,17,45,45,73,14,98,92,92,102,57,66,35,35,17,17,51,0],"gold":192,"neow_bonus":"THREE_RARE_CARDS","is_prod":false,"is_daily":false,"chose_seed":false,"campfire_upgraded":0,"win_rate":0,"timestamp":1549053706,"path_taken":["M","M","M","M","$","R","E","?","T","?","E","R","?","E","R","BOSS","M","$","M","$","M","R","E","M","T","?","R","E","R","?","R","BOSS","M","$","M","M","M","E","?","E","T","R","M"],"build_version":"2019-01-23","purchased_purges":4,"victory":false,"max_hp_per_floor":[80,80,80,80,80,80,80,80,80,80,80,80,80,80,80,80,80,80,80,80,80,80,80,80,84,94,94,94,94,94,94,94,98,98,102,102,106,110,110,114,114,114,114,114,114],"card_choices":[{"not_picked":["Brutality","Berserk"],"picked":"Reaper","floor":0},{"not_picked":["Anger","Warcry"],"picked":"Clash","floor":1},{"not_picked":["Perfected Strike","Whirlwind","Pummel"],"picked":"SKIP","floor":2},{"not_picked":["Clothesline","True Grit"],"picked":"Cleave","floor":3},{"not_picked":["Pommel Strike","Infernal Blade"],"picked":"Anger","floor":4},{"not_picked":["Feel No Pain","Shockwave"],"picked":"Headbutt","floor":7},{"not_picked":["Sword Boomerang","Rage"],"picked":"Armaments","floor":10},{"not_picked":["Disarm","Flex"],"picked":"Double Tap","floor":11},{"not_picked":["Second Wind","Warcry"],"picked":"Anger","floor":12},{"not_picked":["Shockwave","Sword Boomerang"],"picked":"Armaments","floor":14},{"not_picked":["Intimidate","Cleave"],"picked":"Thunderclap","floor":15},{"not_picked":["Offering","Fiend Fire"],"picked":"Juggernaut","floor":16},{"not_picked":["Dropkick","Uppercut+1"],"picked":"Armaments","floor":18},{"not_picked":["Dual Wield","Warcry","True Grit"],"picked":"SKIP","floor":20},{"not_picked":["Clash+1","Twin Strike+1"],"picked":"Metallicize","floor":22},{"not_picked":["Iron Wave+1","Shockwave+1"],"picked":"Feed+1","floor":24},{"not_picked":["Sword Boomerang+1","Power Through","Thunderclap+1"],"picked":"SKIP","floor":25},{"not_picked":["Intimidate","Evolve+1"],"picked":"Armaments+1","floor":28},{"not_picked":["Clothesline+1","Power Through","Bludgeon+1"],"picked":"SKIP","floor":29},{"not_picked":["Ghostly Armor","Wild Strike+1"],"picked":"Metallicize","floor":30},{"not_picked":["Bludgeon+1","Reaper+1"],"picked":"Barricade","floor":33},{"not_picked":["Sword Boomerang+1","Sever Soul+1"],"picked":"Metallicize+1","floor":35},{"not_picked":["Anger+1","Shrug It Off+1","Rupture+1"],"picked":"SKIP","floor":37},{"not_picked":["Pummel+1","Power Through+1","Cleave+1"],"picked":"SKIP","floor":38},{"not_picked":["Sever Soul+1","Ghostly Armor","Hemokinesis+1"],"picked":"SKIP","floor":39},{"not_picked":["Seeing Red","Twin Strike+1","Headbutt+1"],"picked":"SKIP","floor":40},{"not_picked":["Shockwave","Heavy Blade+1"],"picked":"Bloodletting+1","floor":44}],"player_experience":124567,"relics_obtained":[{"floor":7,"key":"Smiling Mask"},{"floor":9,"key":"Omamori"},{"floor":11,"key":"Mercury Hourglass"},{"floor":14,"key":"Lantern"},{"floor":24,"key":"Sundial"},{"floor":26,"key":"Pear"},{"floor":29,"key":"Pen Nib"},{"floor":40,"key":"Ancient Tea Set"}],"event_choices":[{"damage_healed":0,"gold_gain":75,"player_choice":"Gather Gold","damage_taken":11,"max_hp_gain":0,"max_hp_loss":0,"event_name":"World of Goop","floor":8,"gold_loss":0},{"damage_healed":0,"gold_gain":30,"player_choice":"Searched \u00273\u0027 times","damage_taken":0,"relics_obtained":["Dream Catcher"],"max_hp_gain":0,"max_hp_loss":0,"event_name":"Dead Adventurer","floor":10,"gold_loss":0},{"damage_healed":0,"gold_gain":0,"player_choice":"Ignored","damage_taken":0,"max_hp_gain":0,"max_hp_loss":0,"event_name":"Liars Game","floor":13,"gold_loss":0},{"damage_healed":0,"gold_gain":0,"player_choice":"Inject Mutagens","damage_taken":0,"relics_obtained":["MutagenicStrength"],"max_hp_gain":0,"max_hp_loss":0,"event_name":"Drug Dealer","floor":27,"gold_loss":0},{"damage_healed":0,"gold_gain":0,"player_choice":"Ignored","damage_taken":0,"max_hp_gain":0,"max_hp_loss":0,"event_name":"Ghosts","floor":31,"gold_loss":0},{"damage_healed":0,"gold_gain":0,"player_choice":"Got Potions","damage_taken":0,"max_hp_gain":0,"max_hp_loss":0,"event_name":"Lab","floor":41,"gold_loss":0}],"is_beta":false,"boss_relics":[{"not_picked":["Mark of Pain","Eternal Feather"],"picked":"Runic Pyramid"},{"not_picked":["Runic Dome","Pandora\u0027s Box"],"picked":"Black Blood"}],"items_purged_floors":[5,19,21,36],"is_endless":false,"potions_floor_spawned":[7,10,14,16,22,25,29,37,40,42],"killed_by":"Transient","ascension_level":1}