{"gold_per_floor":[216,241,84,159,78,78,111,286,366,377,397,397,410,430,430,525,525,525],"floor_reached":18,"playtime":1429,"items_purged":[],"score":160,"play_id":"99bdb166-c9be-46dc-ad32-c0419a38dbdd","local_time":"20181024220309","is_ascension_mode":false,"campfire_choices":[{"data":"Dualcast","floor":6,"key":"SMITH"},{"floor":15,"key":"REST"}],"neow_cost":"NONE","seed_source_timestamp":1224447545776044,"circlet_count":0,"master_deck":["Strike_B","Strike_B","Strike_B","Strike_B","Defend_B","Defend_B","Defend_B","Defend_B","Zap","Dualcast+1","Darkness","BootSequence","Barrage","Doubt","Sweeping Beam","Genetic Algorithm","Ball Lightning","Chill","Self Repair","Glacier","Redo","Compile Driver","Buffer"],"relics":["Cracked Core","Juzu Bracelet","Lantern","Prayer Wheel","Shuriken","NlothsMask","Eternal Feather"],"potions_floor_usage":[14,16,16],"damage_taken":[{"damage":0,"enemies":"Cultist","floor":1,"turns":3},{"damage":38,"enemies":"Gremlin Nob","floor":7,"turns":5},{"damage":7,"enemies":"Small Slimes","floor":10,"turns":3},{"damage":0,"enemies":"2 Louse","floor":11,"turns":2},{"damage":1,"enemies":"Large Slime","floor":13,"turns":3},{"damage":0,"enemies":"Exordium Thugs","floor":14,"turns":6},{"damage":37,"enemies":"Slime Boss","floor":16,"turns":13},{"damage":24,"enemies":"Shell Parasite","floor":18,"turns":8}],"seed_played":"5593216089873486187","potions_obtained":[{"floor":1,"key":"Block Potion"},{"floor":7,"key":"FearPotion"},{"floor":13,"key":"SteroidPotion"},{"floor":16,"key":"Dexterity Potion"}],"is_trial":false,"path_per_floor":["M","T","$","?","$","R","E","?","T","M","M","?","M","M","R","B",null],"character_chosen":"DEFECT","items_purchased":["Lantern","BootSequence"],"campfire_rested":1,"item_purchase_floors":[3,5],"current_hp_per_floor":[75,75,75,64,64,64,26,26,26,19,19,19,18,25,47,17,75,51],"gold":525,"neow_bonus":"HUNDRED_GOLD","is_prod":false,"is_daily":false,"chose_seed":false,"campfire_upgraded":1,"win_rate":0,"timestamp":1540440189,"path_taken":["M","?","$","?","$","R","E","?","T","M","M","?","M","M","R","BOSS","M"],"build_version":"2018-10-18","purchased_purges":0,"victory":false,"max_hp_per_floor":[75,75,75,75,75,75,75,75,75,75,75,75,75,75,75,75,75,75],"card_choices":[{"not_picked":["Hologram","Cold Snap"],"picked":"Darkness","floor":1},{"not_picked":["Force Field","Stack"],"picked":"Barrage","floor":7},{"not_picked":["Leap","BootSequence"],"picked":"Sweeping Beam","floor":10},{"not_picked":["Compile Driver","Rebound"],"picked":"Genetic Algorithm","floor":10},{"not_picked":["Sunder","Chill"],"picked":"Ball Lightning","floor":11},{"not_picked":["Cold Snap","Recycle"],"picked":"Chill","floor":11},{"not_picked":["Compile Driver","Leap"],"picked":"Self Repair","floor":13},{"not_picked":["Conserve Battery","Self Repair"],"picked":"Glacier","floor":13},{"not_picked":["Thunder Strike","Sweeping Beam"],"picked":"Redo","floor":14},{"not_picked":["Turbo","Lockon"],"picked":"Compile Driver","floor":14},{"not_picked":["Creative AI","Reboot"],"picked":"Buffer","floor":16}],"player_experience":814246,"relics_obtained":[{"floor":2,"key":"Juzu Bracelet"},{"floor":7,"key":"Prayer Wheel"},{"floor":9,"key":"Shuriken"}],"event_choices":[{"damage_healed":0,"gold_gain":75,"player_choice":"Gather Gold","damage_taken":11,"max_hp_gain":0,"max_hp_loss":0,"event_name":"World of Goop","floor":4,"gold_loss":0},{"damage_healed":0,"gold_gain":175,"player_choice":"AGREE","damage_taken":0,"max_hp_gain":0,"max_hp_loss":0,"event_name":"Liars Game","floor":8,"gold_loss":0,"cards_obtained":["Doubt"]},{"damage_healed":0,"gold_gain":0,"player_choice":"Trade","damage_taken":0,"relics_obtained":["NlothsMask"],"max_hp_gain":0,"max_hp_loss":0,"event_name":"FaceTrader","floor":12,"gold_loss":0}],"is_beta":false,"boss_relics":[{"not_picked":["Calling Bell","Empty Cage"],"picked":"Eternal Feather"}],"items_purged_floors":[],"is_endless":false,"potions_floor_spawned":[1,7,13,16],"killed_by":"Shell Parasite","ascension_level":0}