{"gold_per_floor":[16,0,0,15,32,32,61,61,61,77,95,130,150,150,150,246,246,263,263,243,16,32,32,52,52,52,72,89,89,121,121,121,219,219,231,231,48,66,16,50,63,63],"floor_reached":42,"playtime":2596,"items_purged":[],"score":780,"play_id":"4b399ce8-385c-4a5a-baf0-5f0d072e0bb8","local_time":"20180918122459","is_ascension_mode":true,"campfire_choices":[{"data":"Well Laid Plans","floor":6,"key":"SMITH"},{"data":"Backflip","floor":8,"key":"SMITH"},{"floor":15,"key":"REST"},{"data":"Apotheosis","floor":23,"key":"SMITH"},{"floor":25,"key":"REST"},{"floor":32,"key":"REST"}],"neow_cost":"NO_GOLD","seed_source_timestamp":410981561613677,"circlet_count":0,"master_deck":["Defend_G","Defend_G","Defend_G","Defend_G","Strike_G","Strike_G","Strike_G","Survivor","Neutralize","Backflip+1","Slice","Well Laid Plans+1","Bouncing Flask","Prepared","Tactician","Deadly Poison","Dash","After Image","Acrobatics+1","Necronomicurse","Apotheosis+1","Deadly Poison","Outmaneuver+1","Reflex","Dodge and Roll","Storm of Steel","Calculated Gamble","Backflip+1","Pain","Catalyst","Storm of Steel","Decay","Decay","Decay","Acrobatics+1","Enlightenment","Noxious Fumes","Infinite Blades+1","Backflip","Choke+1","Backflip+1"],"relics":["Ring of the Snake","Darkstone Periapt","Mummified Hand","Dream Catcher","Snecko Eye","Necronomicon","Ornamental Fan","Ninja Scroll","WarpedTongs","Calling Bell","Strawberry","Sundial","Nunchaku","Happy Flower"],"potions_floor_usage":[7,11,16,22,24,24,28,33,33,38,42],"damage_taken":[{"damage":2,"enemies":"Cultist","floor":1,"turns":4},{"damage":0,"enemies":"Small Slimes","floor":4,"turns":5},{"damage":0,"enemies":"Jaw Worm","floor":5,"turns":5},{"damage":18,"enemies":"Gremlin Nob","floor":7,"turns":5},{"damage":0,"enemies":"Looter","floor":10,"turns":3},{"damage":13,"enemies":"Large Slime","floor":11,"turns":9},{"damage":27,"enemies":"Lagavulin","floor":12,"turns":7},{"damage":3,"enemies":"Lots of Slimes","floor":13,"turns":4},{"damage":10,"enemies":"The Guardian","floor":16,"turns":8},{"damage":5,"enemies":"2 Thieves","floor":18,"turns":5},{"damage":6,"enemies":"3 Byrds","floor":22,"turns":6},{"damage":30,"enemies":"3 Cultists","floor":24,"turns":7},{"damage":15,"enemies":"Snecko","floor":27,"turns":7},{"damage":0,"enemies":"Centurion and Healer","floor":28,"turns":4},{"damage":21,"enemies":"Gremlin Leader","floor":30,"turns":7},{"damage":40,"enemies":"Champ","floor":33,"turns":8},{"damage":18,"enemies":"Orb Walker","floor":35,"turns":4},{"damage":10,"enemies":"3 Darklings","floor":38,"turns":4},{"damage":19,"enemies":"2 Orb Walkers","floor":40,"turns":5},{"damage":33,"enemies":"Maw","floor":41,"turns":9},{"damage":42,"enemies":"Transient","floor":42,"turns":4}],"seed_played":"-5937001965643450211","potions_obtained":[{"floor":1,"key":"SkillPotion"},{"floor":10,"key":"SpeedPotion"},{"floor":12,"key":"Fire Potion"},{"floor":13,"key":"Explosive Potion"},{"floor":16,"key":"Weak Potion"},{"floor":20,"key":"Dexterity Potion"},{"floor":22,"key":"PowerPotion"},{"floor":24,"key":"SkillPotion"},{"floor":30,"key":"Fire Potion"},{"floor":35,"key":"Poison Potion"},{"floor":41,"key":"Block Potion"}],"is_trial":false,"path_per_floor":["M","?","?","M","M","R","E","R","T","M","M","E","M","?","R","B",null,"M","?","?","$","M","R","M","R","T","M","M","?","E","?","R","B",null,"M","?","$","M","$","E","M"],"character_chosen":"THE_SILENT","items_purchased":["Apotheosis","Deadly Poison","Enlightenment","Noxious Fumes","Backflip"],"campfire_rested":3,"item_purchase_floors":[21,21,37,37,39],"current_hp_per_floor":[68,68,68,68,68,68,50,50,50,50,37,10,7,7,28,18,70,65,55,55,55,49,49,19,41,41,26,26,51,30,36,60,20,107,89,89,89,79,79,60,27,0],"gold":63,"neow_bonus":"REMOVE_TWO","is_prod":false,"is_daily":false,"chose_seed":false,"campfire_upgraded":3,"win_rate":0,"timestamp":1537295099,"path_taken":["M","?","?","M","M","R","E","R","T","M","M","E","?","?","R","BOSS","M","?","?","$","?","R","M","R","T","?","M","?","E","?","R","BOSS","M","?","$","?","$","E","M","M"],"build_version":"2018-09-06","purchased_purges":0,"victory":false,"max_hp_per_floor":[70,70,70,70,70,70,70,70,70,70,70,70,70,70,70,70,70,70,76,76,76,76,76,76,76,76,76,76,76,76,82,82,82,107,107,107,107,107,107,107,107,107],"card_choices":[{"not_picked":["Terror","Deadly Poison"],"picked":"Backflip","floor":1},{"not_picked":["Riddle With Holes","Deadly Poison"],"picked":"Slice","floor":4},{"not_picked":["Distraction","Blade Dance"],"picked":"Well Laid Plans","floor":5},{"not_picked":["Eviscerate","Dagger Spray"],"picked":"Bouncing Flask","floor":7},{"not_picked":["Cloak And Dagger","Underhanded Strike"],"picked":"Prepared","floor":10},{"not_picked":["Masterful Stab","Sucker Punch"],"picked":"Backstab","floor":11},{"not_picked":["Flechettes","Deflect"],"picked":"Tactician","floor":12},{"not_picked":["Skewer","Crippling Poison"],"picked":"Deadly Poison","floor":13},{"not_picked":["Endless Agony","Dagger Spray"],"picked":"Dash","floor":15},{"not_picked":["Die Die Die","Bullet Time"],"picked":"After Image","floor":16},{"not_picked":["Prepared","Slice+1"],"picked":"Acrobatics+1","floor":18},{"not_picked":["Deflect","Backstab"],"picked":"Outmaneuver+1","floor":22},{"not_picked":["Prepared","Bane"],"picked":"Reflex","floor":24},{"not_picked":["Deadly Poison","Sucker Punch"],"picked":"Dodge and Roll","floor":25},{"not_picked":["Poisoned Stab","Terror"],"picked":"Storm of Steel","floor":27},{"not_picked":["Prepared","Slice"],"picked":"Calculated Gamble","floor":28},{"not_picked":["Dagger Throw","Endless Agony+1"],"picked":"Backflip+1","floor":30},{"not_picked":["Poisoned Stab","Quick Slash"],"picked":"Catalyst","floor":32},{"not_picked":["Die Die Die","Doppelganger"],"picked":"Storm of Steel","floor":33},{"not_picked":["Well Laid Plans+1","Prepared+1"],"picked":"Acrobatics+1","floor":35},{"not_picked":["PiercingWail","Deadly Poison"],"picked":"Infinite Blades+1","floor":38},{"not_picked":["Blur","Slice"],"picked":"Choke+1","floor":40},{"not_picked":["Quick Slash","Deflect"],"picked":"Backflip+1","floor":41}],"player_experience":538304,"relics_obtained":[{"floor":7,"key":"Darkstone Periapt"},{"floor":9,"key":"Mummified Hand"},{"floor":12,"key":"Dream Catcher"},{"floor":19,"key":"Necronomicon"},{"floor":26,"key":"Ornamental Fan"},{"floor":30,"key":"Ninja Scroll"},{"floor":34,"key":"Strawberry"},{"floor":34,"key":"Sundial"},{"floor":34,"key":"Nunchaku"},{"floor":40,"key":"Happy Flower"}],"event_choices":[{"event_name":"World of Goop","player_choice":"Left","floor":2,"damage_taken":0},{"event_name":"The Cleric","player_choice":"Leave","floor":3,"damage_taken":0},{"event_name":"Living Wall","player_choice":"Forget","floor":14,"damage_taken":0},{"event_name":"Cursed Tome","player_choice":"Obtained Book","floor":19,"damage_taken":0},{"event_name":"The Woman in Blue","player_choice":"Bought 1 Potion","floor":20,"damage_taken":0},{"event_name":"The Library","player_choice":"Heal","floor":29,"damage_taken":0},{"event_name":"Accursed Blacksmith","player_choice":"Rummage","floor":31,"damage_taken":0},{"event_name":"Falling","player_choice":"Removed Attack","floor":36,"damage_taken":0}],"is_beta":false,"boss_relics":[{"not_picked":["Runic Dome","Black Star"],"picked":"Snecko Eye"},{"not_picked":["Fusion Hammer","Ring of the Serpent"],"picked":"Calling Bell"}],"items_purged_floors":[],"is_endless":false,"potions_floor_spawned":[1,10,12,13,16,22,24,30,35,41],"killed_by":"Transient","ascension_level":4}