{"path_per_floor":["M","M","M","M","?","E","M","R","T","?","?","R","M","E","R","B",null,"M","M","M","$","M","E","$","R","T","M","?","M","?","M","R","B",null,"M","M","?","$","M","R","$","M","T"],"character_chosen":"IRONCLAD","items_purchased":["Omamori","Panacea","Exhume","Metallicize","War Paint","Limit Break","Regen Potion","Metallicize"],"gold_per_floor":[116,135,150,165,165,195,207,207,261,261,320,320,335,368,368,465,465,483,501,515,274,290,316,18,18,42,59,59,70,70,85,85,180,180,194,207,207,16,27,27,27,47,347],"floor_reached":44,"campfire_rested":0,"playtime":3248,"current_hp_per_floor":[79,80,80,80,80,65,71,71,71,71,58,58,57,58,58,33,80,80,83,83,83,85,62,62,62,62,69,69,74,74,76,76,38,93,82,66,66,66,36,36,36,25,25],"items_purged":[],"gold":347,"score":444,"play_id":"6a20baad-fc65-49e1-af75-7af866b8f1a2","is_prod":false,"is_daily":false,"is_ascension_mode":false,"campfire_upgraded":6,"path_taken":["M","M","M","M","?","E","M","R","T","?","?","R","?","E","R","BOSS","M","M","M","$","M","E","$","R","T","M","?","?","?","M","R","BOSS","M","M","?","$","M","R","$","?","T","M"],"build_version":"2018-02-15-PROD1","purchased_purges":0,"victory":false,"master_deck":["Strike_R","Strike_R","Strike_R","Strike_R","Defend_R","Defend_R+1","Defend_R","Bash","Clash","Cleave","Seeing Red+1","Dark Embrace+1","Bash+1","Fire Breathing+1","Shrug It Off","Thunderclap","Shockwave+1","Armaments+1","Feed","Intimidate","Whirlwind","Sever Soul","Pommel Strike","Clash","Exhume+1","Metallicize","Burning Pact","Panacea","Anger","Feel No Pain","Exhume+1","Metallicize","Dropkick","Havoc","Body Slam","Impervious","Intimidate+1","Corruption","Limit Break","Metallicize","Havoc+1","Shrug It Off"],"max_hp_per_floor":[80,80,80,80,80,80,80,80,80,80,80,80,80,80,80,80,80,80,83,87,87,87,87,87,87,87,90,90,90,90,93,93,93,93,93,93,93,93,93,93,93,93,93],"relics":["Burning Blood","Gremlin Horn","Orichalcum","Pantograph","Torii","Orrery","Omamori","Ancient Tea Set","War Paint","Regal Pillow","Philosopher\u0027s Stone","Old Coin"],"card_choices":[{"not_picked":["Bloodletting","Anger"],"picked":"Clash"},{"not_picked":["Warcry","Perfected Strike"],"picked":"Cleave"},{"not_picked":["Immolate","Heavy Blade"],"picked":"Seeing Red"},{"not_picked":["Sword Boomerang","Twin Strike"],"picked":"Fire Breathing"},{"not_picked":["Body Slam","Cleave"],"picked":"Shrug It Off"},{"not_picked":["Seeing Red","Rage"],"picked":"Thunderclap"},{"not_picked":["Sword Boomerang","Heavy Blade"],"picked":"Shockwave"},{"not_picked":["Headbutt","Warcry"],"picked":"Armaments"},{"not_picked":["Dark Embrace","Berserk"],"picked":"Feed"},{"not_picked":["Sword Boomerang","Warcry"],"picked":"Intimidate"},{"not_picked":["Shrug It Off","Battle Trance"],"picked":"Whirlwind"},{"not_picked":["Wild Strike","Warcry"],"picked":"Sever Soul"},{"not_picked":["Perfected Strike","Armaments"],"picked":"Pommel Strike"},{"not_picked":["Cleave","Pommel Strike"],"picked":"Clash"},{"not_picked":["Clothesline","Ghostly Armor"],"picked":"Exhume"},{"not_picked":["Rampage","Cleave"],"picked":"Metallicize"},{"not_picked":["Twin Strike","Ghostly Armor"],"picked":"Burning Pact"},{"not_picked":["Sword Boomerang","Clothesline"],"picked":"Anger"},{"not_picked":["Second Wind","Dropkick"],"picked":"Feel No Pain"},{"not_picked":["Armaments","Searing Blow"],"picked":"Dropkick"},{"not_picked":["Anger","Reckless Charge"],"picked":"Body Slam"},{"not_picked":["Fiend Fire","Bludgeon"],"picked":"Impervious"},{"not_picked":["Clothesline","True Grit"],"picked":"Intimidate"},{"not_picked":["Anger","Evolve"],"picked":"Corruption"},{"not_picked":["Clothesline","Cleave"],"picked":"Havoc"},{"not_picked":["Sever Soul","Rampage"],"picked":"Shrug It Off"}],"player_experience":169929,"potions_floor_usage":[11,14,14,22,23,33,33,36,39],"damage_taken":[{"damage":7,"enemies":"Small Slimes","floor":1,"turns":4},{"damage":1,"enemies":"Cultist","floor":2,"turns":3},{"damage":2,"enemies":"2 Louse","floor":3,"turns":2},{"damage":5,"enemies":"Exordium Thugs","floor":4,"turns":5},{"damage":21,"enemies":"Lagavulin","floor":6,"turns":6},{"damage":0,"enemies":"Large Slime","floor":7,"turns":4},{"damage":19,"enemies":"Lagavulin Event","floor":11,"turns":5},{"damage":7,"enemies":"Looter","floor":13,"turns":3},{"damage":5,"enemies":"3 Sentries","floor":14,"turns":4},{"damage":53,"enemies":"Hexaghost","floor":16,"turns":12},{"damage":3,"enemies":"Shell Parasite","floor":18,"turns":5},{"damage":1,"enemies":"Chosen","floor":19,"turns":4},{"damage":10,"enemies":"Centurion and Healer","floor":20,"turns":8},{"damage":4,"enemies":"Snake Plant","floor":22,"turns":6},{"damage":29,"enemies":"Gremlin Leader","floor":23,"turns":6},{"damage":2,"enemies":"Snecko","floor":27,"turns":5},{"damage":1,"enemies":"Centurion and Healer","floor":29,"turns":5},{"damage":7,"enemies":"Cultist and Chosen","floor":31,"turns":8},{"damage":61,"enemies":"Collector","floor":33,"turns":8},{"damage":17,"enemies":"3 Shapes","floor":35,"turns":6},{"damage":22,"enemies":"Orb Walker","floor":36,"turns":5},{"damage":51,"enemies":"Maw","floor":39,"turns":10},{"damage":17,"enemies":"3 Darklings","floor":42,"turns":5},{"damage":27,"enemies":"Sphere and 2 Shapes","floor":44,"turns":4}],"event_choices":[{"event_name":"Match and Keep!","player_choice":"2 cards matched","floor":5,"damage_taken":0},{"event_name":"Upgrade Shrine","player_choice":"Upgraded","floor":10,"damage_taken":0},{"event_name":"Dead Adventurer","player_choice":"Searched \u00271\u0027 times","floor":11,"damage_taken":0},{"event_name":"Drug Dealer","player_choice":"Ignored","floor":28,"damage_taken":0},{"event_name":"Transmorgrifier","player_choice":"Transform","floor":30,"damage_taken":0}],"boss_relics":[{"not_picked":["Black Blood","Question Card"],"picked":"Orrery"},{"not_picked":["Eternal Feather","Runic Dome"],"picked":"Philosopher\u0027s Stone"}],"potions_floor_spawned":[2,7,11,14,18,19,27,31,33,35],"seed_played":"4912462720981158690","killed_by":"Sphere and 2 Shapes","ascension_level":0,"is_trial":false}