{"gold_per_floor":[118,118,118,130,147,179,179,179,203,203,232,232,245,245,245,335,398,423,423,444,47,47,47],"floor_reached":23,"playtime":753,"items_purged":["Injury"],"score":325,"play_id":"694b6483-7147-4f64-a441-73a2c2941978","local_time":"20190201114818","is_ascension_mode":true,"campfire_choices":[{"floor":8.0,"key":"REST"},{"data":"Armaments","floor":10.0,"key":"SMITH"},{"floor":12.0,"key":"REST"},{"floor":15.0,"key":"REST"}],"neow_cost":"NONE","seed_source_timestamp":257363556931703,"circlet_count":0,"master_deck":["AscendersBane","Strike_R","Strike_R","Strike_R","Defend_R","Defend_R","Defend_R+1","Bash","Armaments+1","Spot Weakness+1","Twin Strike","Battle Trance","Whirlwind","Sentinel","Shrug It Off","Limit Break+1","Rupture+1","Inflame","Thunderclap","Feed","Dropkick","True Grit","Flex","Bloodletting","Clothesline","Swift Strike","Sentinel"],"special_seed":0,"relics":["Burning Blood","NeowsBlessing","Dream Catcher","Boot","Mummified Hand","Golden Idol","Tiny House","Membership Card","War Paint"],"potions_floor_usage":[23],"damage_taken":[{"damage":0.0,"enemies":"2 Louse","floor":1.0,"turns":2.0},{"damage":0.0,"enemies":"Cultist","floor":4.0,"turns":1.0},{"damage":0.0,"enemies":"Small Slimes","floor":5.0,"turns":1.0},{"damage":60.0,"enemies":"Lagavulin","floor":6.0,"turns":9.0},{"damage":34.0,"enemies":"3 Sentries","floor":11.0,"turns":7.0},{"damage":6.0,"enemies":"Exordium Wildlife","floor":13.0,"turns":3.0},{"damage":67.0,"enemies":"Slime Boss","floor":16.0,"turns":11.0},{"damage":27.0,"enemies":"Chosen","floor":18.0,"turns":5.0},{"damage":47.0,"enemies":"Shell Parasite","floor":20.0,"turns":6.0},{"damage":13,"enemies":"Slavers","floor":23,"turns":1}],"seed_played":"6505159879281036140","potions_obtained":[{"floor":5.0,"key":"Regen Potion"},{"floor":6.0,"key":"Poison Potion"},{"floor":17.0,"key":"Dexterity Potion"},{"floor":18.0,"key":"SteroidPotion"}],"is_trial":false,"path_per_floor":["M","?","?","M","M","E","?","R","T","R","E","R","M","?","R","B",null,"M","?","M","$","?","E"],"character_chosen":"IRONCLAD","items_purchased":["Membership Card","War Paint","Swift Strike","Sentinel"],"campfire_rested":3,"item_purchase_floors":[21,21,21,21],"current_hp_per_floor":[78,78,78,80,80,26,26,50,50,50,37,61,61,61,80,19,70,49,49,8,8,8,0],"gold":47,"neow_bonus":"THREE_ENEMY_KILL","is_prod":false,"is_daily":false,"chose_seed":false,"campfire_upgraded":1,"win_rate":0,"timestamp":1549046898,"path_taken":["M","?","?","?","M","E","?","R","T","R","E","R","?","?","R","BOSS","M","?","M","$","?","E"],"build_version":"2019-01-23","purchased_purges":1,"victory":false,"max_hp_per_floor":[80,80,80,80,80,80,80,80,80,80,80,80,80,80,80,80,85,85,85,85,85,85,85],"card_choices":[{"not_picked":["Spot Weakness","Entrench"],"picked":"Armaments","floor":1.0},{"not_picked":["Fire Breathing","Armaments"],"picked":"Twin Strike","floor":4.0},{"not_picked":["Headbutt","Rampage"],"picked":"Battle Trance","floor":5.0},{"not_picked":["Headbutt","Combust"],"picked":"Whirlwind","floor":6.0},{"not_picked":["Headbutt","Combust"],"picked":"Shrug It Off","floor":8.0},{"not_picked":["Hemokinesis","Inflame"],"picked":"Limit Break","floor":11.0},{"not_picked":["Iron Wave","Sword Boomerang"],"picked":"Rupture","floor":12.0},{"not_picked":["Battle Trance","Perfected Strike"],"picked":"Inflame","floor":13.0},{"not_picked":["Disarm","Wild Strike"],"picked":"Thunderclap","floor":15.0},{"not_picked":["Juggernaut","Dark Embrace"],"picked":"Feed","floor":16.0},{"not_picked":["Cleave","Flex"],"picked":"Dropkick","floor":17.0},{"not_picked":["Power Through","Body Slam"],"picked":"True Grit","floor":18.0},{"not_picked":["Hemokinesis","Combust+1"],"picked":"Clothesline","floor":20.0}],"player_experience":1354776,"relics_obtained":[{"floor":6.0,"key":"Dream Catcher"},{"floor":9.0,"key":"Boot"},{"floor":11.0,"key":"Mummified Hand"}],"event_choices":[{"damage_healed":0.0,"max_hp_gain":0.0,"max_hp_loss":0.0,"gold_gain":0.0,"event_name":"The Cleric","player_choice":"Leave","floor":2.0,"gold_loss":0.0,"damage_taken":0.0},{"damage_healed":0.0,"max_hp_gain":0.0,"max_hp_loss":0.0,"gold_gain":0.0,"event_name":"Match and Keep!","player_choice":"1 cards matched","floor":3.0,"gold_loss":0.0,"damage_taken":0.0,"cards_obtained":["Spot Weakness"]},{"damage_healed":0.0,"max_hp_gain":0.0,"max_hp_loss":0.0,"gold_gain":0.0,"cards_transformed":["Strike_R"],"event_name":"Transmorgrifier","player_choice":"Transformed","floor":7.0,"gold_loss":0.0,"damage_taken":0.0,"cards_obtained":["Sentinel"]},{"damage_healed":0.0,"max_hp_gain":0.0,"max_hp_loss":0.0,"gold_gain":0.0,"event_name":"Golden Idol","player_choice":"Take Wound","floor":14.0,"gold_loss":0.0,"damage_taken":0.0,"relics_obtained":["Golden Idol"],"cards_obtained":["Injury"]},{"damage_healed":0.0,"max_hp_gain":0.0,"max_hp_loss":0.0,"gold_gain":0.0,"cards_transformed":["Strike_R","Defend_R"],"event_name":"Drug Dealer","player_choice":"Became Test Subject","floor":19.0,"gold_loss":0.0,"damage_taken":0.0,"cards_obtained":["Flex","Bloodletting"]},{"damage_healed":0,"gold_gain":0,"player_choice":"Forge","damage_taken":0,"max_hp_gain":0,"max_hp_loss":0,"event_name":"Accursed Blacksmith","floor":22,"gold_loss":0,"cards_upgraded":["Rupture"]}],"is_beta":false,"boss_relics":[{"not_picked":["Coffee Dripper","Calling Bell"],"picked":"Tiny House"}],"items_purged_floors":[21],"is_endless":false,"potions_floor_spawned":[5,6,18],"killed_by":"Slavers","ascension_level":13}