{"gold_per_floor":[116,129,148,163,176,208,223,223,246,272,272,290,306,319,319,424,424,406,425,441,441,441,476,487,505,529,541,541,53,53,83,83,188,188,201,217,230,47,62,93,18,18,41,59,59],"floor_reached":45,"playtime":18443,"items_purged":["Parasite"],"score":530,"play_id":"e5f48b11-ace3-45e2-a25d-ff7ed4502fdd","local_time":"20190129223601","is_ascension_mode":false,"campfire_choices":[{"floor":8,"key":"REST"},{"floor":15,"key":"REST"},{"data":"Self Repair","floor":30,"key":"SMITH"},{"floor":32,"key":"REST"},{"floor":42,"key":"REST"}],"neow_cost":"NONE","seed_source_timestamp":67963460970922,"circlet_count":0,"master_deck":["Strike_B","Strike_B","Strike_B+1","Strike_B+1","Defend_B","Defend_B","Defend_B","Defend_B","Zap","Dualcast","Compile Driver","Barrage","Ball Lightning","Steam","Redo","Reboot","Defragment","Thunder Strike","Scrape","Self Repair+1","Sweeping Beam","Reboot","Redo","Steam","Rip and Tear","Double Energy","Self Repair","Steam","Coolheaded","Genetic Algorithm","Capacitor","Mind Blast","BootSequence","Conserve Battery+1","Buffer","Streamline+1","Aggregate+1","Defragment+1","The Bomb","Defragment"],"relics":["Cracked Core","Whetstone","Letter Opener","Bronze Scales","Runic Pyramid","Nilry\u0027s Codex","Bag of Marbles","Orichalcum","Nloth\u0027s Gift","Meat on the Bone","Mummified Hand","Fusion Hammer","Dream Catcher","Oddly Smooth Stone"],"potions_floor_usage":[6,7,10,16,20,23,23,33,45],"damage_taken":[{"damage":1,"enemies":"Jaw Worm","floor":1,"turns":5},{"damage":7,"enemies":"Small Slimes","floor":2,"turns":4},{"damage":1,"enemies":"Cultist","floor":3,"turns":3},{"damage":10,"enemies":"Exordium Thugs","floor":4,"turns":3},{"damage":3,"enemies":"Red Slaver","floor":5,"turns":3},{"damage":21,"enemies":"Lagavulin","floor":6,"turns":6},{"damage":0,"enemies":"Lots of Slimes","floor":7,"turns":1},{"damage":22,"enemies":"3 Sentries","floor":10,"turns":6},{"damage":0,"enemies":"Gremlin Gang","floor":12,"turns":2},{"damage":0,"enemies":"Red Slaver","floor":13,"turns":2},{"damage":8,"enemies":"Large Slime","floor":14,"turns":4},{"damage":42,"enemies":"Slime Boss","floor":16,"turns":8},{"damage":10,"enemies":"2 Thieves","floor":18,"turns":4},{"damage":10,"enemies":"Chosen","floor":19,"turns":4},{"damage":13,"enemies":"Centurion and Healer","floor":20,"turns":7},{"damage":8,"enemies":"Gremlin Leader","floor":23,"turns":5},{"damage":31,"enemies":"3 Cultists","floor":24,"turns":5},{"damage":4,"enemies":"Chosen and Byrds","floor":25,"turns":6},{"damage":10,"enemies":"Snake Plant","floor":27,"turns":4},{"damage":31,"enemies":"Book of Stabbing","floor":31,"turns":5},{"damage":45,"enemies":"Automaton","floor":33,"turns":11},{"damage":28,"enemies":"3 Shapes","floor":35,"turns":5},{"damage":27,"enemies":"3 Darklings","floor":36,"turns":5},{"damage":0,"enemies":"4 Shapes","floor":37,"turns":5},{"damage":12,"enemies":"Writhing Mass","floor":39,"turns":7},{"damage":61,"enemies":"Nemesis","floor":40,"turns":7},{"damage":0,"enemies":"Maw","floor":44,"turns":7},{"damage":80,"enemies":"Reptomancer","floor":45,"turns":3}],"seed_played":"3001696131863579438","potions_obtained":[{"floor":1,"key":"AttackPotion"},{"floor":3,"key":"PowerPotion"},{"floor":4,"key":"Explosive Potion"},{"floor":6,"key":"Ancient Potion"},{"floor":10,"key":"SteroidPotion"},{"floor":13,"key":"Fire Potion"},{"floor":16,"key":"LiquidBronze"},{"floor":23,"key":"FocusPotion"},{"floor":31,"key":"SkillPotion"},{"floor":39,"key":"Swift Potion"},{"floor":40,"key":"FearPotion"}],"is_trial":false,"path_per_floor":["?","?","?","?","$"],"character_chosen":"DEFECT","items_purchased":["Capacitor","Mind Blast","Meat on the Bone","BootSequence","The Bomb"],"campfire_rested":4,"item_purchase_floors":[29,29,29,29,38],"current_hp_per_floor":[81,74,73,63,60,39,39,63,63,41,38,38,38,37,61,19,82,79,76,70,70,54,46,22,32,32,36,36,36,36,24,48,15,82,61,56,73,73,78,46,46,69,69,79,0],"gold":59,"neow_bonus":"TEN_PERCENT_HP_BONUS","is_prod":false,"is_daily":false,"chose_seed":false,"campfire_upgraded":1,"win_rate":0.0,"timestamp":1548819361,"path_taken":["M","M","M","M","M","E","M","R","T","E","?","M","M","M","R","BOSS","M","M","M","?","?","E","M","M","T","M","?","$","R","E","R","BOSS","M","M","M","?","M","E","$","R","T","M","E"],"build_version":"2019-01-23","purchased_purges":1,"victory":false,"max_hp_per_floor":[82,82,82,82,82,82,82,82,82,82,82,82,82,82,82,82,82,82,82,82,82,82,82,82,82,82,82,82,82,82,82,82,82,82,82,82,82,82,82,82,79,79,79,79,79],"card_choices":[{"not_picked":["Hello World","Steam"],"picked":"Compile Driver","floor":1},{"not_picked":["Go for the Eyes","Beam Cell"],"picked":"Barrage","floor":2},{"not_picked":["Capacitor","Steam Power"],"picked":"Ball Lightning","floor":3},{"not_picked":["Rip and Tear","Rainbow"],"picked":"Steam","floor":4},{"not_picked":["Stack","Chaos"],"picked":"Redo","floor":5},{"not_picked":["Beam Cell","Storm"],"picked":"Reboot","floor":6},{"not_picked":["Stack","Beam Cell"],"picked":"Defragment","floor":7},{"not_picked":["Tempest","Gash"],"picked":"Thunder Strike","floor":10},{"not_picked":["Steam","Go for the Eyes"],"picked":"Scrape","floor":12},{"not_picked":["Hologram","Hello World"],"picked":"Self Repair","floor":13},{"not_picked":["BootSequence","Gash"],"picked":"Sweeping Beam","floor":14},{"not_picked":["Amplify","Rainbow"],"picked":"Reboot","floor":16},{"not_picked":["Gash+1","BootSequence"],"picked":"Redo","floor":18},{"not_picked":["Scrape+1","Hologram"],"picked":"Steam","floor":19},{"not_picked":["Redo","Hologram+1"],"picked":"Rip and Tear","floor":20},{"not_picked":["Tempest","White Noise+1"],"picked":"Self Repair","floor":23},{"not_picked":["Coolheaded","Machine Learning"],"picked":"Steam","floor":24},{"not_picked":["Steam Power","Ball Lightning"],"picked":"Coolheaded","floor":25},{"not_picked":["Sweeping Beam","Coolheaded"],"picked":"Genetic Algorithm","floor":27},{"not_picked":["Hello World","Steam"],"picked":"Conserve Battery+1","floor":31},{"not_picked":["Reboot","Amplify"],"picked":"Buffer","floor":33},{"not_picked":["Stack","Glacier+1"],"picked":"Streamline+1","floor":35},{"not_picked":["Redo+1","Stack+1"],"picked":"Aggregate+1","floor":36},{"not_picked":["Stack","Streamline"],"picked":"Defragment+1","floor":37},{"not_picked":["Glacier","Darkness+1","Amplify"],"picked":"SKIP","floor":39},{"not_picked":["Barrage","Go for the Eyes+1","Machine Learning"],"picked":"SKIP","floor":40},{"not_picked":["Stack+1","Ball Lightning"],"picked":"Defragment","floor":42},{"not_picked":["Force Field","Conserve Battery","Stack"],"picked":"SKIP","floor":44}],"player_experience":9046,"relics_obtained":[{"floor":6,"key":"Whetstone"},{"floor":9,"key":"Anchor"},{"floor":10,"key":"Letter Opener"},{"floor":22,"key":"Nilry\u0027s Codex"},{"floor":23,"key":"Bag of Marbles"},{"floor":26,"key":"Orichalcum"},{"floor":31,"key":"Mummified Hand"},{"floor":40,"key":"Dream Catcher"},{"floor":43,"key":"Oddly Smooth Stone"}],"event_choices":[{"damage_healed":0,"gold_gain":0,"player_choice":"Success","damage_taken":3,"relics_obtained":["Bronze Scales"],"max_hp_gain":0,"max_hp_loss":0,"event_name":"Scrap Ooze","floor":11,"gold_loss":0},{"damage_healed":0,"gold_gain":0,"player_choice":"Read","damage_taken":0,"max_hp_gain":0,"max_hp_loss":0,"event_name":"The Library","floor":21,"gold_loss":0,"cards_obtained":["Double Energy"]},{"damage_healed":0,"gold_gain":0,"player_choice":"Obtained Book","damage_taken":16,"max_hp_gain":0,"max_hp_loss":0,"event_name":"Cursed Tome","floor":22,"gold_loss":0},{"damage_healed":0,"gold_gain":0,"player_choice":"Traded Relic","damage_taken":0,"relics_obtained":["Nloth\u0027s Gift"],"max_hp_gain":0,"max_hp_loss":0,"event_name":"N\u0027loth","floor":28,"relics_lost":["Anchor"],"gold_loss":0}],"is_beta":false,"boss_relics":[{"not_picked":["Cursed Key","Tiny House"],"picked":"Runic Pyramid"},{"not_picked":["Sozu","Busted Crown"],"picked":"Fusion Hammer"}],"items_purged_floors":[41],"is_endless":false,"potions_floor_spawned":[1,3,4,6,10,13,16,19,23,31,39,40],"killed_by":"Reptomancer","ascension_level":0}