{"gold_per_floor":[114,114,114,124,135,165,165,185,210,210,220,220,248,275,287,400,412,437,416,428,457,480,522,8,8,8,22,22,22,22,41,41,139,139,159,33,133,133,148,148,160,160,160,160],"floor_reached":44,"playtime":3967,"items_purged":["Defend_B","Decay"],"score":479,"play_id":"39d9c0bc-3a13-487f-9d36-1db70a3e64fd","local_time":"20190102093650","is_ascension_mode":true,"campfire_choices":[{"floor":7,"key":"REST"},{"data":"Cold Snap","floor":10,"key":"SMITH"},{"data":"Auto Shields","floor":15,"key":"SMITH"},{"floor":25,"key":"REST"},{"floor":28,"key":"REST"},{"data":"Electrodynamics","floor":32,"key":"SMITH"},{"data":"Creative AI","floor":40,"key":"SMITH"},{"data":"Glacier","floor":42,"key":"SMITH"}],"neow_cost":"NONE","seed_source_timestamp":58465728944333,"circlet_count":0,"master_deck":["Strike_B","Strike_B","Strike_B","Defend_B","Defend_B","Defend_B+1","Zap+1","Dualcast","Genetic Algorithm+1","Hologram","Cold Snap+1","Compile Driver","Cold Snap","Go for the Eyes","Auto Shields+1","Creative AI+1","Fusion+1","Glacier+1","Compile Driver","Glacier+1","Biased Cognition","Redo+1","Coolheaded+1","Electrodynamics+1","Seek+1","Capacitor+1","Stack+1","Chaos+1","Auto Shields+1","Skim+1"],"relics":["FrozenCore","Vajra","GremlinMask","Strawberry","War Paint","MawBank","Toxic Egg 2","Oddly Smooth Stone","Question Card","Omamori","Calling Bell","Centennial Puzzle","Pantograph","Pocketwatch","Gambling Chip","Potion Belt"],"potions_floor_usage":[16,23,33,37,44],"damage_taken":[{"damage":7,"enemies":"2 Louse","floor":1,"turns":3},{"damage":0,"enemies":"Cultist","floor":4,"turns":4},{"damage":4,"enemies":"Jaw Worm","floor":5,"turns":4},{"damage":40,"enemies":"Gremlin Nob","floor":6,"turns":5},{"damage":2,"enemies":"Red Slaver","floor":8,"turns":4},{"damage":5,"enemies":"Gremlin Gang","floor":11,"turns":6},{"damage":11,"enemies":"Lots of Slimes","floor":13,"turns":4},{"damage":0,"enemies":"Blue Slaver","floor":14,"turns":3},{"damage":12,"enemies":"Hexaghost","floor":16,"turns":12},{"damage":10,"enemies":"3 Byrds","floor":18,"turns":8},{"damage":8,"enemies":"2 Thieves","floor":19,"turns":5},{"damage":1,"enemies":"Centurion and Healer","floor":21,"turns":11},{"damage":16,"enemies":"Snake Plant","floor":22,"turns":10},{"damage":49,"enemies":"Book of Stabbing","floor":23,"turns":11},{"damage":5,"enemies":"Snecko","floor":27,"turns":10},{"damage":8,"enemies":"Shelled Parasite and Fungi","floor":31,"turns":13},{"damage":16,"enemies":"Champ","floor":33,"turns":20},{"damage":13,"enemies":"3 Shapes","floor":35,"turns":6},{"damage":0,"enemies":"Mind Bloom Boss Battle","floor":37,"turns":10},{"damage":18,"enemies":"3 Darklings","floor":39,"turns":4},{"damage":13,"enemies":"Spire Growth","floor":41,"turns":10},{"damage":57,"enemies":"Reptomancer","floor":44,"turns":2}],"seed_played":"-7526691205138983549","potions_obtained":[{"floor":1,"key":"FairyPotion"},{"floor":5,"key":"AttackPotion"},{"floor":8,"key":"Swift Potion"},{"floor":14,"key":"Energy Potion"},{"floor":21,"key":"FocusPotion"},{"floor":23,"key":"Block Potion"},{"floor":27,"key":"FocusPotion"},{"floor":35,"key":"PowerPotion"},{"floor":39,"key":"Dexterity Potion"}],"is_trial":false,"path_per_floor":["M","?","?","M","M","E","R","M","T","R","M","?","M","M","R","B",null,"M","M","?","M","M","E","$","R","T","M","R","?","$","M","R","B",null,"M","$","?","?","M","R","M","R","T","E"],"character_chosen":"DEFECT","items_purchased":["Oddly Smooth Stone","Redo+1","Question Card","Stack+1"],"campfire_rested":3,"item_purchase_floors":[24,24,24,36],"current_hp_per_floor":[68,68,68,68,64,31,55,53,53,53,48,48,37,37,37,25,82,72,64,64,63,47,8,8,32,32,27,51,51,51,43,43,27,82,69,69,82,82,64,64,51,51,51,0],"gold":160,"neow_bonus":"RANDOM_COMMON_RELIC","is_prod":false,"is_daily":false,"chose_seed":false,"campfire_upgraded":5,"win_rate":0,"timestamp":1546450610,"path_taken":["M","?","?","?","M","E","R","M","T","R","M","?","?","?","R","BOSS","M","?","?","?","M","E","$","R","T","M","R","?","?","M","R","BOSS","M","?","?","?","?","R","M","R","T","E"],"build_version":"2018-12-20","purchased_purges":2,"victory":false,"max_hp_per_floor":[75,75,75,75,75,82,82,82,82,82,82,82,82,82,82,82,82,82,82,82,82,82,82,82,82,82,82,82,82,82,82,82,82,82,82,82,82,82,82,82,82,82,82,82],"card_choices":[{"not_picked":["FTL","Chill"],"picked":"Genetic Algorithm","floor":1},{"not_picked":["Static Discharge","Barrage"],"picked":"Hologram","floor":4},{"not_picked":["Steam","Reprogram","Sweeping Beam"],"picked":"SKIP","floor":5},{"not_picked":["Ball Lightning","Reboot"],"picked":"Cold Snap","floor":6},{"not_picked":["Rebound","Sweeping Beam"],"picked":"Compile Driver","floor":8},{"not_picked":["Melter","Barrage"],"picked":"Cold Snap","floor":11},{"not_picked":["Sweeping Beam","Leap"],"picked":"Go for the Eyes","floor":13},{"not_picked":["Hologram","Redo"],"picked":"Auto Shields","floor":14},{"not_picked":["Buffer","Reboot"],"picked":"Creative AI","floor":16},{"not_picked":["Rebound","Steam"],"picked":"Fusion+1","floor":18},{"not_picked":["Cold Snap","Hologram+1"],"picked":"Glacier+1","floor":19},{"not_picked":["Steam","Hologram"],"picked":"Compile Driver","floor":21},{"not_picked":["Leap","Reprogram"],"picked":"Glacier","floor":22},{"not_picked":["Cold Snap","Rebound"],"picked":"Biased Cognition","floor":23},{"not_picked":["Hologram+1","Loop","Fusion+1"],"picked":"Coolheaded+1","floor":27},{"not_picked":["Chaos+1","Scrape+1","Tempest+1"],"picked":"Electrodynamics","floor":31},{"not_picked":["Amplify+1","Creative AI","Fission+1"],"picked":"Seek+1","floor":33},{"not_picked":["Leap+1","Reprogram+1","Rebound"],"picked":"Capacitor+1","floor":35},{"not_picked":["Cold Snap","Hologram+1","Coolheaded+1"],"picked":"Chaos+1","floor":37},{"not_picked":["Skim+1","Leap+1","Compile Driver+1"],"picked":"Auto Shields+1","floor":39},{"not_picked":["Leap+1","Aggregate+1","Beam Cell+1"],"picked":"Skim+1","floor":41}],"player_experience":36528,"relics_obtained":[{"floor":6,"key":"Strawberry"},{"floor":9,"key":"War Paint"},{"floor":23,"key":"Toxic Egg 2"},{"floor":26,"key":"Omamori"},{"floor":34,"key":"Centennial Puzzle"},{"floor":34,"key":"Pantograph"},{"floor":34,"key":"Pocketwatch"},{"floor":37,"key":"Gambling Chip"},{"floor":43,"key":"Potion Belt"}],"event_choices":[{"damage_healed":0,"gold_gain":0,"player_choice":"Grow","damage_taken":0,"max_hp_gain":0,"max_hp_loss":0,"event_name":"Living Wall","floor":2,"gold_loss":0,"cards_upgraded":["Genetic Algorithm"]},{"damage_healed":0,"gold_gain":0,"player_choice":"Trade","damage_taken":0,"relics_obtained":["GremlinMask"],"max_hp_gain":0,"max_hp_loss":0,"event_name":"FaceTrader","floor":3,"gold_loss":0},{"damage_healed":0,"gold_gain":0,"player_choice":"Gave Potion","damage_taken":0,"relics_obtained":["MawBank"],"max_hp_gain":0,"max_hp_loss":0,"event_name":"WeMeetAgain","floor":12,"gold_loss":0},{"damage_healed":0,"gold_gain":0,"player_choice":"0 cards matched","damage_taken":0,"max_hp_gain":0,"max_hp_loss":0,"event_name":"Match and Keep!","floor":20,"gold_loss":0,"cards_obtained":[]},{"damage_healed":0,"gold_gain":0,"player_choice":"Ignored","damage_taken":0,"max_hp_gain":0,"max_hp_loss":0,"event_name":"Ghosts","floor":29,"gold_loss":0},{"damage_healed":0,"gold_gain":0,"player_choice":"Fight","damage_taken":0,"max_hp_gain":0,"max_hp_loss":0,"event_name":"MindBloom","floor":37,"gold_loss":0},{"cards_removed":["Strike_B"],"damage_healed":0,"gold_gain":0,"player_choice":"Purged","damage_taken":0,"max_hp_gain":0,"max_hp_loss":0,"event_name":"Purifier","floor":38,"gold_loss":0}],"is_beta":false,"boss_relics":[{"not_picked":["Eternal Feather","Philosopher\u0027s Stone"],"picked":"FrozenCore"},{"not_picked":["Nuclear Battery","Runic Dome"],"picked":"Calling Bell"}],"items_purged_floors":[24,36],"is_endless":false,"potions_floor_spawned":[1,5,8,14,21,23,27,31,35,39],"killed_by":"Reptomancer","ascension_level":1}