{"path_per_floor":["M","M","M","M","$","R","M","M","T","M","R","E","M","M","R","B",null,"M","?","M","?","M","$","R","M","T","T","?"],"character_chosen":"IRONCLAD","items_purchased":["Brutality","Panacea","Block Potion","Block Potion"],"gold_per_floor":[109,123,139,151,0,0,10,25,25,44,44,70,89,101,101,203,203,218,218,235,235,253,49,49,64,64,64,64],"floor_reached":29,"campfire_rested":1,"playtime":1422,"current_hp_per_floor":[72,71,66,66,66,66,69,63,63,60,60,62,51,45,66,50,72,53,53,18,42,28,28,28,31,31,31,31],"items_purged":["Strike_R"],"gold":64,"score":231,"play_id":"78b1590c-41c6-457e-b0e9-7ae161c2de68","local_time":"20180228232307","is_prod":false,"is_daily":false,"is_ascension_mode":false,"campfire_upgraded":3,"timestamp":1519878187,"path_taken":["M","M","M","?","$","R","M","M","T","M","R","E","M","M","R","BOSS","M","?","M","?","M","$","R","M","T","?","?","M"],"build_version":"2018-02-28-BETA1","purchased_purges":2,"victory":false,"master_deck":["Strike_R","Strike_R","Strike_R","Defend_R","Defend_R","Defend_R","Defend_R","Bash","Demon Form+1","Impervious","Entrench","Battle Trance","Brutality+1","Blood for Blood","Heavy Blade","Pummel","Metallicize","Headbutt","Double Tap","Limit Break+1","Metallicize+1","Seeing Red","Blood for Blood","Panacea","Pummel+1"],"max_hp_per_floor":[72,72,72,72,72,72,72,72,72,72,72,72,72,72,72,72,72,72,72,72,72,72,72,72,72,72,72,72],"relics":["Burning Blood","Charon\u0027s Ashes","Ancient Tea Set","Question Card","Bag of Marbles","Letter Opener","Ginger"],"card_choices":[{"not_picked":["Feed","Bludgeon"],"picked":"Demon Form"},{"not_picked":["Shrug It Off","Pommel Strike"],"picked":"Impervious"},{"not_picked":["Armaments","Twin Strike"],"picked":"Entrench"},{"not_picked":["Heavy Blade","Twin Strike"],"picked":"Battle Trance"},{"not_picked":["Warcry","Flex"],"picked":"Blood for Blood"},{"not_picked":["True Grit","Ghostly Armor"],"picked":"Heavy Blade"},{"not_picked":["Perfected Strike","Armaments"],"picked":"Pummel"},{"not_picked":["Flex","Thunderclap"],"picked":"Metallicize"},{"not_picked":["Second Wind","Iron Wave"],"picked":"Headbutt"},{"not_picked":["Dual Wield","Havoc"],"picked":"Double Tap"},{"not_picked":["Fiend Fire","Demon Form"],"picked":"Limit Break"},{"not_picked":["Whirlwind","Twin Strike","Thunderclap"],"picked":"Metallicize"},{"not_picked":["Clash","Heavy Blade","True Grit"],"picked":"Seeing Red"},{"not_picked":["Second Wind","Battle Trance","Heavy Blade"],"picked":"Blood for Blood"},{"not_picked":["Havoc","Twin Strike","Anger"],"picked":"Pummel"}],"player_experience":37471,"potions_floor_usage":[7,13,18,25,29,29],"damage_taken":[{"damage":1,"enemies":"Cultist","floor":1,"turns":3},{"damage":7,"enemies":"2 Louse","floor":2,"turns":3},{"damage":11,"enemies":"Jaw Worm","floor":3,"turns":4},{"damage":6,"enemies":"2 Fungi Beasts","floor":4,"turns":4},{"damage":3,"enemies":"3 Louse","floor":7,"turns":4},{"damage":12,"enemies":"Looter","floor":8,"turns":4},{"damage":9,"enemies":"2 Fungi Beasts","floor":10,"turns":4},{"damage":4,"enemies":"Lagavulin","floor":12,"turns":5},{"damage":17,"enemies":"Gremlin Gang","floor":13,"turns":4},{"damage":12,"enemies":"Looter","floor":14,"turns":3},{"damage":22,"enemies":"Hexaghost","floor":16,"turns":7},{"damage":25,"enemies":"3 Byrds","floor":18,"turns":5},{"damage":41,"enemies":"2 Thieves","floor":20,"turns":5},{"damage":20,"enemies":"Snecko","floor":22,"turns":4},{"damage":3,"enemies":"Sentry and Sphere","floor":25,"turns":4},{"damage":31,"enemies":"3 Cultists","floor":29,"turns":5}],"event_choices":[{"event_name":"Purifier","player_choice":"One Purge","floor":19,"damage_taken":0},{"event_name":"The Library","player_choice":"Heal","floor":21,"damage_taken":0},{"event_name":"The Mausoleum","player_choice":"Yes","floor":28,"damage_taken":0}],"boss_relics":[{"not_picked":["White Beast Statue","Orrery"],"picked":"Question Card"}],"potions_floor_spawned":[1,7,10,13,20],"seed_played":"5926877644562002541","killed_by":"3 Cultists","ascension_level":0,"is_trial":false}