{"gold_per_floor":[114,74,84,102,117,142,67,67,121,132,149,149,149,166,166,237,237,249,266,39,39,39,39,39],"floor_reached":24,"playtime":1443,"items_purged":["Strike_G"],"score":352,"play_id":"3316978c-84af-40e9-affa-4f6d5c02da87","local_time":"20190402014817","is_ascension_mode":true,"campfire_choices":[{"data":"Noxious Fumes","floor":8,"key":"SMITH"},{"floor":12,"key":"REST"},{"floor":15,"key":"REST"}],"neow_cost":"NONE","seed_source_timestamp":1476565334772617,"circlet_count":0,"master_deck":["AscendersBane","Defend_G","Defend_G","Defend_G","Defend_G","Defend_G","Strike_G","Strike_G","Strike_G","Survivor","Neutralize","Skewer","Slice","Dagger Throw","Noxious Fumes+1","Cloak And Dagger","Deflect","Infinite Blades","PiercingWail","Wraith Form v2","PiercingWail","Cloak And Dagger","Ghostly","Ghostly","Ghostly","Ghostly","Ghostly"],"relics":["Ring of the Snake","Art of War","Tiny Chest","Sozu","Snake Skull"],"potions_floor_usage":[3,11,24,24],"damage_taken":[{"damage":7,"enemies":"Small Slimes","floor":1,"turns":4},{"damage":0,"enemies":"Cultist","floor":3,"turns":4},{"damage":0,"enemies":"Jaw Worm","floor":4,"turns":5},{"damage":12,"enemies":"Gremlin Gang","floor":5,"turns":7},{"damage":45,"enemies":"Lagavulin","floor":6,"turns":10},{"damage":0,"enemies":"2 Fungi Beasts","floor":10,"turns":4},{"damage":0,"enemies":"Exordium Wildlife","floor":11,"turns":4},{"damage":3,"enemies":"Blue Slaver","floor":14,"turns":4},{"damage":55,"enemies":"The Guardian","floor":16,"turns":13},{"damage":24,"enemies":"Spheric Guardian","floor":18,"turns":7},{"damage":12,"enemies":"Shell Parasite","floor":19,"turns":8},{"damage":18,"enemies":"Gremlin Leader","floor":24,"turns":8}],"seed_played":"-4196965383709889157","potions_obtained":[{"floor":1,"key":"Ancient Potion"},{"floor":2,"key":"Fruit Juice"},{"floor":2,"key":"EntropicBrew"},{"floor":3,"key":"Swift Potion"},{"floor":10,"key":"Fire Potion"},{"floor":11,"key":"EssenceOfSteel"}],"is_trial":false,"path_per_floor":["?","M","?","M","?","?","?"],"character_chosen":"THE_SILENT","items_purchased":["GhostInAJar","Snake Skull"],"campfire_rested":2,"item_purchase_floors":[7,20],"current_hp_per_floor":[63,63,68,68,56,11,11,11,11,11,11,35,35,32,56,1,62,38,26,26,10,10,10,0],"gold":39,"neow_bonus":"TEN_PERCENT_HP_BONUS","is_prod":false,"is_daily":false,"chose_seed":false,"campfire_upgraded":1,"win_rate":0,"timestamp":1554184097,"path_taken":["M","?","M","M","M","E","$","R","T","?","M","R","?","?","R","BOSS","M","M","$","?","?","?","E"],"build_version":"2019-01-23","purchased_purges":1,"victory":false,"max_hp_per_floor":[77,77,82,82,82,82,82,82,82,82,82,82,82,82,82,82,82,82,82,82,87,43,43,43],"card_choices":[{"not_picked":["Choke","Well Laid Plans"],"picked":"Skewer","floor":1},{"not_picked":["Dagger Throw","Bane"],"picked":"Slice","floor":3},{"not_picked":["Flying Knee","Cloak And Dagger"],"picked":"Dagger Throw","floor":4},{"not_picked":["Expertise","Escape Plan"],"picked":"Noxious Fumes","floor":5},{"not_picked":["Flying Knee","PiercingWail"],"picked":"Cloak And Dagger","floor":6},{"not_picked":["Dagger Throw","Eviscerate"],"picked":"Deflect","floor":10},{"not_picked":["Distraction","Choke"],"picked":"Infinite Blades","floor":11},{"not_picked":["Prepared","Riddle With Holes"],"picked":"PiercingWail","floor":14},{"not_picked":["Envenom","Storm of Steel"],"picked":"Wraith Form v2","floor":16},{"not_picked":["Dash","Dodge and Roll"],"picked":"PiercingWail","floor":18},{"not_picked":["Heel Hook","Dagger Throw"],"picked":"Cloak And Dagger","floor":19}],"player_experience":1395390,"relics_obtained":[{"floor":6,"key":"Art of War"},{"floor":9,"key":"Tiny Chest"}],"event_choices":[{"damage_healed":0,"gold_gain":0,"player_choice":"Bought 3 Potions","damage_taken":0,"max_hp_gain":0,"max_hp_loss":0,"event_name":"The Woman in Blue","floor":2,"gold_loss":0},{"damage_healed":0,"gold_gain":0,"player_choice":"0 cards matched","damage_taken":0,"max_hp_gain":0,"max_hp_loss":0,"event_name":"Match and Keep!","floor":13,"gold_loss":0,"cards_obtained":[]},{"damage_healed":0,"gold_gain":0,"player_choice":"Shed Blood","damage_taken":21,"max_hp_gain":5,"max_hp_loss":0,"event_name":"Forgotten Altar","floor":21,"gold_loss":0},{"damage_healed":0,"gold_gain":0,"player_choice":"Became a Ghost","damage_taken":0,"max_hp_gain":0,"max_hp_loss":44,"event_name":"Ghosts","floor":22,"gold_loss":0,"cards_obtained":["Ghostly","Ghostly","Ghostly","Ghostly","Ghostly"]},{"cards_removed":["Strike_G"],"damage_healed":0,"gold_gain":0,"player_choice":"Elegance","damage_taken":0,"max_hp_gain":0,"max_hp_loss":0,"event_name":"Back to Basics","floor":23,"gold_loss":0}],"is_beta":false,"boss_relics":[{"not_picked":["Velvet Choker","Pandora\u0027s Box"],"picked":"Sozu"}],"items_purged_floors":[20],"is_endless":false,"potions_floor_spawned":[1,3,10,11,14,19],"killed_by":"Gremlin Leader","ascension_level":13}