{"gold_per_floor":[159,175,29,45,10,10,22,48,48,48,78,97,128,148,148,220,220,235,235,68,68,85,85],"floor_reached":23,"playtime":1238,"items_purged":["Strike_G","Strike_G"],"score":348,"play_id":"1ab9b9d7-ba98-47c1-950e-edb6faf5ffcd","local_time":"20190403142908","is_ascension_mode":true,"campfire_choices":[{"data":"Caltrops","floor":6,"key":"SMITH"},{"floor":15,"key":"REST"}],"neow_cost":"NONE","seed_source_timestamp":1608822040564654,"circlet_count":0,"master_deck":["AscendersBane","Defend_G","Defend_G","Defend_G","Defend_G","Defend_G","Strike_G","Strike_G","Survivor","Neutralize+1","Flying Knee","Sucker Punch","Caltrops+1","All Out Attack","Deadly Poison","Setup","Infinite Blades","Deflect","Bouncing Flask","Malaise","Footwork"],"relics":["Tiny House","Art of War","Oddly Smooth Stone","Bottled Lightning","Bag of Preparation","Busted Crown"],"potions_floor_usage":[4,8,13,23],"damage_taken":[{"damage":12,"enemies":"Small Slimes","floor":1,"turns":5},{"damage":3,"enemies":"2 Louse","floor":2,"turns":3},{"damage":0,"enemies":"Cultist","floor":4,"turns":4},{"damage":0,"enemies":"Blue Slaver","floor":7,"turns":5},{"damage":5,"enemies":"Gremlin Nob","floor":8,"turns":5},{"damage":15,"enemies":"Lagavulin","floor":11,"turns":8},{"damage":4,"enemies":"Exordium Thugs","floor":12,"turns":5},{"damage":18,"enemies":"Gremlin Nob","floor":13,"turns":4},{"damage":30,"enemies":"Large Slime","floor":14,"turns":6},{"damage":28,"enemies":"Slime Boss","floor":16,"turns":10},{"damage":32,"enemies":"3 Byrds","floor":18,"turns":4},{"damage":10,"enemies":"Spheric Guardian","floor":22,"turns":5},{"damage":20,"enemies":"Gremlin Leader","floor":23,"turns":5}],"seed_played":"-6459530549315620036","potions_obtained":[{"floor":0,"key":"Fruit Juice"},{"floor":2,"key":"Block Potion"},{"floor":4,"key":"Fire Potion"},{"floor":8,"key":"Swift Potion"},{"floor":12,"key":"Fruit Juice"},{"floor":18,"key":"Block Potion"}],"is_trial":false,"path_per_floor":["?","?","M","?","?"],"character_chosen":"THE_SILENT","items_purchased":["Caltrops","Footwork"],"campfire_rested":1,"item_purchase_floors":[3,20],"current_hp_per_floor":[56,53,53,58,78,78,78,73,73,73,58,54,36,6,30,2,61,29,29,29,29,19,0],"gold":85,"neow_bonus":"BOSS_RELIC","is_prod":false,"is_daily":false,"chose_seed":false,"campfire_upgraded":1,"win_rate":0,"timestamp":1554316148,"path_taken":["M","M","$","M","?","R","M","E","T","?","E","M","E","?","R","BOSS","M","?","$","?","M","E"],"build_version":"2019-01-23","purchased_purges":2,"victory":false,"max_hp_per_floor":[75,75,75,80,80,80,80,80,80,80,80,80,80,80,80,80,80,80,80,80,80,80,80],"card_choices":[{"not_picked":["Acrobatics","Blur"],"picked":"Flying Knee","floor":0},{"not_picked":["Acrobatics","Prepared","Blade Dance"],"picked":"SKIP","floor":1},{"not_picked":["Blade Dance","Acrobatics"],"picked":"Sucker Punch","floor":2},{"not_picked":["Flying Knee","Expertise"],"picked":"All Out Attack","floor":4},{"not_picked":["Crippling Poison","Deflect"],"picked":"Deadly Poison","floor":7},{"not_picked":["All Out Attack","Calculated Gamble","Flying Knee"],"picked":"SKIP","floor":8},{"not_picked":["PiercingWail","Blur"],"picked":"Infinite Blades","floor":11},{"not_picked":["Outmaneuver","Reflex"],"picked":"Deflect","floor":12},{"not_picked":["Quick Slash","Acrobatics"],"picked":"Bouncing Flask","floor":13},{"not_picked":["Grand Finale","Sucker Punch","Bane"],"picked":"SKIP","floor":14},{"not_picked":["Corpse Explosion","Night Terror"],"picked":"Malaise","floor":16},{"not_picked":["Outmaneuver+1"],"picked":"SKIP","floor":18},{"not_picked":["Outmaneuver"],"picked":"SKIP","floor":22}],"player_experience":1425260,"relics_obtained":[{"floor":8,"key":"Art of War"},{"floor":9,"key":"Oddly Smooth Stone"},{"floor":11,"key":"Bottled Lightning"},{"floor":13,"key":"Bag of Preparation"}],"event_choices":[{"damage_healed":20,"gold_gain":0,"player_choice":"Healed","damage_taken":0,"max_hp_gain":0,"max_hp_loss":0,"event_name":"The Cleric","floor":5,"gold_loss":35},{"damage_healed":0,"gold_gain":0,"cards_transformed":["Strike_G"],"player_choice":"Transformed","damage_taken":0,"max_hp_gain":0,"max_hp_loss":0,"event_name":"Transmorgrifier","floor":10,"gold_loss":0,"cards_obtained":["Setup"]},{"damage_healed":0,"gold_gain":0,"player_choice":"Ignored","damage_taken":0,"max_hp_gain":0,"max_hp_loss":0,"event_name":"Vampires","floor":19,"gold_loss":0}],"is_beta":false,"boss_relics":[{"not_picked":["Eternal Feather","Orrery"],"picked":"Busted Crown"}],"items_purged_floors":[3,20],"is_endless":false,"potions_floor_spawned":[2,4,8,11,12,18],"killed_by":"Gremlin Leader","ascension_level":13}