{"gold_per_floor":[113,130,145,145,165,200,278,606,660,660],"floor_reached":10,"playtime":393,"items_purged":[],"score":125,"play_id":"8960095f-9353-47f2-a853-ffffd4d428d1","local_time":"20190124095219","is_ascension_mode":true,"campfire_choices":[],"neow_cost":"NONE","seed_source_timestamp":245655902022221,"circlet_count":0,"master_deck":["AscendersBane","Strike_R","Strike_R","Strike_R","Strike_R","Strike_R","Defend_R","Defend_R","Defend_R","Defend_R","Bash","Shrug It Off","Thunderclap","Rampage","Shockwave"],"relics":["Burning Blood","Bag of Preparation","Magic Flower","Blood Vial","Gremlin Horn","Old Coin","Anchor"],"potions_floor_usage":[6],"damage_taken":[{"damage":5,"enemies":"Small Slimes","floor":1,"turns":4},{"damage":6,"enemies":"Jaw Worm","floor":2,"turns":4},{"damage":3,"enemies":"Cultist","floor":3,"turns":4},{"damage":23,"enemies":"Large Slime","floor":5,"turns":9},{"damage":43,"enemies":"Gremlin Nob","floor":6,"turns":5},{"damage":23,"enemies":"3 Sentries","floor":8,"turns":9},{"damage":32,"enemies":"Gremlin Nob","floor":10,"turns":4}],"seed_played":"3921799908724404036","potions_obtained":[{"floor":5,"key":"Regen Potion"}],"is_trial":false,"path_per_floor":["M","M","M","?","M","E","T","E","T","E"],"character_chosen":"IRONCLAD","items_purchased":[],"campfire_rested":0,"item_purchase_floors":[],"current_hp_per_floor":[73,73,76,58,44,32,32,21,21,0],"gold":660,"neow_bonus":"RANDOM_COMMON_RELIC","is_prod":false,"is_daily":false,"chose_seed":false,"campfire_upgraded":0,"win_rate":0,"timestamp":1548348739,"path_taken":["M","M","M","?","M","E","?","E","T","E"],"build_version":"2019-01-23","purchased_purges":0,"victory":false,"max_hp_per_floor":[80,80,80,80,80,80,80,80,80,80],"card_choices":[{"not_picked":["Wild Strike","Thunderclap"],"picked":"Shrug It Off","floor":1},{"not_picked":["Combust","Flex"],"picked":"Thunderclap","floor":2},{"not_picked":["Burning Pact","Heavy Blade"],"picked":"Rampage","floor":3},{"not_picked":["Wild Strike","Dual Wield","Headbutt"],"picked":"SKIP","floor":5},{"not_picked":["Sever Soul","Heavy Blade"],"picked":"Shockwave","floor":6},{"not_picked":["Fire Breathing","Feel No Pain","Body Slam"],"picked":"SKIP","floor":8}],"player_experience":1280400,"relics_obtained":[{"floor":6,"key":"Blood Vial"},{"floor":7,"key":"Gremlin Horn"},{"floor":8,"key":"Old Coin"},{"floor":9,"key":"Anchor"}],"event_choices":[{"damage_healed":0,"gold_gain":0,"player_choice":"Success","damage_taken":18,"relics_obtained":["Magic Flower"],"max_hp_gain":0,"max_hp_loss":0,"event_name":"Scrap Ooze","floor":4,"gold_loss":0}],"is_beta":false,"boss_relics":[],"items_purged_floors":[],"is_endless":false,"potions_floor_spawned":[5],"killed_by":"Gremlin Nob","ascension_level":12}