{"gold_per_floor":[117,131,149,160,179,191,204,218,218,96,96,196,196,214,214,319,319,337,356,21,31,31],"floor_reached":22,"playtime":1166,"items_purged":[],"score":184,"play_id":"c5f8530f-96c4-4815-bcdc-23f64672a221","local_time":"20190224162050","is_ascension_mode":false,"campfire_choices":[{"data":"Noxious Fumes","floor":13.0,"key":"SMITH"},{"floor":15.0,"key":"REST"}],"neow_cost":"NONE","seed_source_timestamp":771567604805080,"circlet_count":0,"master_deck":["Defend_G","Defend_G","Defend_G","Defend_G","Defend_G","Strike_G","Strike_G","Strike_G","Strike_G","Strike_G","Survivor","Neutralize","Doppelganger","Slice","Terror","Poisoned Stab","Noxious Fumes+1","Dash","Backstab","Calculated Gamble","Deflect","Deflect","Slice","Deadly Poison","Parasite","Wraith Form v2","Malaise","Bane","Bane","Deflect","Finesse","Panache","Catalyst+1"],"special_seed":0,"relics":["Ring of the Snake"],"potions_floor_usage":[19,21,21],"damage_taken":[{"damage":2.0,"enemies":"Small Slimes","floor":1.0,"turns":4.0},{"damage":1.0,"enemies":"2 Louse","floor":2.0,"turns":2.0},{"damage":0.0,"enemies":"Cultist","floor":3.0,"turns":3.0},{"damage":12.0,"enemies":"Blue Slaver","floor":4.0,"turns":4.0},{"damage":5.0,"enemies":"Large Slime","floor":5.0,"turns":7.0},{"damage":11.0,"enemies":"Gremlin Gang","floor":6.0,"turns":6.0},{"damage":2.0,"enemies":"Exordium Thugs","floor":7.0,"turns":4.0},{"damage":11.0,"enemies":"Large Slime","floor":8.0,"turns":6.0},{"damage":4.0,"enemies":"Blue Slaver","floor":14.0,"turns":3.0},{"damage":16.0,"enemies":"The Guardian","floor":16.0,"turns":10.0},{"damage":12,"enemies":"Spheric Guardian","floor":18,"turns":6},{"damage":8,"enemies":"2 Thieves","floor":19,"turns":5},{"damage":29,"enemies":"Snecko","floor":21,"turns":9},{"damage":24,"enemies":"Chosen and Byrds","floor":22,"turns":8}],"seed_played":"613574147644748170","potions_obtained":[{"floor":2.0,"key":"Energy Potion"},{"floor":5.0,"key":"GhostInAJar"},{"floor":7.0,"key":"SteroidPotion"},{"floor":8.0,"key":"SpeedPotion"},{"floor":19,"key":"Poison Potion"}],"is_trial":false,"path_per_floor":["M","M","M","M","M","M","M","M","T","$","?","?","R","M","R","B",null,"M","M","$","M","M"],"character_chosen":"THE_SILENT","items_purchased":["Deflect","Slice","Deadly Poison","Deflect","Finesse","Panache"],"campfire_rested":1,"item_purchase_floors":[10,10,10,20,20,20],"current_hp_per_floor":[68,67,67,55,50,39,37,26,26,26,43,43,43,39,60,44,70,58,50,50,21,0],"gold":31,"neow_bonus":"ONE_RANDOM_RARE_CARD","is_prod":false,"is_daily":false,"chose_seed":false,"campfire_upgraded":1,"win_rate":0,"timestamp":1551050450,"path_taken":["M","M","M","M","M","M","M","M","T","$","?","?","R","M","R","BOSS","M","M","$","M","M"],"build_version":"2019-01-23","purchased_purges":0,"victory":false,"max_hp_per_floor":[70,70,70,70,70,70,70,70,70,70,70,70,70,70,70,70,70,70,70,70,70,70],"card_choices":[{"not_picked":["Flying Knee","Bane"],"picked":"Slice","floor":1.0},{"not_picked":["Dagger Spray","Burst"],"picked":"Terror","floor":2.0},{"not_picked":["Acrobatics","Deadly Poison"],"picked":"Poisoned Stab","floor":3.0},{"not_picked":["Backflip","Dodge and Roll"],"picked":"Noxious Fumes","floor":4.0},{"not_picked":["Acrobatics","Setup"],"picked":"Dash","floor":5.0},{"not_picked":["Quick Slash","Masterful Stab"],"picked":"Backstab","floor":6.0},{"not_picked":["Dagger Throw","Flechettes"],"picked":"Calculated Gamble","floor":7.0},{"not_picked":["Flying Knee","Underhanded Strike"],"picked":"Deflect","floor":8.0},{"not_picked":["All Out Attack","Cloak And Dagger"],"picked":"Wraith Form v2","floor":14.0},{"not_picked":["Phantasmal Killer","Burst"],"picked":"Malaise","floor":16.0},{"not_picked":["Slice","Masterful Stab+1"],"picked":"Bane","floor":18},{"not_picked":["Flying Knee","Finisher"],"picked":"Bane","floor":19},{"not_picked":["Bane+1","Cloak And Dagger"],"picked":"Catalyst+1","floor":21}],"player_experience":1593495,"relics_obtained":[],"event_choices":[{"damage_healed":17.0,"max_hp_gain":0.0,"max_hp_loss":0.0,"gold_gain":0.0,"event_name":"Mushrooms","player_choice":"Healed and dodged fight","floor":11.0,"gold_loss":0.0,"damage_taken":0.0,"cards_obtained":["Parasite"]},{"damage_healed":0.0,"max_hp_gain":0.0,"max_hp_loss":0.0,"gold_gain":100.0,"event_name":"Golden Shrine","player_choice":"Pray","floor":12.0,"gold_loss":0.0,"damage_taken":0.0}],"is_beta":false,"boss_relics":[{"not_picked":["Calling Bell","WristBlade","HoveringKite"]}],"items_purged_floors":[],"is_endless":false,"potions_floor_spawned":[2,5,7,8,19],"killed_by":"Chosen and Byrds","ascension_level":0}