{"gold_per_floor":[112,112,125,125,140,140,174,174,199,218,235,253,253,281,281,378,378,396,413,431,449,465,465,500,500],"floor_reached":25,"playtime":1347,"items_purged":[],"score":273,"play_id":"0b007076-4a76-4621-8f99-9f5510cc9596","local_time":"20180912004226","is_ascension_mode":true,"campfire_choices":[{"data":"Blade Dance","floor":6,"key":"SMITH"},{"data":"Cloak And Dagger","floor":8,"key":"SMITH"},{"floor":15,"key":"REST"},{"floor":23,"key":"REST"}],"neow_cost":"NONE","seed_source_timestamp":537353581784814,"circlet_count":0,"master_deck":["Defend_G","Defend_G","Defend_G","Defend_G","Strike_G+1","Strike_G+1","Strike_G","Survivor","Neutralize","Prepared","Finisher","Blade Dance+1","Dash","Cloak And Dagger+1","Acrobatics","Backstab","Accuracy","Concentrate","Footwork","After Image","Infinite Blades","Dodge and Roll","Underhanded Strike","Accuracy","Noxious Fumes+1","Terror+1"],"relics":["Ring of the Snake","FaceOfCleric","Bronze Scales","Whetstone","Happy Flower","Eternal Feather","Dodecahedron"],"potions_floor_usage":[7,11,16,20,24,25],"damage_taken":[{"damage":3,"enemies":"Cultist","floor":1,"turns":5},{"damage":3,"enemies":"Jaw Worm","floor":3,"turns":5},{"damage":0,"enemies":"2 Louse","floor":5,"turns":2},{"damage":20,"enemies":"3 Sentries","floor":7,"turns":7},{"damage":4,"enemies":"Large Slime","floor":10,"turns":3},{"damage":5,"enemies":"Gremlin Gang","floor":11,"turns":3},{"damage":0,"enemies":"2 Fungi Beasts","floor":12,"turns":2},{"damage":26,"enemies":"Lagavulin","floor":14,"turns":6},{"damage":10,"enemies":"Hexaghost","floor":16,"turns":9},{"damage":12,"enemies":"2 Thieves","floor":18,"turns":4},{"damage":10,"enemies":"Spheric Guardian","floor":19,"turns":5},{"damage":13,"enemies":"Chosen and Byrds","floor":20,"turns":6},{"damage":18,"enemies":"Sentry and Sphere","floor":21,"turns":7},{"damage":12,"enemies":"Centurion and Healer","floor":22,"turns":8},{"damage":37,"enemies":"Gremlin Leader","floor":24,"turns":7},{"damage":26,"enemies":"Snake Plant","floor":25,"turns":4}],"seed_played":"-7183234712122374463","potions_obtained":[{"floor":1,"key":"GamblersBrew"},{"floor":3,"key":"SkillPotion"},{"floor":10,"key":"Energy Potion"},{"floor":18,"key":"GamblersBrew"},{"floor":21,"key":"SkillPotion"},{"floor":24,"key":"EssenceOfSteel"}],"is_trial":false,"path_per_floor":["M","?","M","?","M","R","E","R","T","M","M","M","?","E","R","B",null,"M","M","M","M","M","R","E"],"character_chosen":"THE_SILENT","items_purchased":[],"campfire_rested":2,"item_purchase_floors":[],"current_hp_per_floor":[67,67,64,64,65,65,46,46,46,43,39,40,40,15,37,28,77,66,57,45,28,17,56,20,0],"gold":500,"neow_bonus":"TRANSFORM_CARD","is_prod":false,"is_daily":false,"chose_seed":false,"campfire_upgraded":2,"win_rate":0,"timestamp":1536734546,"path_taken":["M","?","M","?","M","R","E","R","T","M","M","M","?","E","R","BOSS","M","M","M","M","?","R","E","M"],"build_version":"2018-09-06","purchased_purges":0,"victory":false,"max_hp_per_floor":[70,70,70,70,71,71,72,72,72,73,74,75,75,76,76,77,77,78,79,80,81,82,82,83,83],"card_choices":[{"not_picked":["Outmaneuver","Poisoned Stab"],"picked":"Finisher","floor":1},{"not_picked":["Underhanded Strike","Setup"],"picked":"Blade Dance","floor":3},{"not_picked":["Deflect","Quick Slash"],"picked":"Dash","floor":5},{"not_picked":["Wraith Form v2","Sucker Punch"],"picked":"Cloak And Dagger","floor":7},{"not_picked":["Underhanded Strike","Poisoned Stab"],"picked":"Acrobatics","floor":10},{"not_picked":["Infinite Blades","Dagger Spray"],"picked":"Backstab","floor":11},{"not_picked":["Setup","Heel Hook"],"picked":"Accuracy","floor":12},{"not_picked":["Envenom","Outmaneuver"],"picked":"Footwork","floor":14},{"not_picked":["Wraith Form v2","Venomology"],"picked":"After Image","floor":16},{"not_picked":["Bane","Poisoned Stab"],"picked":"Infinite Blades","floor":18},{"not_picked":["Deadly Poison","Flying Knee"],"picked":"Dodge and Roll","floor":19},{"not_picked":["Flying Knee","PiercingWail"],"picked":"Underhanded Strike","floor":20},{"not_picked":["Eviscerate","Terror+1"],"picked":"Accuracy","floor":21},{"not_picked":["Deadly Poison","Bane"],"picked":"Noxious Fumes+1","floor":22},{"not_picked":["Phantasmal Killer","Skewer"],"picked":"Terror+1","floor":24}],"player_experience":506044,"relics_obtained":[{"floor":7,"key":"Bronze Scales"},{"floor":9,"key":"Whetstone"},{"floor":14,"key":"Happy Flower"},{"floor":24,"key":"Dodecahedron"}],"event_choices":[{"event_name":"Purifier","player_choice":"One Purge","floor":2,"damage_taken":0},{"event_name":"FaceTrader","player_choice":"Trade","floor":4,"damage_taken":0},{"event_name":"Living Wall","player_choice":"Change","floor":13,"damage_taken":0}],"is_beta":false,"boss_relics":[{"not_picked":["Orrery","Calling Bell"],"picked":"Eternal Feather"}],"items_purged_floors":[],"is_endless":false,"potions_floor_spawned":[1,3,10,18,21,24],"killed_by":"Snake Plant","ascension_level":3}