{"gold_per_floor":[114,114,138,138,115,135,148,163,244,307,322,34,109,128,128,128],"floor_reached":16,"playtime":1053,"items_purged":[],"score":92,"play_id":"36c8bd8d-87e4-426b-96c0-58a335058b04","local_time":"20180804012342","is_ascension_mode":false,"campfire_choices":[{"floor":15,"key":"REST"}],"neow_cost":"","seed_source_timestamp":228542936514546,"circlet_count":0,"master_deck":["Strike_B+1","Strike_B","Strike_B","Defend_B","Defend_B","Defend_B","Defend_B","Zap+1","Dualcast","Capacitor","Echo Form","Redo","Compile Driver","Rebound","Ball Lightning","Defragment","Barrage","Genetic Algorithm","Glacier"],"relics":["Cracked Core","Pen Nib","Blue Candle","Torii","Runic Capacitor"],"potions_floor_usage":[],"damage_taken":[{"damage":0,"enemies":"Cultist","floor":1,"turns":3},{"damage":2,"enemies":"2 Louse","floor":6,"turns":2},{"damage":1,"enemies":"Jaw Worm","floor":7,"turns":4},{"damage":15,"enemies":"Exordium Wildlife","floor":8,"turns":3},{"damage":9,"enemies":"3 Sentries","floor":10,"turns":5},{"damage":2,"enemies":"Looter","floor":11,"turns":3},{"damage":14,"enemies":"Blue Slaver","floor":14,"turns":3},{"damage":28,"enemies":"The Guardian","floor":16,"turns":6}],"seed_played":"-4298170302322465286","potions_obtained":[{"floor":1,"key":"Energy Potion"},{"floor":7,"key":"FearPotion"},{"floor":10,"key":"Ancient Potion"}],"is_trial":false,"path_per_floor":["M","?","T","?","$","M","M","M","T","?","M","$","?","M","R"],"character_chosen":"DEFECT","items_purchased":["Redo","Runic Capacitor","Genetic Algorithm"],"campfire_rested":1,"item_purchase_floors":[5,12,12],"current_hp_per_floor":[75,60,60,60,60,58,57,42,42,33,31,31,20,6,28,0],"gold":128,"neow_bonus":"","is_prod":false,"is_daily":false,"chose_seed":false,"campfire_upgraded":0,"win_rate":0,"timestamp":1533367422,"path_taken":["M","?","?","?","$","M","M","M","T","?","M","$","?","?","R","BOSS"],"build_version":"2018-08-02","purchased_purges":0,"victory":false,"max_hp_per_floor":[75,75,75,75,75,75,75,75,75,75,75,75,75,75,75,75],"card_choices":[{"not_picked":["Static Discharge","Compile Driver"],"picked":"Capacitor","floor":1},{"not_picked":["Steam","Leap"],"picked":"Compile Driver","floor":6},{"not_picked":["Stack","Barrage"],"picked":"Rebound","floor":7},{"not_picked":["Go for the Eyes","Double Energy"],"picked":"Ball Lightning","floor":8},{"not_picked":["Hologram","Rebound"],"picked":"Defragment","floor":10},{"not_picked":["Gash","Sweeping Beam"],"picked":"Barrage","floor":11},{"not_picked":["Go for the Eyes","Barrage"],"picked":"Glacier","floor":14}],"player_experience":173834,"relics_obtained":[{"floor":3,"key":"Pen Nib"},{"floor":9,"key":"Blue Candle"}],"event_choices":[{"event_name":"Shining Light","player_choice":"Entered Light","floor":2,"damage_taken":0},{"event_name":"Living Wall","player_choice":"Change","floor":4,"damage_taken":0},{"event_name":"Dead Adventurer","player_choice":"Searched \u00273\u0027 times","floor":10,"damage_taken":0},{"event_name":"World of Goop","player_choice":"Gather Gold","floor":13,"damage_taken":0}],"is_beta":false,"boss_relics":[],"items_purged_floors":[],"is_endless":false,"potions_floor_spawned":[1,7,10],"killed_by":"The Guardian","ascension_level":0}