{"gold_per_floor":[113,131,131,156,173,173,188,207,207,242,167,193,205,205,205,205],"floor_reached":16,"playtime":821,"items_purged":["Strike_B"],"score":157,"play_id":"41bc64a9-de0f-4794-9442-2acb11acd056","local_time":"20190325005607","is_ascension_mode":true,"campfire_choices":[{"data":"Loop","floor":6,"key":"SMITH"},{"data":"White Noise","floor":15,"key":"SMITH"}],"neow_cost":"NONE","seed_source_timestamp":782861174349116,"circlet_count":0,"master_deck":["Strike_B","Strike_B","Strike_B","Defend_B","Defend_B","Defend_B","Defend_B","Zap+1","Dualcast","Cold Snap","Loop+1","Auto Shields","Cold Snap","Genetic Algorithm","Coolheaded","White Noise+1"],"relics":["Cracked Core","Darkstone Periapt","Dream Catcher","Dodecahedron"],"potions_floor_usage":[16,16],"damage_taken":[{"damage":5,"enemies":"Small Slimes","floor":1,"turns":3},{"damage":2,"enemies":"Jaw Worm","floor":2,"turns":3},{"damage":0,"enemies":"Cultist","floor":5,"turns":3},{"damage":1,"enemies":"2 Fungi Beasts","floor":7,"turns":4},{"damage":4,"enemies":"Looter","floor":8,"turns":3},{"damage":14,"enemies":"3 Sentries","floor":10,"turns":9},{"damage":18,"enemies":"Lagavulin","floor":12,"turns":10},{"damage":5,"enemies":"Exordium Wildlife","floor":13,"turns":3},{"damage":53,"enemies":"The Guardian","floor":16,"turns":12}],"seed_played":"-1445368830741498739","potions_obtained":[{"floor":5,"key":"AttackPotion"},{"floor":7,"key":"EssenceOfSteel"},{"floor":8,"key":"Weak Potion"},{"floor":10,"key":"Dexterity Potion"}],"is_trial":false,"path_per_floor":["?","T","M","?"],"character_chosen":"DEFECT","items_purchased":[],"campfire_rested":0,"item_purchase_floors":[],"current_hp_per_floor":[70,68,68,68,68,68,67,63,63,49,49,31,26,53,53,0],"gold":205,"neow_bonus":"TEN_PERCENT_HP_BONUS","is_prod":false,"is_daily":false,"chose_seed":false,"campfire_upgraded":2,"win_rate":0,"timestamp":1553489767,"path_taken":["M","M","?","?","M","R","?","M","T","E","$","E","M","?","R","BOSS"],"build_version":"2019-01-23","purchased_purges":1,"victory":false,"max_hp_per_floor":[82,82,82,82,82,82,82,82,82,82,82,82,82,82,82,82],"card_choices":[{"not_picked":["Undo","Coolheaded"],"picked":"Cold Snap","floor":1},{"not_picked":["Heatsinks","Gash"],"picked":"Loop","floor":2},{"not_picked":["Chaos","Beam Cell"],"picked":"Auto Shields","floor":5},{"not_picked":["Auto Shields","Aggregate"],"picked":"Cold Snap","floor":7},{"not_picked":["Rainbow","Cold Snap"],"picked":"Genetic Algorithm","floor":8},{"not_picked":["Hello World","Beam Cell","Chaos"],"picked":"SKIP","floor":10},{"not_picked":["Streamline","Turbo"],"picked":"Coolheaded","floor":12},{"not_picked":["Scrape","Heatsinks"],"picked":"White Noise","floor":13}],"player_experience":978860,"relics_obtained":[{"floor":9,"key":"Darkstone Periapt"},{"floor":10,"key":"Dream Catcher"},{"floor":12,"key":"Dodecahedron"}],"event_choices":[{"damage_healed":0,"gold_gain":0,"player_choice":"Grow","damage_taken":0,"max_hp_gain":0,"max_hp_loss":0,"event_name":"Living Wall","floor":3,"gold_loss":0,"cards_upgraded":["Zap"]},{"damage_healed":27,"gold_gain":0,"player_choice":"Banana","damage_taken":0,"max_hp_gain":0,"max_hp_loss":0,"event_name":"Big Fish","floor":14,"gold_loss":0}],"is_beta":false,"boss_relics":[],"items_purged_floors":[11],"is_endless":false,"potions_floor_spawned":[5,7,8,10],"killed_by":"The Guardian","ascension_level":8}