{"gold_per_floor":[116,81,81,81,181,193,193,210,210,210,272,282,310,321,321,321],"floor_reached":16,"playtime":555,"items_purged":[],"score":143,"play_id":"8592205f-3ecb-41c6-a127-f388b9934178","local_time":"20181027144752","is_ascension_mode":true,"campfire_choices":[{"data":"Perfected Strike","floor":7,"key":"SMITH"},{"data":"True Grit","floor":10,"key":"SMITH"},{"floor":15,"key":"REST"}],"neow_cost":"NONE","seed_source_timestamp":1458412072231720,"circlet_count":0,"master_deck":["Strike_R","Strike_R","Strike_R","Strike_R","Strike_R","Defend_R","Defend_R","Defend_R","Defend_R","Bash","True Grit+1","Perfected Strike+1","Armaments+1","Flex+1","Twin Strike","Perfected Strike"],"relics":["Burning Blood","Toxic Egg 2","Bottled Flame","Tiny Chest","Darkstone Periapt"],"potions_floor_usage":[11,13,16],"damage_taken":[{"damage":12,"enemies":"Small Slimes","floor":1,"turns":5},{"damage":8,"enemies":"Jaw Worm","floor":6,"turns":4},{"damage":0,"enemies":"Cultist","floor":8,"turns":2},{"damage":11,"enemies":"Gremlin Nob","floor":11,"turns":4},{"damage":1,"enemies":"Exordium Thugs","floor":12,"turns":4},{"damage":25,"enemies":"3 Sentries","floor":13,"turns":5},{"damage":4,"enemies":"2 Fungi Beasts","floor":14,"turns":2},{"damage":88,"enemies":"The Guardian","floor":16,"turns":14}],"seed_played":"-520529013460376897","potions_obtained":[{"floor":6,"key":"SkillPotion"},{"floor":12,"key":"Explosive Potion"},{"floor":13,"key":"SkillPotion"}],"is_trial":false,"path_per_floor":["M","?","?","?","?","M","R","M","T","R","E","M","E","M","R"],"character_chosen":"IRONCLAD","items_purchased":[],"campfire_rested":1,"item_purchase_floors":[],"current_hp_per_floor":[66,80,90,72,72,70,70,76,76,76,71,76,57,59,86,0],"gold":321,"neow_bonus":"ONE_RANDOM_RARE_CARD","is_prod":false,"is_daily":false,"chose_seed":false,"campfire_upgraded":2,"win_rate":0,"timestamp":1540673272,"path_taken":["M","?","?","?","?","M","R","M","T","R","E","?","E","M","R","BOSS"],"build_version":"2018-10-25v2","purchased_purges":0,"victory":false,"max_hp_per_floor":[80,80,90,90,90,90,90,90,90,90,90,90,90,90,90,90],"card_choices":[{"not_picked":["Pummel","Headbutt"],"picked":"True Grit","floor":1},{"not_picked":["Seeing Red+1","Headbutt"],"picked":"Perfected Strike","floor":6},{"not_picked":["Combust","Warcry+1"],"picked":"Armaments+1","floor":8},{"not_picked":["Clash","Cleave","Warcry+1"],"picked":"SKIP","floor":11},{"not_picked":["Infernal Blade+1","Thunderclap"],"picked":"Flex+1","floor":12},{"not_picked":["Impervious+1","Dual Wield+1"],"picked":"Twin Strike","floor":13},{"not_picked":["Havoc+1","Clash"],"picked":"Perfected Strike","floor":14}],"player_experience":905476,"relics_obtained":[{"floor":9,"key":"Bottled Flame"},{"floor":11,"key":"Tiny Chest"},{"floor":13,"key":"Darkstone Periapt"}],"event_choices":[{"damage_healed":20,"gold_gain":0,"player_choice":"Healed","damage_taken":0,"max_hp_gain":0,"max_hp_loss":0,"event_name":"The Cleric","floor":2,"gold_loss":35},{"cards_removed":["Berserk"],"damage_healed":0,"gold_gain":0,"player_choice":"Offered Rare","damage_taken":0,"max_hp_gain":10,"max_hp_loss":0,"event_name":"Bonfire Elementals","floor":3,"gold_loss":0},{"damage_healed":0,"gold_gain":0,"player_choice":"Success","damage_taken":18,"relics_obtained":["Toxic Egg 2"],"max_hp_gain":0,"max_hp_loss":0,"event_name":"Scrap Ooze","floor":4,"gold_loss":0},{"damage_healed":0,"gold_gain":100,"player_choice":"Gold","damage_taken":0,"max_hp_gain":0,"max_hp_loss":0,"event_name":"Wheel of Change","floor":5,"gold_loss":0}],"is_beta":false,"boss_relics":[],"items_purged_floors":[],"is_endless":false,"potions_floor_spawned":[6,12,13],"killed_by":"The Guardian","ascension_level":6}