{"gold_per_floor":[117,117,117,134,146,178,188,188,188,199,199,199,219,252,252,353,353,369,369,369,99,116,174,174,192,192,204,217,39,52,71,71,172,172,192,246,256,4,4],"floor_reached":39,"playtime":1498,"items_purged":["Regret"],"score":527,"play_id":"17402543-0c4d-42d3-8f9b-f2436e541de3","local_time":"20180825134805","is_ascension_mode":true,"campfire_choices":[{"floor":8,"key":"REST"},{"data":"Seeing Red","floor":12,"key":"SMITH"},{"data":"Infernal Blade","floor":15,"key":"SMITH"},{"data":"Armaments","floor":24,"key":"SMITH"},{"floor":32,"key":"REST"}],"neow_cost":"NONE","seed_source_timestamp":735179323181984,"circlet_count":0,"master_deck":["Strike_R","Strike_R","Strike_R","Strike_R","Defend_R","Defend_R","Defend_R","Defend_R","Bash","Metallicize","Seeing Red+1","Inflame","Twin Strike","Shrug It Off","Sword Boomerang","Bludgeon","Bash","Finesse","Infernal Blade+1","Spot Weakness","Immolate","Armaments+1","Flex","Anger","Shrug It Off+1","Flex","Iron Wave","Metallicize+1","Flex","Heavy Blade","Sword Boomerang","Limit Break","Double Tap","Spot Weakness+1","Armaments+1","Inflame","Cleave"],"relics":["Black Blood","NlothsMask","Bag of Marbles","Mango","Lantern","Matryoshka","Bronze Scales","Tiny Chest","Art of War","Bottled Lightning","Vajra","White Beast Statue","Strawberry","Omamori","Blood Vial"],"potions_floor_usage":[6,14,22,23,30,31,31,37],"damage_taken":[{"damage":15,"enemies":"Jaw Worm","floor":1,"turns":4},{"damage":12,"enemies":"Cultist","floor":4,"turns":4},{"damage":4,"enemies":"2 Louse","floor":5,"turns":2},{"damage":40,"enemies":"Lagavulin","floor":6,"turns":7},{"damage":8,"enemies":"Looter","floor":7,"turns":2},{"damage":5,"enemies":"Blue Slaver","floor":10,"turns":2},{"damage":11,"enemies":"Gremlin Gang","floor":13,"turns":4},{"damage":4,"enemies":"Gremlin Nob","floor":14,"turns":3},{"damage":39,"enemies":"The Guardian","floor":16,"turns":11},{"damage":9,"enemies":"Spheric Guardian","floor":18,"turns":3},{"damage":4,"enemies":"Chosen","floor":22,"turns":3},{"damage":41,"enemies":"Slavers","floor":23,"turns":6},{"damage":0,"enemies":"Snake Plant","floor":25,"turns":2},{"damage":10,"enemies":"Centurion and Healer","floor":27,"turns":6},{"damage":15,"enemies":"Shelled Parasite and Fungi","floor":28,"turns":2},{"damage":30,"enemies":"Snecko","floor":30,"turns":4},{"damage":21,"enemies":"Centurion and Healer","floor":31,"turns":3},{"damage":59,"enemies":"Collector","floor":33,"turns":8},{"damage":9,"enemies":"3 Shapes","floor":35,"turns":2},{"damage":43,"enemies":"3 Darklings","floor":37,"turns":5},{"damage":78,"enemies":"Spire Growth","floor":39,"turns":5}],"seed_played":"-536278204581940311","potions_obtained":[{"floor":1,"key":"FearPotion"},{"floor":4,"key":"AttackPotion"},{"floor":5,"key":"AttackPotion"},{"floor":13,"key":"SteroidPotion"},{"floor":18,"key":"Weak Potion"},{"floor":23,"key":"BloodPotion"},{"floor":27,"key":"GamblersBrew"},{"floor":30,"key":"PowerPotion"},{"floor":35,"key":"EssenceOfSteel"},{"floor":37,"key":"SteroidPotion"}],"is_trial":false,"path_per_floor":["M","?","?","M","M","E","M","R","T","M","?","R","M","E","R","B",null,"M","T","?","$","M","E","R","M","T","M","M","$","M","M","R","B",null,"M","T","M","$"],"character_chosen":"IRONCLAD","items_purchased":["Bronze Scales","Anger","Vajra","Heavy Blade","Blood Vial","Inflame","Cleave"],"campfire_rested":2,"item_purchase_floors":[21,21,29,29,38,38,38],"current_hp_per_floor":[71,71,71,65,67,47,45,73,73,74,74,74,69,71,71,38,94,94,94,94,94,94,63,63,73,73,73,68,68,57,46,74,25,94,94,101,68,68,0],"gold":4,"neow_bonus":"TRANSFORM_CARD","is_prod":false,"is_daily":false,"chose_seed":false,"campfire_upgraded":3,"win_rate":0,"timestamp":1535226485,"path_taken":["M","?","?","M","M","E","?","R","T","M","?","R","?","E","R","BOSS","M","?","?","$","M","E","R","M","T","M","?","$","M","M","R","BOSS","M","?","M","$","?"],"build_version":"2018-08-23v2","purchased_purges":1,"victory":false,"max_hp_per_floor":[80,80,80,80,80,94,94,94,94,94,94,94,94,94,94,94,94,94,94,94,94,94,94,94,94,94,94,94,94,94,94,94,94,94,94,101,101,101,101],"card_choices":[{"not_picked":["Combust","Evolve"],"picked":"Seeing Red","floor":1},{"not_picked":["Spot Weakness","Battle Trance"],"picked":"Inflame","floor":4},{"not_picked":["Body Slam","Perfected Strike"],"picked":"Twin Strike","floor":5},{"not_picked":["True Grit","Cleave"],"picked":"Shrug It Off","floor":6},{"not_picked":["Fire Breathing","Heavy Blade"],"picked":"Sword Boomerang","floor":7},{"not_picked":["True Grit","Clothesline"],"picked":"Bludgeon","floor":10},{"not_picked":["Havoc","Disarm"],"picked":"Infernal Blade","floor":13},{"not_picked":["Feel No Pain","Entrench"],"picked":"Spot Weakness","floor":14},{"not_picked":["Bludgeon","Exhume"],"picked":"Immolate","floor":16},{"not_picked":["Dual Wield","Headbutt"],"picked":"Armaments","floor":18},{"not_picked":["Clash+1","Heavy Blade+1"],"picked":"Shrug It Off+1","floor":22},{"not_picked":["Clash","Burning Pact"],"picked":"Flex","floor":23},{"not_picked":["Thunderclap","Body Slam"],"picked":"Iron Wave","floor":25},{"not_picked":["Offering","Thunderclap"],"picked":"Metallicize+1","floor":27},{"not_picked":["Entrench","Burning Pact"],"picked":"Flex","floor":28},{"not_picked":["Fire Breathing","Twin Strike"],"picked":"Sword Boomerang","floor":30},{"not_picked":["Thunderclap","Pommel Strike+1"],"picked":"Limit Break","floor":31},{"not_picked":["Fiend Fire","Dark Embrace"],"picked":"Double Tap","floor":33},{"not_picked":["Perfected Strike","Havoc"],"picked":"Spot Weakness+1","floor":35},{"not_picked":["Rage+1","Body Slam"],"picked":"Armaments+1","floor":37}],"player_experience":341471,"relics_obtained":[{"floor":6,"key":"Mango"},{"floor":14,"key":"Lantern"},{"floor":19,"key":"Matryoshka"},{"floor":23,"key":"Tiny Chest"},{"floor":26,"key":"Art of War"},{"floor":26,"key":"Bottled Lightning"},{"floor":36,"key":"Strawberry"},{"floor":36,"key":"Omamori"}],"event_choices":[{"event_name":"FaceTrader","player_choice":"Trade","floor":2,"damage_taken":0},{"event_name":"Big Fish","player_choice":"Box","floor":3,"damage_taken":0},{"event_name":"Match and Keep!","player_choice":"2 cards matched","floor":11,"damage_taken":0},{"event_name":"The Library","player_choice":"Read","floor":20,"damage_taken":0}],"is_beta":false,"boss_relics":[{"not_picked":["Runic Pyramid","Sozu"],"picked":"Black Blood"},{"not_picked":["Runic Dome","Cursed Key"],"picked":"White Beast Statue"}],"items_purged_floors":[21],"is_endless":false,"potions_floor_spawned":[1,4,5,13,18,23,27,30,35,37],"killed_by":"Spire Growth","ascension_level":3}