{"gold_per_floor":[110,110,110,110,129,129,204,204,204,218,218,218,218,261,261,390,390,409,324,324,84,99,99,143,143,143,176,106,106],"floor_reached":29,"playtime":2341,"items_purged":["Strike_B","Strike_B"],"score":406,"play_id":"19e307f0-a6e8-4075-8124-78f0a4d2407d","local_time":"20190102173356","is_ascension_mode":true,"campfire_choices":[{"floor":6,"key":"REST"},{"floor":8,"key":"REST"},{"data":"Redo","floor":12,"key":"SMITH"},{"data":"Leap","floor":15,"key":"SMITH"},{"data":"Redo","floor":23,"key":"SMITH"},{"floor":25,"key":"REST"}],"neow_cost":"NONE","seed_source_timestamp":165214877256568,"circlet_count":0,"master_deck":["Strike_B","Defend_B","Defend_B","Defend_B","Zap+1","Dualcast","Biased Cognition+1","Redo+1","Leap+1","Cold Snap","Coolheaded","Reboot","Redo+1","Defragment","Loop","Undo+1"],"relics":["Cracked Core","Golden Idol","Shuriken","Matryoshka","Inserter","Prayer Wheel","Membership Card","The Courier","Blood Vial","Thread and Needle","Gremlin Horn"],"potions_floor_usage":[16,27,27,29,29],"damage_taken":[{"damage":7,"enemies":"Jaw Worm","floor":1,"turns":3},{"damage":6,"enemies":"2 Louse","floor":5,"turns":2},{"damage":6,"enemies":"Cultist","floor":10,"turns":3},{"damage":0,"enemies":"Lagavulin","floor":14,"turns":6},{"damage":24,"enemies":"The Guardian","floor":16,"turns":13},{"damage":7,"enemies":"Chosen","floor":18,"turns":4},{"damage":2,"enemies":"Shell Parasite","floor":22,"turns":4},{"damage":45,"enemies":"Slavers","floor":24,"turns":7},{"damage":25,"enemies":"Gremlin Leader","floor":27,"turns":9},{"damage":10,"enemies":"Colosseum Slavers","floor":29,"turns":2}],"seed_played":"-5099446301040498636","potions_obtained":[{"floor":1,"key":"Explosive Potion"},{"floor":22,"key":"Strength Potion"},{"floor":24,"key":"Poison Potion"},{"floor":27,"key":"Fire Potion"}],"is_trial":false,"path_per_floor":["M","?","?","?","M","R","?","R","T","M","?","R","?","E","R","B",null,"M","?","?","$","M","R","E","R","T","E","$","?"],"character_chosen":"DEFECT","items_purchased":["Membership Card","PowerPotion"],"campfire_rested":3,"item_purchase_floors":[21,28],"current_hp_per_floor":[61,43,28,28,22,44,33,55,55,49,49,49,49,49,49,25,63,56,56,56,56,54,54,9,31,31,8,8,0],"gold":106,"neow_bonus":"ONE_RANDOM_RARE_CARD","is_prod":false,"is_daily":false,"chose_seed":false,"campfire_upgraded":3,"win_rate":0,"timestamp":1546468436,"path_taken":["M","?","?","?","?","R","?","R","T","M","?","R","?","E","R","BOSS","M","?","?","$","M","R","E","R","T","E","$","?"],"build_version":"2019-01-01v2","purchased_purges":2,"victory":false,"max_hp_per_floor":[75,75,75,75,75,75,75,75,75,75,75,75,75,75,75,75,75,75,75,75,75,75,75,75,75,75,75,75,75],"card_choices":[{"not_picked":["Recycle","Stack"],"picked":"Redo","floor":1},{"not_picked":["Rebound","Stack","Gash"],"picked":"SKIP","floor":5},{"not_picked":["Chaos","Auto Shields"],"picked":"Cold Snap","floor":10},{"not_picked":["Scrape","Rebound"],"picked":"Coolheaded","floor":14},{"not_picked":["Amplify","Core Surge"],"picked":"Reboot","floor":16},{"not_picked":["Go for the Eyes","Barrage","Streamline"],"picked":"SKIP","floor":18},{"not_picked":["Turbo","Rebound"],"picked":"Redo","floor":22},{"not_picked":["Steam","Conserve Battery"],"picked":"Defragment","floor":22},{"not_picked":["Aggregate","Steam Power"],"picked":"Loop","floor":24},{"not_picked":["Steam","Beam Cell"],"picked":"Undo+1","floor":27}],"player_experience":497396,"relics_obtained":[{"floor":9,"key":"Shuriken"},{"floor":14,"key":"Matryoshka"},{"floor":24,"key":"The Courier"},{"floor":26,"key":"Blood Vial"},{"floor":26,"key":"Thread and Needle"},{"floor":27,"key":"Gremlin Horn"}],"event_choices":[{"damage_healed":0,"gold_gain":0,"player_choice":"Take Damage","damage_taken":18,"relics_obtained":["Golden Idol"],"max_hp_gain":0,"max_hp_loss":0,"event_name":"Golden Idol","floor":2,"gold_loss":0},{"damage_healed":0,"gold_gain":0,"player_choice":"Entered Light","damage_taken":15,"max_hp_gain":0,"max_hp_loss":0,"event_name":"Shining Light","floor":3,"gold_loss":0,"cards_upgraded":["Zap","Biased Cognition"]},{"damage_healed":0,"gold_gain":0,"cards_transformed":["Strike_B"],"player_choice":"Transformed","damage_taken":0,"max_hp_gain":0,"max_hp_loss":0,"event_name":"Transmorgrifier","floor":4,"gold_loss":0,"cards_obtained":["Leap"]},{"damage_healed":0,"gold_gain":75,"player_choice":"Gather Gold","damage_taken":11,"max_hp_gain":0,"max_hp_loss":0,"event_name":"World of Goop","floor":7,"gold_loss":0},{"damage_healed":0,"gold_gain":0,"player_choice":"Searched \u00270\u0027 times","damage_taken":0,"max_hp_gain":0,"max_hp_loss":0,"event_name":"Dead Adventurer","floor":11,"gold_loss":0},{"cards_removed":["Defend_B"],"damage_healed":0,"gold_gain":0,"player_choice":"Forget","damage_taken":0,"max_hp_gain":0,"max_hp_loss":0,"event_name":"Living Wall","floor":13,"gold_loss":0},{"damage_healed":0,"gold_gain":0,"player_choice":"Obtained Relic","damage_taken":0,"relics_obtained":["Prayer Wheel"],"max_hp_gain":0,"max_hp_loss":0,"event_name":"Addict","floor":19,"gold_loss":85},{"damage_healed":0,"gold_gain":0,"player_choice":"Ignored","damage_taken":0,"max_hp_gain":0,"max_hp_loss":0,"event_name":"Beggar","floor":20,"gold_loss":0},{"damage_healed":0,"gold_gain":0,"player_choice":"Fight","damage_taken":0,"max_hp_gain":0,"max_hp_loss":0,"event_name":"Colosseum","floor":29,"gold_loss":0}],"is_beta":true,"boss_relics":[{"not_picked":["Nuclear Battery","Astrolabe"],"picked":"Inserter"}],"items_purged_floors":[21,28],"is_endless":false,"potions_floor_spawned":[1,22,24,27],"killed_by":"Colosseum Slavers","ascension_level":9}