{"gold_per_floor":[113,125,125,9,28,28,58,58,58,19,19,19,38,55,55,154,154,172,172],"floor_reached":19,"playtime":3317,"items_purged":["Strike_G"],"score":211,"play_id":"44ae16c2-e31e-4b53-9ad0-644ac06001f7","local_time":"20190405211441","is_ascension_mode":true,"campfire_choices":[{"data":"Skewer","floor":6,"key":"SMITH"},{"data":"Leg Sweep","floor":8,"key":"SMITH"},{"data":"Neutralize","floor":12,"key":"SMITH"},{"data":"Quick Slash","floor":15,"key":"SMITH"}],"neow_cost":"NONE","seed_source_timestamp":551578321637299,"circlet_count":0,"master_deck":["Defend_G","Defend_G","Defend_G","Defend_G","Defend_G","Strike_G","Strike_G","Strike_G","Survivor","Neutralize+1","Skewer+1","Leg Sweep+1","Cloak And Dagger","Flying Knee","Backflip","Quick Slash+1","Adrenaline","Backflip"],"relics":["Ring of the Snake","Gremlin Horn","The Courier","Sozu"],"potions_floor_usage":[0,2,7,7,7,19],"damage_taken":[{"damage":0,"enemies":"Cultist","floor":1,"turns":3},{"damage":0,"enemies":"2 Louse","floor":2,"turns":2},{"damage":0,"enemies":"Small Slimes","floor":5,"turns":3},{"damage":0,"enemies":"Gremlin Nob","floor":7,"turns":5},{"damage":0,"enemies":"Looter","floor":13,"turns":3},{"damage":11,"enemies":"Large Slime","floor":14,"turns":6},{"damage":16,"enemies":"The Guardian","floor":16,"turns":16},{"damage":6,"enemies":"Chosen","floor":18,"turns":6},{"damage":0,"enemies":"Colosseum Slavers","floor":19,"turns":5},{"damage":96,"enemies":"Colosseum Nobs","floor":19,"turns":6}],"seed_played":"3568174058407349247","potions_obtained":[{"floor":0,"key":"GhostInAJar"},{"floor":0,"key":"Fruit Juice"},{"floor":0,"key":"EssenceOfSteel"},{"floor":1,"key":"Explosive Potion"},{"floor":5,"key":"Strength Potion"},{"floor":14,"key":"SpeedPotion"}],"is_trial":false,"path_per_floor":["M","M","?","$","M","R","E","R","T","$","?","R","M","M","R","B",null,"M","?"],"character_chosen":"THE_SILENT","items_purchased":["Leg Sweep","Backflip"],"campfire_rested":0,"item_purchase_floors":[4,10],"current_hp_per_floor":[75,75,75,75,75,75,75,75,75,75,75,75,75,64,64,48,75,69,0],"gold":172,"neow_bonus":"THREE_SMALL_POTIONS","is_prod":false,"is_daily":false,"chose_seed":false,"campfire_upgraded":4,"win_rate":0,"timestamp":1554513281,"path_taken":["M","?","?","$","?","R","E","R","T","$","?","R","M","M","R","BOSS","M","?"],"build_version":"2019-01-23","purchased_purges":1,"victory":false,"max_hp_per_floor":[75,75,75,75,75,75,75,75,75,75,75,75,75,75,75,75,75,75,75],"card_choices":[{"not_picked":["Deflect","Crippling Poison","Slice"],"picked":"SKIP","floor":1},{"not_picked":["Cloak And Dagger","Blade Dance"],"picked":"Skewer","floor":2},{"not_picked":["Dodge and Roll","Distraction"],"picked":"Cloak And Dagger","floor":5},{"not_picked":["Deadly Poison","Expertise"],"picked":"Flying Knee","floor":7},{"not_picked":["Endless Agony","Deflect","Leg Sweep"],"picked":"SKIP","floor":13},{"not_picked":["Skewer","Dagger Spray"],"picked":"Quick Slash","floor":14},{"not_picked":["Night Terror","Unload"],"picked":"Adrenaline","floor":16},{"not_picked":["Deflect","Riddle With Holes"],"picked":"Backflip","floor":18}],"player_experience":155785,"relics_obtained":[{"floor":7,"key":"Gremlin Horn"},{"floor":9,"key":"The Courier"}],"event_choices":[{"cards_removed":["Strike_G"],"damage_healed":0,"gold_gain":0,"player_choice":"Purged","damage_taken":0,"max_hp_gain":0,"max_hp_loss":0,"event_name":"Purifier","floor":3,"gold_loss":0},{"damage_healed":0,"gold_gain":0,"player_choice":"Leave","damage_taken":0,"max_hp_gain":0,"max_hp_loss":0,"event_name":"The Cleric","floor":11,"gold_loss":0},{"damage_healed":0,"gold_gain":0,"player_choice":"Fight","damage_taken":0,"max_hp_gain":0,"max_hp_loss":0,"event_name":"Colosseum","floor":19,"gold_loss":0},{"damage_healed":0,"gold_gain":0,"player_choice":"Fought Nobs","damage_taken":0,"max_hp_gain":0,"max_hp_loss":0,"event_name":"Colosseum","floor":19,"gold_loss":0}],"is_beta":false,"boss_relics":[{"not_picked":["Velvet Choker","Astrolabe"],"picked":"Sozu"}],"items_purged_floors":[4],"is_endless":false,"potions_floor_spawned":[1,5,14],"killed_by":"Colosseum Nobs","ascension_level":2}