{"gold_per_floor":[118,118,118,130,130,160,160,187,239,239,164,189,201,229,241,332,344,375,387,424,436,460,507,519,562,574,621,75,100,118,118,118,196,196,209,228,65,111,11,11,39,39,62,62,93,93,106,138,138,138],"floor_reached":51,"playtime":2206,"items_purged":["Strike_R","Strike_R"],"score":1585,"play_id":"577ff9cc-8de5-45bb-bec5-4f2702d969cb","local_time":"20190401220300","is_ascension_mode":true,"campfire_choices":[{"data":"True Grit","floor":13.0,"key":"SMITH"},{"data":"Sword Boomerang","floor":15.0,"key":"SMITH"},{"data":"Fiend Fire","floor":24.0,"key":"SMITH"},{"data":"Shockwave","floor":32,"key":"SMITH"},{"data":"Demon Form","floor":40,"key":"SMITH"},{"data":"Battle Trance","floor":42,"key":"SMITH"},{"data":"Disarm","floor":44,"key":"SMITH"},{"data":"Offering","floor":49,"key":"SMITH"}],"neow_cost":"NONE","seed_source_timestamp":237151015276200,"circlet_count":0,"master_deck":["AscendersBane","Strike_R","Strike_R","Defend_R","Defend_R","Defend_R","Defend_R","Bash","Sword Boomerang+1","Anger","Ghostly Armor","Feed+1","True Grit+1","Reaper","Shockwave+1","Inflame","Fiend Fire+1","Disarm+1","Demon Form+1","Battle Trance+1","Disarm","Shrug It Off","Offering+1"],"special_seed":0,"relics":["Burning Blood","NeowsBlessing","Bag of Preparation","Shuriken","Boot","Centennial Puzzle","Potion Belt","MawBank","Velvet Choker","Mango","FossilizedHelix","Mercury Hourglass","Incense Burner","Sling","Question Card","Bronze Scales","Coffee Dripper","Bag of Marbles","Nunchaku","Frozen Egg 2","Orichalcum","Blood Vial"],"potions_floor_usage":[33,41,48,50],"damage_taken":[{"damage":0.0,"enemies":"Small Slimes","floor":1.0,"turns":1.0},{"damage":0.0,"enemies":"2 Louse","floor":4.0,"turns":1.0},{"damage":0.0,"enemies":"Gremlin Nob","floor":6.0,"turns":1.0},{"damage":20.0,"enemies":"Lagavulin","floor":8.0,"turns":5.0},{"damage":16.0,"enemies":"Gremlin Nob","floor":12.0,"turns":3.0},{"damage":1.0,"enemies":"Cultist","floor":14.0,"turns":3.0},{"damage":43.0,"enemies":"The Guardian","floor":16.0,"turns":18.0},{"damage":0.0,"enemies":"3 Byrds","floor":18.0,"turns":5.0},{"damage":21.0,"enemies":"Spheric Guardian","floor":20.0,"turns":4.0},{"damage":17.0,"enemies":"Centurion and Healer","floor":22.0,"turns":9.0},{"damage":66.0,"enemies":"Slavers","floor":23.0,"turns":7.0},{"damage":25.0,"enemies":"Book of Stabbing","floor":25.0,"turns":5.0},{"damage":35.0,"enemies":"Gremlin Leader","floor":27.0,"turns":8.0},{"damage":5.0,"enemies":"Slavers","floor":29.0,"turns":4.0},{"damage":10,"enemies":"Shelled Parasite and Fungi","floor":30,"turns":2},{"damage":39,"enemies":"Collector","floor":33,"turns":11},{"damage":21,"enemies":"3 Darklings","floor":35,"turns":3},{"damage":24,"enemies":"3 Shapes","floor":36,"turns":3},{"damage":18,"enemies":"2 Orb Walkers","floor":38,"turns":5},{"damage":5,"enemies":"Reptomancer","floor":41,"turns":3},{"damage":14,"enemies":"Nemesis","floor":45,"turns":3},{"damage":15,"enemies":"Sphere and 2 Shapes","floor":47,"turns":4},{"damage":0,"enemies":"Giant Head","floor":48,"turns":5},{"damage":95,"enemies":"Awakened One","floor":50,"turns":10}],"seed_played":"6634105637482720619","potions_obtained":[{"floor":4.0,"key":"SteroidPotion"},{"floor":14.0,"key":"BloodPotion"},{"floor":16.0,"key":"Regen Potion"},{"floor":22.0,"key":"FearPotion"},{"floor":23.0,"key":"FearPotion"},{"floor":25.0,"key":"LiquidBronze"},{"floor":29.0,"key":"PowerPotion"},{"floor":31,"key":"FearPotion"},{"floor":31,"key":"FearPotion"},{"floor":35,"key":"Energy Potion"},{"floor":45,"key":"Fire Potion"},{"floor":47,"key":"EssenceOfSteel"}],"is_trial":false,"path_per_floor":["M","$","?","M","$","E","?","E","T","?","?","E","R","M","R","B",null,"M","$","M","?","M","E","R","E","T","E","$","E","M","?","R","B",null,"M","M","$","?","$","R","E","R","T","R","E","$","M","E","R","B",null],"character_chosen":"IRONCLAD","items_purchased":["Sling","Question Card","Bag of Marbles"],"campfire_rested":0,"item_purchase_floors":[28,28,37],"current_hp_per_floor":[74,74,56,62,62,68,68,54,54,59,59,49,49,57,57,20,67,86,86,71,71,76,49,49,44,44,56,56,74,74,74,74,57,104,105,102,102,90,90,90,118,118,118,118,114,114,109,115,115,71],"gold":138,"neow_bonus":"THREE_ENEMY_KILL","is_prod":false,"is_daily":false,"chose_seed":false,"campfire_upgraded":8,"win_rate":0,"timestamp":1554181380,"path_taken":["M","$","?","M","$","E","?","E","T","?","?","E","R","M","R","BOSS","M","$","M","?","?","E","R","E","T","E","$","E","M","?","R","BOSS","M","?","$","?","$","R","E","R","T","R","E","?","M","E","R","BOSS"],"build_version":"2019-01-23","purchased_purges":2,"victory":true,"max_hp_per_floor":[75,75,75,75,75,75,75,75,75,80,80,80,80,83,83,83,83,86,86,86,86,90,108,108,108,108,108,108,112,116,116,116,120,120,120,120,120,120,120,120,120,120,120,120,124,124,128,128,128,128],"card_choices":[{"not_picked":["Clash","Clothesline"],"picked":"Sword Boomerang","floor":1.0},{"not_picked":["Perfected Strike","Clash"],"picked":"Anger","floor":4.0},{"not_picked":["Havoc","Thunderclap"],"picked":"Ghostly Armor","floor":6.0},{"not_picked":["Juggernaut","Wild Strike"],"picked":"Feed","floor":8.0},{"not_picked":["Double Tap","Thunderclap"],"picked":"True Grit","floor":12.0},{"not_picked":["Combust","Bloodletting","Burning Pact"],"picked":"SKIP","floor":14.0},{"not_picked":["Juggernaut","Demon Form"],"picked":"Reaper","floor":16.0},{"not_picked":["Rampage","Perfected Strike"],"picked":"Shockwave","floor":18.0},{"not_picked":["Heavy Blade","Flex","Clash"],"picked":"SKIP","floor":20.0},{"not_picked":["Iron Wave","True Grit+1"],"picked":"Inflame","floor":22.0},{"not_picked":["Pummel","Sword Boomerang"],"picked":"Fiend Fire","floor":23.0},{"not_picked":["Rage","Heavy Blade","Dropkick"],"picked":"SKIP","floor":25.0},{"not_picked":["Flex","Havoc+1"],"picked":"Disarm","floor":27.0},{"not_picked":["Cleave","Pommel Strike","Flex","Corruption"],"picked":"SKIP","floor":29.0},{"not_picked":["Blood for Blood+1","Fire Breathing","Perfected Strike+1","Cleave"],"picked":"SKIP","floor":30},{"not_picked":["Brutality","Dark Embrace","Bludgeon"],"picked":"Demon Form","floor":33},{"not_picked":["Sever Soul","Anger","Wild Strike+1","Iron Wave"],"picked":"SKIP","floor":35},{"not_picked":["Flex","Pommel Strike","Warcry","Dropkick"],"picked":"SKIP","floor":36},{"not_picked":["Bloodletting+1","Uppercut","Entrench+1"],"picked":"Battle Trance","floor":38},{"not_picked":["Fire Breathing","Clash","Body Slam+1","Entrench"],"picked":"SKIP","floor":41},{"not_picked":["Iron Wave+1","Anger+1","Heavy Blade"],"picked":"Disarm","floor":45},{"not_picked":["Combust+1","Anger","Armaments"],"picked":"Shrug It Off","floor":47},{"not_picked":["Burning Pact","Clash+1","Pommel Strike"],"picked":"Offering","floor":48}],"player_experience":469588,"relics_obtained":[{"floor":6.0,"key":"Shuriken"},{"floor":8.0,"key":"Centennial Puzzle"},{"floor":9.0,"key":"Potion Belt"},{"floor":12.0,"key":"MawBank"},{"floor":23.0,"key":"Mango"},{"floor":25.0,"key":"FossilizedHelix"},{"floor":26.0,"key":"Mercury Hourglass"},{"floor":27.0,"key":"Incense Burner"},{"floor":29.0,"key":"Bronze Scales"},{"floor":38,"key":"Nunchaku"},{"floor":41,"key":"Frozen Egg 2"},{"floor":45,"key":"Orichalcum"},{"floor":48,"key":"Blood Vial"}],"event_choices":[{"damage_healed":0.0,"max_hp_gain":0.0,"max_hp_loss":0.0,"gold_gain":0.0,"event_name":"Scrap Ooze","player_choice":"Success","floor":3.0,"gold_loss":0.0,"damage_taken":18.0,"relics_obtained":["Bag of Preparation"]},{"damage_healed":0.0,"max_hp_gain":0.0,"max_hp_loss":0.0,"gold_gain":0.0,"event_name":"Dead Adventurer","player_choice":"Searched \u00271\u0027 times","floor":7.0,"gold_loss":0.0,"damage_taken":0.0,"relics_obtained":["Boot"]},{"damage_healed":0.0,"max_hp_gain":5.0,"max_hp_loss":0.0,"gold_gain":0.0,"event_name":"Big Fish","player_choice":"Donut","floor":10.0,"gold_loss":0.0,"damage_taken":0.0},{"cards_removed":["Strike_R"],"damage_healed":0.0,"max_hp_gain":0.0,"max_hp_loss":0.0,"gold_gain":0.0,"event_name":"The Cleric","player_choice":"Card Removal","floor":11.0,"gold_loss":75.0,"damage_taken":0.0},{"damage_healed":0.0,"max_hp_gain":0.0,"max_hp_loss":0.0,"gold_gain":0.0,"event_name":"Accursed Blacksmith","player_choice":"Forge","floor":21.0,"gold_loss":0.0,"damage_taken":0.0,"cards_upgraded":["Feed"]},{"damage_healed":0,"gold_gain":0,"player_choice":"Got Potions","damage_taken":0,"max_hp_gain":0,"max_hp_loss":0,"event_name":"Lab","floor":31,"gold_loss":0},{"damage_healed":0,"gold_gain":0,"player_choice":"Fight","damage_taken":0,"max_hp_gain":0,"max_hp_loss":0,"event_name":"Mysterious Sphere","floor":38,"gold_loss":0}],"is_beta":false,"boss_relics":[{"not_picked":["Eternal Feather","Runic Pyramid"],"picked":"Velvet Choker"},{"not_picked":["Fusion Hammer","Lizard Tail"],"picked":"Coffee Dripper"}],"items_purged_floors":[28,39],"is_endless":false,"potions_floor_spawned":[4,14,16,22,23,25,29,35,45,47],"ascension_level":16}