{"gold_per_floor":[115,131,231,248,260,260,270,296,364,393,413,424,450,462,462,561,561,577,596,50,50,150,150,161,181,211,211,246,171,198,209,209,310,310,320,175,175,189,9,40,53,67,115,115,215,215,215,233,233,233,233,233,27,53,53],"floor_reached":56,"playtime":5205,"items_purged":["Strike_R+1"],"score":1834,"play_id":"7eda6e1d-7ab6-41cc-b791-dee8269c9c8d","local_time":"20190327205444","is_ascension_mode":true,"campfire_choices":[{"data":"Uppercut","floor":6,"key":"SMITH"},{"data":"Clothesline","floor":15,"key":"SMITH"},{"data":"Metallicize","floor":23,"key":"SMITH"},{"data":"Armaments","floor":27,"key":"SMITH"},{"data":"Battle Trance","floor":32,"key":"SMITH"},{"floor":44,"key":"RECALL"},{"floor":47,"key":"DIG"},{"floor":49,"key":"DIG"},{"floor":52,"key":"DIG"}],"neow_cost":"NONE","seed_source_timestamp":1023183953431133,"circlet_count":0,"master_deck":["Strike_R+1","Strike_R+1","Strike_R+1","Strike_R+1","Defend_R+1","Defend_R+1","Defend_R+1","Defend_R+1","Bash","Battle Trance+1","Uppercut+1","Pummel","Shrug It Off","Pummel","Dropkick","Reaper","Iron Wave","Clothesline+1","Offering","Headbutt+1","Iron Wave+1","Metallicize+1","Armaments+1","Armaments+1","Corruption+1","Limit Break","Heavy Blade+1","Madness","Madness","Whirlwind","Exhume","Inflame","True Grit+1","Shockwave","Sentinel","Madness","Flame Barrier"],"relics":["Burning Blood","War Paint","Blood Vial","Ginger","Red Skull","Snecko Eye","FossilizedHelix","PreservedInsect","Thread and Needle","Pear","Tiny Chest","Dead Branch","Bag of Preparation","Philosopher\u0027s Stone","Strawberry","Meat on the Bone","Regal Pillow","Shovel","Happy Flower","Bottled Tornado","Turnip","Letter Opener","Centennial Puzzle"],"potions_floor_usage":[14,16,30,55,55,55],"damage_taken":[{"damage":4,"enemies":"Jaw Worm","floor":1,"turns":4},{"damage":9,"enemies":"Cultist","floor":2,"turns":6},{"damage":0,"enemies":"2 Louse","floor":4,"turns":4},{"damage":10,"enemies":"Large Slime","floor":5,"turns":4},{"damage":5,"enemies":"2 Fungi Beasts","floor":7,"turns":4},{"damage":34,"enemies":"3 Sentries","floor":8,"turns":9},{"damage":24,"enemies":"Gremlin Nob","floor":10,"turns":4},{"damage":8,"enemies":"Looter","floor":11,"turns":4},{"damage":8,"enemies":"Blue Slaver","floor":12,"turns":3},{"damage":30,"enemies":"Lagavulin","floor":13,"turns":5},{"damage":0,"enemies":"Gremlin Gang","floor":14,"turns":3},{"damage":24,"enemies":"The Guardian","floor":16,"turns":13},{"damage":37,"enemies":"2 Thieves","floor":18,"turns":4},{"damage":2,"enemies":"3 Byrds","floor":19,"turns":6},{"damage":10,"enemies":"Colosseum Slavers","floor":22,"turns":4},{"damage":0,"enemies":"Colosseum Nobs","floor":22,"turns":4},{"damage":16,"enemies":"3 Cultists","floor":24,"turns":7},{"damage":0,"enemies":"Snake Plant","floor":25,"turns":3},{"damage":19,"enemies":"Slavers","floor":28,"turns":5},{"damage":13,"enemies":"Book of Stabbing","floor":30,"turns":5},{"damage":7,"enemies":"Chosen and Byrds","floor":31,"turns":6},{"damage":8,"enemies":"Champ","floor":33,"turns":5},{"damage":0,"enemies":"3 Shapes","floor":35,"turns":3},{"damage":0,"enemies":"3 Darklings","floor":38,"turns":5},{"damage":0,"enemies":"Giant Head","floor":40,"turns":5},{"damage":0,"enemies":"Sphere and 2 Shapes","floor":41,"turns":4},{"damage":0,"enemies":"Jaw Worm Horde","floor":42,"turns":3},{"damage":0,"enemies":"Mind Bloom Boss Battle","floor":45,"turns":3},{"damage":0,"enemies":"Maw","floor":48,"turns":2},{"damage":12,"enemies":"Donu and Deca","floor":50,"turns":4},{"damage":0,"enemies":"Shield and Spear","floor":54,"turns":1},{"damage":82,"enemies":"The Heart","floor":55,"turns":6}],"seed_played":"1662473824349464636","potions_obtained":[{"floor":4,"key":"Explosive Potion"},{"floor":5,"key":"SneckoOil"},{"floor":8,"key":"SkillPotion"},{"floor":14,"key":"BloodPotion"},{"floor":16,"key":"Block Potion"},{"floor":22,"key":"Strength Potion"},{"floor":40,"key":"PowerPotion"}],"is_trial":false,"path_per_floor":["?","?","?","?","?","?","T"],"character_chosen":"IRONCLAD","items_purchased":["FossilizedHelix","PreservedInsect","Metallicize","Strawberry","Exhume","Inflame","Sentinel","Madness"],"campfire_rested":0,"item_purchase_floors":[20,20,20,36,39,39,53,53],"current_hp_per_floor":[74,71,71,77,73,73,74,46,46,30,30,30,8,23,23,15,64,43,55,55,55,85,85,80,90,90,90,77,77,76,82,82,88,90,90,97,85,93,93,97,97,97,97,97,97,97,97,97,97,97,97,97,97,97,39],"gold":53,"neow_bonus":"RANDOM_COMMON_RELIC","is_prod":false,"is_daily":false,"chose_seed":false,"campfire_upgraded":5,"win_rate":0,"timestamp":1553734484,"path_taken":["M","M","?","M","M","R","M","E","T","E","M","M","E","M","R","BOSS","M","M","$","?","?","R","M","M","T","R","E","?","E","M","R","BOSS","M","$","?","M","$","E","M","M","T","R","?","?","R","M","R","BOSS","R","$","E","BOSS"],"build_version":"2019-01-23","purchased_purges":1,"victory":true,"max_hp_per_floor":[80,80,80,80,80,80,80,80,80,80,80,80,80,80,80,80,80,80,80,80,80,90,90,90,90,90,90,90,90,90,90,90,90,90,90,97,97,97,97,97,97,97,97,97,97,97,97,97,97,97,97,97,97,97,97],"card_choices":[{"not_picked":["Twin Strike","Body Slam"],"picked":"Battle Trance","floor":1},{"not_picked":["Clash","Sword Boomerang"],"picked":"Uppercut","floor":2},{"not_picked":["Perfected Strike","Heavy Blade"],"picked":"Wild Strike","floor":4},{"not_picked":["Wild Strike","Corruption"],"picked":"Pummel","floor":5},{"not_picked":["Body Slam","Anger"],"picked":"Shrug It Off","floor":7},{"not_picked":["Sword Boomerang","Sentinel","Wild Strike"],"picked":"SKIP","floor":8},{"not_picked":["Rupture","Dual Wield"],"picked":"Pummel","floor":10},{"not_picked":["Iron Wave","Wild Strike"],"picked":"Dropkick","floor":11},{"not_picked":["Iron Wave","Pommel Strike"],"picked":"Reaper","floor":12},{"not_picked":["Cleave","Sword Boomerang"],"picked":"Iron Wave","floor":13},{"not_picked":["Anger","Clash"],"picked":"Clothesline","floor":14},{"not_picked":["Brutality","Fiend Fire"],"picked":"Offering","floor":16},{"not_picked":["True Grit","Power Through"],"picked":"Headbutt+1","floor":18},{"not_picked":["Fire Breathing+1","Body Slam+1"],"picked":"Iron Wave+1","floor":19},{"not_picked":["Sentinel","Pummel","Wild Strike"],"picked":"SKIP","floor":24},{"not_picked":["Warcry","Entrench"],"picked":"Armaments","floor":25},{"not_picked":["Warcry","Shrug It Off"],"picked":"Armaments+1","floor":28},{"not_picked":["Offering","Cleave","Warcry"],"picked":"SKIP","floor":30},{"not_picked":["Clothesline","Rupture"],"picked":"Corruption+1","floor":31},{"not_picked":["Berserk","Offering"],"picked":"Limit Break","floor":33},{"not_picked":["Iron Wave","Pommel Strike+1"],"picked":"Heavy Blade+1","floor":35},{"not_picked":["Anger+1","Thunderclap"],"picked":"Whirlwind","floor":38},{"not_picked":["Heavy Blade+1","Fire Breathing+1"],"picked":"True Grit+1","floor":40},{"not_picked":["Armaments","Cleave","Headbutt+1"],"picked":"SKIP","floor":41},{"not_picked":["Wild Strike+1","Anger+1","Cleave+1"],"picked":"SKIP","floor":42},{"not_picked":["Sword Boomerang","Clothesline+1"],"picked":"Shockwave","floor":45},{"not_picked":["Flex","Berserk","Armaments"],"picked":"SKIP","floor":48},{"not_picked":["Armaments","Hemokinesis"],"picked":"Flame Barrier","floor":54}],"player_experience":1105448,"relics_obtained":[{"floor":8,"key":"Blood Vial"},{"floor":10,"key":"Ginger"},{"floor":13,"key":"Red Skull"},{"floor":22,"key":"Thread and Needle"},{"floor":22,"key":"Pear"},{"floor":26,"key":"Tiny Chest"},{"floor":28,"key":"Dead Branch"},{"floor":30,"key":"Bag of Preparation"},{"floor":40,"key":"Meat on the Bone"},{"floor":43,"key":"Regal Pillow"},{"floor":45,"key":"Shovel"},{"floor":46,"key":"Happy Flower"},{"floor":47,"key":"Bottled Tornado"},{"floor":49,"key":"Turnip"},{"floor":52,"key":"Letter Opener"},{"floor":54,"key":"Centennial Puzzle"}],"event_choices":[{"damage_healed":0,"gold_gain":100,"player_choice":"Pray","damage_taken":0,"max_hp_gain":0,"max_hp_loss":0,"event_name":"Golden Shrine","floor":3,"gold_loss":0},{"damage_healed":0,"gold_gain":0,"player_choice":"Simplicity","damage_taken":0,"max_hp_gain":0,"max_hp_loss":0,"event_name":"Back to Basics","floor":21,"gold_loss":0,"cards_upgraded":["Strike_R","Strike_R","Strike_R","Strike_R","Strike_R","Defend_R","Defend_R"]},{"damage_healed":0,"gold_gain":0,"player_choice":"Fight","damage_taken":0,"max_hp_gain":0,"max_hp_loss":0,"event_name":"Colosseum","floor":22,"gold_loss":0},{"damage_healed":0,"gold_gain":0,"player_choice":"Fought Nobs","damage_taken":0,"max_hp_gain":0,"max_hp_loss":0,"event_name":"Colosseum","floor":22,"gold_loss":0},{"cards_removed":["Wild Strike"],"damage_healed":0,"gold_gain":0,"player_choice":"Gave Gold","damage_taken":0,"max_hp_gain":0,"max_hp_loss":0,"event_name":"Beggar","floor":29,"gold_loss":75},{"damage_healed":0,"gold_gain":0,"player_choice":"Embrace Madness","damage_taken":12,"max_hp_gain":0,"max_hp_loss":0,"event_name":"Winding Halls","floor":37,"gold_loss":0,"cards_obtained":["Madness","Madness"]},{"damage_healed":0,"gold_gain":0,"player_choice":"Fight","damage_taken":0,"max_hp_gain":0,"max_hp_loss":0,"event_name":"MindBloom","floor":45,"gold_loss":0}],"is_beta":false,"boss_relics":[{"not_picked":["Black Blood","Lizard Tail"],"picked":"Snecko Eye"},{"not_picked":["Calling Bell","Runic Pyramid"],"picked":"Philosopher\u0027s Stone"}],"items_purged_floors":[53],"is_endless":false,"potions_floor_spawned":[4,5,8,14,16,22,22,25,28,40,45],"ascension_level":9}