{"gold_per_floor":[118,132,142,155,172,189,189,219,246,257,257,268,301,311,311,416,416,426,439,456,89,104,133,58,71,71,86,117,137,156,170,170,265,265,281,292,346,358,44,63,63,63,63,92,102,116,131,147,147,147,147,147,14,41,41],"floor_reached":55,"playtime":5521,"items_purged":["Dual Wield+1"],"score":792,"play_id":"9eb06093-454c-4873-842e-0a84e9f021d9","local_time":"20190317233419","is_ascension_mode":false,"campfire_choices":[{"data":"Dual Wield","floor":11,"key":"SMITH"},{"data":"Disarm","floor":15,"key":"SMITH"},{"data":"Inflame","floor":32,"key":"SMITH"},{"floor":42,"key":"RECALL"},{"data":"Inflame","floor":49,"key":"SMITH"},{"data":"Metallicize","floor":52,"key":"SMITH"}],"neow_cost":"NONE","seed_source_timestamp":168455845618220,"circlet_count":0,"master_deck":["Strike_R","Strike_R","Strike_R","Defend_R","Defend_R","Defend_R","Defend_R","Bash","Feed","Anger","Shrug It Off","Cleave","Anger","Battle Trance","Iron Wave","Disarm+1","Headbutt","Reaper","Shrug It Off+1","Feed","Metallicize+1","Inflame+1","Armaments+1","Feel No Pain+1","Offering","Exhume","Shockwave","Inflame+1","Flex+1","Evolve","Fire Breathing+1","Inflame+1","Inflame"],"relics":["Burning Blood","Magic Flower","PreservedInsect","Omamori","Black Star","Vajra","Pen Nib","Bag of Preparation","Blood Vial","Singing Bowl","Mummified Hand","Orrery","Turnip","Incense Burner","Question Card","Centennial Puzzle","Oddly Smooth Stone","Bronze Scales"],"potions_floor_usage":[8,18,18,23,29,33,37,55,55,55],"damage_taken":[{"damage":11,"enemies":"Jaw Worm","floor":1,"turns":6},{"damage":10,"enemies":"Cultist","floor":2,"turns":4},{"damage":0,"enemies":"Small Slimes","floor":3,"turns":3},{"damage":7,"enemies":"Exordium Wildlife","floor":4,"turns":5},{"damage":3,"enemies":"2 Fungi Beasts","floor":5,"turns":3},{"damage":5,"enemies":"Looter","floor":6,"turns":5},{"damage":26,"enemies":"3 Sentries","floor":8,"turns":6},{"damage":0,"enemies":"Large Slime","floor":10,"turns":4},{"damage":14,"enemies":"Exordium Thugs","floor":12,"turns":4},{"damage":23,"enemies":"Lagavulin","floor":13,"turns":6},{"damage":3,"enemies":"Looter","floor":14,"turns":4},{"damage":22,"enemies":"The Guardian","floor":16,"turns":17},{"damage":25,"enemies":"2 Thieves","floor":18,"turns":4},{"damage":34,"enemies":"Spheric Guardian","floor":19,"turns":5},{"damage":30,"enemies":"Centurion and Healer","floor":20,"turns":16},{"damage":24,"enemies":"Shelled Parasite and Fungi","floor":22,"turns":7},{"damage":37,"enemies":"Gremlin Leader","floor":23,"turns":8},{"damage":25,"enemies":"Snecko","floor":25,"turns":7},{"damage":7,"enemies":"Chosen and Byrds","floor":27,"turns":9},{"damage":49,"enemies":"Slavers","floor":28,"turns":7},{"damage":21,"enemies":"3 Cultists","floor":29,"turns":5},{"damage":30,"enemies":"Sentry and Sphere","floor":30,"turns":11},{"damage":16,"enemies":"Snake Plant","floor":31,"turns":6},{"damage":120,"enemies":"Automaton","floor":33,"turns":13},{"damage":32,"enemies":"Orb Walker","floor":35,"turns":7},{"damage":36,"enemies":"3 Darklings","floor":36,"turns":9},{"damage":95,"enemies":"2 Orb Walkers","floor":37,"turns":6},{"damage":10,"enemies":"Transient","floor":38,"turns":5},{"damage":19,"enemies":"Sphere and 2 Shapes","floor":40,"turns":3},{"damage":36,"enemies":"Giant Head","floor":44,"turns":7},{"damage":12,"enemies":"Writhing Mass","floor":45,"turns":6},{"damage":25,"enemies":"4 Shapes","floor":46,"turns":2},{"damage":36,"enemies":"Transient","floor":47,"turns":5},{"damage":36,"enemies":"Maw","floor":48,"turns":11},{"damage":81,"enemies":"Donu and Deca","floor":50,"turns":12},{"damage":66,"enemies":"Shield and Spear","floor":54,"turns":8},{"damage":180,"enemies":"The Heart","floor":55,"turns":9}],"seed_played":"3486963151543320140","potions_obtained":[{"floor":2,"key":"Explosive Potion"},{"floor":3,"key":"EssenceOfSteel"},{"floor":5,"key":"Fire Potion"},{"floor":10,"key":"SkillPotion"},{"floor":20,"key":"AttackPotion"},{"floor":22,"key":"Fire Potion"},{"floor":27,"key":"Explosive Potion"},{"floor":29,"key":"SkillPotion"},{"floor":35,"key":"BloodPotion"},{"floor":44,"key":"Block Potion"}],"is_trial":false,"path_per_floor":["?","M","?","?","?"],"character_chosen":"IRONCLAD","items_purchased":["Feed","Vajra","Incense Burner","Inflame","PowerPotion"],"campfire_rested":0,"item_purchase_floors":[21,21,39,53,53],"current_hp_per_floor":[78,77,86,88,94,98,98,81,81,95,95,95,86,92,92,84,113,107,87,82,82,85,77,77,77,77,103,79,105,99,111,111,22,182,173,185,138,174,174,186,186,186,186,193,200,208,189,194,194,153,221,221,221,177,0],"gold":41,"neow_bonus":"ONE_RANDOM_RARE_CARD","is_prod":false,"is_daily":false,"chose_seed":false,"campfire_upgraded":5,"win_rate":0,"timestamp":1552880059,"path_taken":["M","M","M","M","M","M","?","E","T","M","R","M","E","?","R","BOSS","M","M","M","$","M","E","?","M","T","M","E","M","M","M","R","BOSS","M","M","?","M","$","M","?","R","T","E","M","M","M","M","R","BOSS","R","$","E","BOSS"],"build_version":"2019-01-23","purchased_purges":1,"victory":false,"max_hp_per_floor":[83,86,89,92,95,98,98,101,101,104,104,107,110,110,110,113,113,119,122,128,128,134,137,137,140,140,146,152,160,168,171,171,174,182,185,185,193,195,195,198,198,198,198,203,206,208,210,214,214,221,221,221,221,230,230],"card_choices":[{"not_picked":["Whirlwind","Blood for Blood"],"picked":"Anger","floor":1},{"not_picked":["Wild Strike","Carnage"],"picked":"Shrug It Off","floor":2},{"not_picked":["Clothesline","Warcry"],"picked":"Cleave","floor":3},{"not_picked":["Pommel Strike","Perfected Strike","Warcry"],"picked":"SKIP","floor":4},{"not_picked":["Searing Blow","Perfected Strike"],"picked":"Anger","floor":5},{"not_picked":["Warcry","Burning Pact"],"picked":"Battle Trance","floor":6},{"not_picked":["Clash","Heavy Blade","Hemokinesis"],"picked":"SKIP","floor":8},{"not_picked":["Sword Boomerang","Body Slam"],"picked":"Dual Wield","floor":10},{"not_picked":["Bloodletting","Reckless Charge"],"picked":"Iron Wave","floor":12},{"not_picked":["Thunderclap","Exhume"],"picked":"Disarm","floor":13},{"not_picked":["Entrench","Body Slam"],"picked":"Headbutt","floor":14},{"not_picked":["Impervious","Immolate"],"picked":"Reaper","floor":16},{"not_picked":["Searing Blow","Pommel Strike+1","Uppercut"],"picked":"SKIP","floor":18},{"not_picked":["True Grit","Wild Strike"],"picked":"Shrug It Off+1","floor":19},{"not_picked":["Warcry","Rupture+1","Clash"],"picked":"SKIP","floor":20},{"not_picked":["Armaments+1","Body Slam"],"picked":"Metallicize","floor":22},{"not_picked":["Bloodletting+1","True Grit+1"],"picked":"Inflame","floor":23},{"not_picked":["Iron Wave","Anger+1"],"picked":"Armaments+1","floor":25},{"not_picked":["Warcry","Thunderclap","Armaments+1"],"picked":"SKIP","floor":27},{"not_picked":["Fire Breathing","Brutality"],"picked":"Feel No Pain+1","floor":28},{"not_picked":["Body Slam+1","Clash+1","Reckless Charge"],"picked":"Singing Bowl","floor":29},{"not_picked":["Sentinel+1","Thunderclap","Twin Strike+1"],"picked":"Singing Bowl","floor":30},{"not_picked":["Perfected Strike","Clothesline+1"],"picked":"Offering","floor":31},{"not_picked":["Feed","Double Tap"],"picked":"Exhume","floor":33},{"not_picked":["Havoc","Clothesline+1","Headbutt+1"],"picked":"Singing Bowl","floor":34},{"not_picked":["Infernal Blade","Anger"],"picked":"Shockwave","floor":34},{"not_picked":["Flex","Pommel Strike","Clash+1"],"picked":"Singing Bowl","floor":34},{"not_picked":["Perfected Strike","Rage","Ghostly Armor"],"picked":"Singing Bowl","floor":34},{"not_picked":["Heavy Blade","Fiend Fire","Anger"],"picked":"Singing Bowl","floor":34},{"not_picked":["Perfected Strike","Cleave"],"picked":"Inflame","floor":35},{"not_picked":["Wild Strike","Battle Trance"],"picked":"Flex+1","floor":36},{"not_picked":["Iron Wave+1","Thunderclap","Entrench+1"],"picked":"Singing Bowl","floor":37},{"not_picked":["Whirlwind","Sword Boomerang+1","Shockwave+1"],"picked":"Singing Bowl","floor":38},{"not_picked":["Second Wind","Corruption"],"picked":"Evolve","floor":40},{"not_picked":["Thunderclap","Rampage+1","Clothesline+1"],"picked":"Singing Bowl","floor":44},{"not_picked":["Clash+1","Entrench+1","Pommel Strike"],"picked":"Fire Breathing+1","floor":45},{"not_picked":["Power Through+1","Clothesline+1","Flame Barrier","Headbutt+1"],"picked":"Singing Bowl","floor":46},{"not_picked":["Immolate","Body Slam","Dual Wield","Headbutt"],"picked":"Singing Bowl","floor":47},{"not_picked":["Heavy Blade","Flex","Disarm+1"],"picked":"Inflame+1","floor":48},{"not_picked":["Ghostly Armor","Twin Strike+1","Searing Blow","Cleave+1"],"picked":"Singing Bowl","floor":54}],"player_experience":726090,"relics_obtained":[{"floor":8,"key":"Magic Flower"},{"floor":9,"key":"PreservedInsect"},{"floor":13,"key":"Omamori"},{"floor":23,"key":"Pen Nib"},{"floor":23,"key":"Bag of Preparation"},{"floor":26,"key":"Blood Vial"},{"floor":28,"key":"Singing Bowl"},{"floor":28,"key":"Mummified Hand"},{"floor":37,"key":"Turnip"},{"floor":44,"key":"Question Card"},{"floor":44,"key":"Centennial Puzzle"},{"floor":54,"key":"Oddly Smooth Stone"},{"floor":54,"key":"Bronze Scales"}],"event_choices":[{"damage_healed":0,"gold_gain":0,"player_choice":"Bought 0 Potions","damage_taken":0,"max_hp_gain":0,"max_hp_loss":0,"event_name":"The Woman in Blue","floor":7,"gold_loss":0},{"cards_removed":["Strike_R"],"damage_healed":0,"gold_gain":0,"player_choice":"Gave Gold","damage_taken":0,"max_hp_gain":0,"max_hp_loss":0,"event_name":"Beggar","floor":24,"gold_loss":75},{"damage_healed":0,"gold_gain":0,"player_choice":"Fight","damage_taken":0,"max_hp_gain":0,"max_hp_loss":0,"event_name":"Mysterious Sphere","floor":37,"gold_loss":0},{"cards_removed":["Strike_R"],"damage_healed":0,"gold_gain":0,"player_choice":"Removed Attack","damage_taken":0,"max_hp_gain":0,"max_hp_loss":0,"event_name":"Falling","floor":41,"gold_loss":0}],"is_beta":false,"boss_relics":[{"not_picked":["Coffee Dripper","Fusion Hammer"],"picked":"Black Star"},{"not_picked":["Runic Pyramid","Black Blood"],"picked":"Orrery"}],"items_purged_floors":[21],"is_endless":false,"potions_floor_spawned":[2,3,5,10,16,20,22,27,29,30,35,44,45,46,48],"killed_by":"The Heart","ascension_level":0}