{"path_per_floor":["M","?","M","?","M","R","M","E","T","?","M","$","?","M","R","B",null,"M","M","?","M","?","E","R","M","T","M","M","M","?","?","R"],"character_chosen":"IRONCLAD","items_purchased":["Inflame","Bottled Tornado","Armaments","Clash"],"gold_per_floor":[119,194,212,212,225,225,235,261,310,386,397,3,3,16,16,136,174,195,213,244,258,258,299,299,315,315,336,354,368,368,368,368],"floor_reached":33,"campfire_rested":2,"playtime":1675,"current_hp_per_floor":[75,64,68,52,57,57,52,27,27,27,35,35,35,38,60,62,79,75,66,47,48,48,42,42,40,40,38,25,12,12,12,28],"items_purged":[],"gold":368,"score":297,"play_id":"57ada9b3-fc75-4021-ba0f-e3d7b50d3fa8","local_time":"20180304023602","is_prod":false,"is_daily":false,"is_ascension_mode":false,"campfire_upgraded":2,"timestamp":1520148962,"path_taken":["M","?","M","?","M","R","?","E","T","?","?","$","?","M","R","BOSS","M","M","?","M","?","E","R","M","T","M","M","M","?","?","R","BOSS"],"build_version":"2018-03-02-BETA2","purchased_purges":0,"victory":false,"master_deck":["Defend_R","Defend_R+1","Defend_R","Bash+1","Thunderclap+1","Twin Strike","Clash","Shrug It Off","Feel No Pain","Disarm","Inflame+1","Armaments","Clash","Exhume","Offering","Pummel","Combust+1","Shrug It Off","Body Slam","Inflame","Inflame","Whirlwind","Clash","Bite","Bite","Bite","Bite","Bite"],"max_hp_per_floor":[80,80,80,80,80,80,80,80,80,80,80,80,74,74,74,74,79,79,79,79,79,79,79,79,79,79,79,79,79,79,55,55],"relics":["Burning Blood","Bird Faced Urn","Orichalcum","Bottled Tornado","Bloody Idol","Tiny House","Red Mask","Juzu Bracelet","Ornamental Fan"],"card_choices":[{"not_picked":["Armaments","Ghostly Armor"],"picked":"Thunderclap"},{"not_picked":["Rage","Havoc"],"picked":"Twin Strike"},{"not_picked":["True Grit","Brutality"],"picked":"Clash"},{"not_picked":["Dual Wield","Rampage"],"picked":"Shrug It Off"},{"not_picked":["Heavy Blade","Twin Strike"],"picked":"Feel No Pain"},{"not_picked":["Rage","Cleave"],"picked":"Disarm"},{"not_picked":["Twin Strike","Hemokinesis"],"picked":"Exhume"},{"not_picked":["Brutality","Reaper"],"picked":"Offering"},{"not_picked":["Body Slam","Sentinel"],"picked":"Pummel"},{"not_picked":["Anger","Heavy Blade"],"picked":"Combust"},{"not_picked":["Searing Blow","Sword Boomerang"],"picked":"Shrug It Off"},{"not_picked":["Shrug It Off","Cleave"],"picked":"Body Slam"},{"not_picked":["Sentinel","Brutality"],"picked":"Inflame"},{"not_picked":["Combust","Pummel"],"picked":"Inflame"},{"not_picked":["Rampage","Intimidate"],"picked":"Whirlwind"},{"not_picked":["Burning Pact","Dropkick"],"picked":"Clash"}],"player_experience":48921,"potions_floor_usage":[16,19,20,20,23,25,33],"damage_taken":[{"damage":11,"enemies":"Jaw Worm","floor":1,"turns":3},{"damage":2,"enemies":"Small Slimes","floor":3,"turns":4},{"damage":1,"enemies":"Cultist","floor":5,"turns":3},{"damage":11,"enemies":"Large Slime","floor":7,"turns":5},{"damage":31,"enemies":"Lagavulin","floor":8,"turns":4},{"damage":0,"enemies":"3 Louse","floor":11,"turns":3},{"damage":7,"enemies":"Looter","floor":14,"turns":4},{"damage":23,"enemies":"Hexaghost","floor":16,"turns":11},{"damage":10,"enemies":"Shell Parasite","floor":18,"turns":4},{"damage":19,"enemies":"Chosen","floor":19,"turns":4},{"damage":31,"enemies":"Masked Bandits","floor":20,"turns":4},{"damage":11,"enemies":"Snake Plant","floor":21,"turns":4},{"damage":20,"enemies":"Slavers","floor":23,"turns":5},{"damage":16,"enemies":"Cultist and Chosen","floor":25,"turns":3},{"damage":16,"enemies":"Centurion and Healer","floor":27,"turns":3},{"damage":25,"enemies":"Snecko","floor":28,"turns":5},{"damage":29,"enemies":"Slaver and Parasite","floor":29,"turns":5},{"damage":56,"enemies":"Champ","floor":33,"turns":7}],"event_choices":[{"event_name":"World of Goop","player_choice":"Gather Gold","floor":2,"damage_taken":0},{"event_name":"Shining Light","player_choice":"Entered Light","floor":4,"damage_taken":0},{"event_name":"Golden Wing","player_choice":"Gained Gold","floor":10,"damage_taken":0},{"event_name":"Golden Idol","player_choice":"Lose Max HP","floor":13,"damage_taken":0},{"event_name":"Masked Bandits","player_choice":"Fought over 213 gold","floor":20,"damage_taken":0},{"event_name":"Back to Basics","player_choice":"Elegance","floor":22,"damage_taken":0},{"event_name":"Forgotten Altar","player_choice":"Gave Idol","floor":30,"damage_taken":0},{"event_name":"Vampires","player_choice":"Became a vampire","floor":31,"damage_taken":0}],"boss_relics":[{"not_picked":["Black Star","Runic Dome"],"picked":"Tiny House"}],"potions_floor_spawned":[3,7,8,11,16,18,20,23,29],"seed_played":"8214479162411165343","killed_by":"Champ","ascension_level":0,"is_trial":false}