{"gold_per_floor":[114,114,128,141,11,41,41,59,59,73,47,62,93,193,193,193],"floor_reached":16,"playtime":1107,"items_purged":[],"score":112,"play_id":"30b3d61a-35b5-4af4-9421-84d0d324b76a","local_time":"20190212111001","is_ascension_mode":false,"campfire_choices":[{"floor":7,"key":"REST"},{"floor":15,"key":"REST"}],"neow_cost":"PERCENT_DAMAGE","seed_source_timestamp":426662320130125,"circlet_count":0,"master_deck":["Defend_G","Defend_G","Defend_G","Defend_G","Defend_G","Strike_G","Strike_G","Strike_G","Strike_G","Strike_G","Survivor","Neutralize","Cloak And Dagger","Bandage Up","Endless Agony","Deflect","Slice","All Out Attack","Terror"],"relics":["Ring of the Snake","Calipers","Meat on the Bone","Du-Vu Doll","Unceasing Top","Tough Bandages"],"potions_floor_usage":[16,16],"damage_taken":[{"damage":0,"enemies":"Small Slimes","floor":1,"turns":5},{"damage":0,"enemies":"Cultist","floor":3,"turns":4},{"damage":0,"enemies":"Jaw Worm","floor":4,"turns":5},{"damage":37,"enemies":"Gremlin Nob","floor":6,"turns":6},{"damage":0,"enemies":"Looter","floor":8,"turns":4},{"damage":19,"enemies":"Exordium Thugs","floor":10,"turns":7},{"damage":0,"enemies":"Blue Slaver","floor":12,"turns":5},{"damage":36,"enemies":"3 Sentries","floor":13,"turns":13},{"damage":63,"enemies":"Slime Boss","floor":16,"turns":11}],"seed_played":"-8399847277722569934","potions_obtained":[{"floor":1,"key":"LiquidBronze"},{"floor":6,"key":"Poison Potion"},{"floor":8,"key":"FairyPotion"},{"floor":12,"key":"Poison Potion"}],"is_trial":false,"path_per_floor":["?","$","M","?"],"character_chosen":"THE_SILENT","items_purchased":["Bandage Up","Endless Agony","Slice"],"campfire_rested":2,"item_purchase_floors":[5,5,11],"current_hp_per_floor":[49,49,49,49,49,28,49,53,53,38,38,42,22,22,43,0],"gold":193,"neow_bonus":"ONE_RARE_RELIC","is_prod":false,"is_daily":false,"chose_seed":false,"campfire_upgraded":0,"win_rate":0,"timestamp":1549987801,"path_taken":["M","?","M","M","?","E","R","?","T","M","$","M","E","?","R","BOSS"],"build_version":"2019-01-23","purchased_purges":0,"victory":false,"max_hp_per_floor":[70,70,70,70,70,70,70,70,70,70,70,70,70,70,70,70],"card_choices":[{"not_picked":["Flechettes","Underhanded Strike","Poisoned Stab"],"picked":"SKIP","floor":1},{"not_picked":["Quick Slash","Masterful Stab","Slice"],"picked":"SKIP","floor":3},{"not_picked":["Bane","Acrobatics"],"picked":"Cloak And Dagger","floor":4},{"not_picked":["Night Terror","Quick Slash","Predator"],"picked":"SKIP","floor":6},{"not_picked":["Outmaneuver","Prepared"],"picked":"Deflect","floor":8},{"not_picked":["Reflex","Bane","Deadly Poison"],"picked":"SKIP","floor":10},{"not_picked":["Reflex","Choke"],"picked":"All Out Attack","floor":12},{"not_picked":["Bane","Choke"],"picked":"Terror","floor":13}],"player_experience":431907,"relics_obtained":[{"floor":6,"key":"Du-Vu Doll"},{"floor":9,"key":"Unceasing Top"},{"floor":13,"key":"Tough Bandages"}],"event_choices":[{"damage_healed":0,"gold_gain":0,"player_choice":"Gave Potion","damage_taken":0,"relics_obtained":["Meat on the Bone"],"max_hp_gain":0,"max_hp_loss":0,"event_name":"WeMeetAgain","floor":2,"gold_loss":0},{"damage_healed":0,"gold_gain":100,"player_choice":"Gold","damage_taken":0,"max_hp_gain":0,"max_hp_loss":0,"event_name":"Wheel of Change","floor":14,"gold_loss":0}],"is_beta":false,"boss_relics":[],"items_purged_floors":[],"is_endless":false,"potions_floor_spawned":[1,6,8,12,13],"killed_by":"Slime Boss","ascension_level":0}