{"gold_per_floor":[109,34,34,49,49,49,109,109,109,135,154,168,168,168,168,264,264,277,289,300,316,316,329,329,329,354,382,404,316,316,78,78,78],"floor_reached":33,"playtime":954,"items_purged":["Strike_R","Strike_R"],"score":272,"play_id":"959644e7-9d10-470f-a4d2-b4d386f0c0ee","local_time":"20190107220438","is_ascension_mode":false,"campfire_choices":[{"data":"Dual Wield","floor":6,"key":"SMITH"},{"data":"Bash","floor":13,"key":"SMITH"},{"floor":15,"key":"REST"},{"floor":25,"key":"REST"},{"data":"Searing Blow+1","floor":30,"key":"SMITH"},{"data":"Searing Blow+2","floor":32,"key":"SMITH"}],"neow_cost":"NONE","seed_source_timestamp":538422367288983,"circlet_count":0,"master_deck":["Strike_R+1","Strike_R+1","Defend_R","Defend_R","Defend_R","Bash+1","Dual Wield+1","Searing Blow+3"],"relics":["Burning Blood","NeowsBlessing","Tiny Chest","Question Card","Pen Nib","Sozu","MawBank","Singing Bowl"],"potions_floor_usage":[28],"damage_taken":[{"damage":0,"enemies":"Small Slimes","floor":1,"turns":1},{"damage":0,"enemies":"Jaw Worm","floor":4,"turns":1},{"damage":0,"enemies":"Lagavulin","floor":7,"turns":1},{"damage":1,"enemies":"Cultist","floor":11,"turns":3},{"damage":29,"enemies":"Large Slime","floor":12,"turns":8},{"damage":62,"enemies":"Slime Boss","floor":16,"turns":12},{"damage":0,"enemies":"Chosen","floor":18,"turns":4},{"damage":13,"enemies":"Shell Parasite","floor":19,"turns":7},{"damage":31,"enemies":"Cultist and Chosen","floor":20,"turns":8},{"damage":39,"enemies":"Chosen and Byrds","floor":21,"turns":7},{"damage":7,"enemies":"Centurion and Healer","floor":23,"turns":6},{"damage":18,"enemies":"Snake Plant","floor":27,"turns":4},{"damage":8,"enemies":"Snecko","floor":28,"turns":4},{"damage":11,"enemies":"Champ","floor":33,"turns":5}],"seed_played":"8825420555519433090","potions_obtained":[{"floor":1,"key":"FearPotion"},{"floor":11,"key":"Block Potion"},{"floor":12,"key":"EssenceOfSteel"}],"is_trial":false,"path_per_floor":["M","$","?","M","$","R","E","?","T","T","M","M","R","$","R","B",null,"M","M","M","M","?","M","?","R","T","M","M","$","R","$","R","B"],"character_chosen":"IRONCLAD","items_purchased":["Singing Bowl"],"campfire_rested":2,"item_purchase_floors":[31],"current_hp_per_floor":[80,80,73,79,79,79,80,64,64,64,69,46,46,46,70,14,80,80,73,48,15,15,14,14,38,38,26,24,24,24,24,24,13],"gold":78,"neow_bonus":"THREE_ENEMY_KILL","is_prod":false,"is_daily":false,"chose_seed":false,"campfire_upgraded":4,"win_rate":0,"timestamp":1546927478,"path_taken":["M","$","?","M","$","R","E","?","T","?","?","M","R","$","R","BOSS","M","?","M","M","?","M","?","R","T","M","M","$","R","$","R","BOSS"],"build_version":"2019-01-03v4","purchased_purges":2,"victory":false,"max_hp_per_floor":[80,80,80,80,80,80,80,80,80,80,80,80,80,80,80,80,80,80,80,80,80,80,80,80,80,80,80,80,80,80,80,80,80],"card_choices":[{"not_picked":["Metallicize","Burning Pact","Pommel Strike"],"picked":"SKIP","floor":1},{"not_picked":["Body Slam","Warcry"],"picked":"Dual Wield","floor":4},{"not_picked":["Uppercut","Perfected Strike","Iron Wave"],"picked":"SKIP","floor":7},{"not_picked":["Cleave","True Grit","Rage","Reckless Charge"],"picked":"SKIP","floor":11},{"not_picked":["Anger","True Grit","Power Through","Heavy Blade"],"picked":"SKIP","floor":12},{"not_picked":["Carnage","Heavy Blade","Clothesline","Metallicize"],"picked":"SKIP","floor":18},{"not_picked":["Sword Boomerang","True Grit","Wild Strike","Pommel Strike"],"picked":"SKIP","floor":19},{"not_picked":["Twin Strike","Corruption","Pommel Strike","True Grit"],"picked":"SKIP","floor":20},{"not_picked":["Fiend Fire","Clash","Sword Boomerang","Twin Strike+1"],"picked":"SKIP","floor":21},{"not_picked":["Dark Embrace","Uppercut","Thunderclap","Combust"],"picked":"SKIP","floor":23},{"not_picked":["Thunderclap+1","Pommel Strike+1","Evolve"],"picked":"Searing Blow+1","floor":27},{"not_picked":["Uppercut+1","Sever Soul","Feel No Pain","Sentinel"],"picked":"SKIP","floor":28}],"player_experience":165609,"relics_obtained":[{"floor":7,"key":"Tiny Chest"},{"floor":9,"key":"Question Card"},{"floor":10,"key":"Pen Nib"},{"floor":26,"key":"MawBank"}],"event_choices":[{"cards_removed":["Defend_R"],"damage_healed":0,"gold_gain":0,"player_choice":"Card Removal","damage_taken":7,"max_hp_gain":0,"max_hp_loss":0,"event_name":"Golden Wing","floor":3,"gold_loss":0},{"damage_healed":0,"gold_gain":0,"player_choice":"Entered Light","damage_taken":16,"max_hp_gain":0,"max_hp_loss":0,"event_name":"Shining Light","floor":8,"gold_loss":0,"cards_upgraded":["Strike_R","Strike_R"]},{"cards_removed":["Strike_R"],"damage_healed":0,"gold_gain":0,"player_choice":"Elegance","damage_taken":0,"max_hp_gain":0,"max_hp_loss":0,"event_name":"Back to Basics","floor":22,"gold_loss":0},{"damage_healed":0,"gold_gain":0,"player_choice":"Ignored","damage_taken":0,"max_hp_gain":0,"max_hp_loss":0,"event_name":"Vampires","floor":24,"gold_loss":0}],"is_beta":false,"boss_relics":[{"not_picked":["Runic Cube","White Beast Statue"],"picked":"Sozu"}],"items_purged_floors":[2,29],"is_endless":false,"potions_floor_spawned":[1,11,12,20,23,27],"killed_by":"Champ","ascension_level":0}