{"path_per_floor":["M","M","$","?","M","E","M","M","T","M","M","M","?","M","R","B",null,"M","M","$","M","M","R","M","M","T","R","$","R","M"],"character_chosen":"THE_SILENT","items_purchased":["Backstab","Bandage Up","Choke","Backflip","Slice","Malaise","Slice","Footwork"],"gold_per_floor":[110,123,84,34,49,77,95,109,109,121,136,146,146,156,156,258,258,277,297,4,24,36,36,49,64,146,146,40,40,54],"floor_reached":31,"campfire_rested":2,"playtime":2206,"current_hp_per_floor":[65,65,65,65,65,51,41,41,41,41,41,41,41,41,62,58,70,63,51,51,40,18,39,34,24,24,24,24,24,6],"items_purged":[],"gold":54,"score":272,"play_id":"5af9c1a0-31fe-46bd-b806-9c287516b7b2","is_prod":false,"is_daily":false,"is_ascension_mode":false,"campfire_upgraded":2,"path_taken":["M","M","$","?","M","E","M","M","T","M","M","M","?","M","R","BOSS","M","M","$","M","M","R","M","M","T","R","$","R","M","M"],"build_version":"2018-02-08-PROD1","purchased_purges":0,"victory":false,"master_deck":["Defend_G","Defend_G","Defend_G","Defend_G","Defend_G","Strike_G","Strike_G","Strike_G","Strike_G","Survivor","Neutralize","Riddle With Holes","Blur","Backstab","Backflip","Phantasmal Killer","Backstab","Acrobatics","Distraction","Distraction","Backflip","Neutralize","Infinite Blades","Distraction","Glass Knife","Skewer","Dagger Throw","Adrenaline+1","Flying Knee","Acrobatics","Deflect","Expertise","Bandage Up+1","Choke","Backflip","Slice","Malaise","Blade Dance","Backstab","Slice","Footwork","Quick Slash+1"],"max_hp_per_floor":[70,70,70,70,70,70,70,70,70,70,70,70,70,70,70,70,70,70,70,70,70,70,70,70,70,70,70,70,70,70],"relics":["Philosopher\u0027s Stone","Paper Crane","Bag of Preparation","Orrery","Bottled Lightning"],"card_choices":[{"not_picked":["Bane","Calculated Gamble"],"picked":"Riddle With Holes"},{"not_picked":["Endless Agony","Outmaneuver"],"picked":"Blur"},{"not_picked":["Quick Slash","Endless Agony"],"picked":"Backflip"},{"not_picked":["Slice","Quick Slash"],"picked":"Phantasmal Killer"},{"not_picked":["Dodge and Roll","Poisoned Stab"],"picked":"Backstab"},{"not_picked":["Sucker Punch","Quick Slash"],"picked":"Acrobatics"},{"not_picked":["Catalyst","Bane"],"picked":"Distraction"},{"not_picked":["Corpse Explosion","Blade Dance"],"picked":"Distraction"},{"not_picked":["Dash","Deadly Poison"],"picked":"Backflip"},{"not_picked":["Leg Sweep","Dagger Throw"],"picked":"Distraction"},{"not_picked":["Bullet Time","Wraith Form"],"picked":"Glass Knife"},{"not_picked":["Dagger Spray","Escape Plan"],"picked":"Skewer"},{"not_picked":["Poisoned Stab","Endless Agony"],"picked":"Dagger Throw"},{"not_picked":["Bouncing Flask","Flying Knee"],"picked":"Adrenaline"},{"not_picked":["Deadly Poison","Underhanded Strike"],"picked":"Flying Knee"},{"not_picked":["Blade Dance","Poisoned Stab"],"picked":"Acrobatics"},{"not_picked":["Dodge and Roll","Poisoned Stab"],"picked":"Deflect"},{"not_picked":["Dodge and Roll","Slice"],"picked":"Expertise"},{"not_picked":["Bane","Acrobatics"],"picked":"Blade Dance"},{"not_picked":["Infinite Blades","Sucker Punch"],"picked":"Backstab"},{"not_picked":["Outmaneuver","Riddle With Holes"],"picked":"Quick Slash"}],"player_experience":122536,"potions_floor_usage":[12,12,16,18,24,24,30,31],"damage_taken":[{"damage":5,"enemies":"Blue Slaver","floor":1,"turns":5},{"damage":0,"enemies":"2 Louse","floor":2,"turns":2},{"damage":0,"enemies":"Cultist","floor":5,"turns":4},{"damage":14,"enemies":"Gremlin Nob","floor":6,"turns":5},{"damage":10,"enemies":"Gremlin Gang","floor":7,"turns":6},{"damage":0,"enemies":"Large Slime","floor":8,"turns":4},{"damage":0,"enemies":"Exordium Thugs","floor":10,"turns":4},{"damage":0,"enemies":"Looter","floor":11,"turns":2},{"damage":0,"enemies":"Exordium Wildlife","floor":12,"turns":3},{"damage":0,"enemies":"Lots of Slimes","floor":14,"turns":3},{"damage":18,"enemies":"Hexaghost","floor":16,"turns":9},{"damage":7,"enemies":"Spheric Guardian","floor":18,"turns":3},{"damage":12,"enemies":"Chosen","floor":19,"turns":4},{"damage":15,"enemies":"3 Cultists","floor":21,"turns":6},{"damage":22,"enemies":"Snake Plant","floor":22,"turns":3},{"damage":9,"enemies":"Centurion and Healer","floor":24,"turns":6},{"damage":14,"enemies":"3 Cultists","floor":25,"turns":7},{"damage":24,"enemies":"Cultist and Chosen","floor":30,"turns":9},{"damage":10,"enemies":"Centurion and Healer","floor":31,"turns":1}],"event_choices":[{"event_name":"The Cleric","player_choice":"Card Removal","floor":4,"damage_taken":0},{"event_name":"Match and Keep!","player_choice":"2 cards matched","floor":13,"damage_taken":0}],"boss_relics":[{"not_picked":["Ectoplasm","Lizard Tail"],"picked":"Orrery"}],"potions_floor_spawned":[1,5,6,7,16,19,21,22,30],"seed_played":"2068273402194561253","killed_by":"Centurion and Healer","ascension_level":0,"is_trial":false}