{"gold_per_floor":[112,112,123,136,136,163,188,188,188,188,205,215,215,231,231,231],"floor_reached":16,"playtime":5892,"items_purged":[],"score":102,"play_id":"2b10e3c8-ca58-4cda-8c44-b64b6d1fa6d2","local_time":"20190103222537","is_ascension_mode":false,"campfire_choices":[{"data":"Armaments","floor":8,"key":"SMITH"},{"data":"Iron Wave","floor":10,"key":"SMITH"},{"data":"Entrench","floor":13,"key":"SMITH"},{"data":"Dark Embrace","floor":15,"key":"SMITH"}],"neow_cost":"NONE","seed_source_timestamp":553550229040149,"circlet_count":0,"master_deck":["Strike_R","Strike_R","Strike_R","Strike_R","Defend_R","Defend_R","Defend_R","Defend_R","Bash","Armaments+1","Metallicize+1","Iron Wave+1","Ghostly Armor","Dark Embrace+1","Entrench+1","Disarm"],"relics":["Burning Blood","Centennial Puzzle","Lantern","Ancient Tea Set"],"potions_floor_usage":[6,6],"damage_taken":[{"damage":12,"enemies":"Jaw Worm","floor":1,"turns":5},{"damage":0,"enemies":"Cultist","floor":3,"turns":4},{"damage":3,"enemies":"2 Louse","floor":4,"turns":4},{"damage":14,"enemies":"3 Sentries","floor":6,"turns":14},{"damage":0,"enemies":"Exordium Wildlife","floor":11,"turns":4},{"damage":1,"enemies":"3 Louse","floor":12,"turns":7},{"damage":0,"enemies":"Looter","floor":14,"turns":3},{"damage":93,"enemies":"Slime Boss","floor":16,"turns":21}],"seed_played":"6049854858693111860","potions_obtained":[{"floor":3,"key":"GamblersBrew"},{"floor":4,"key":"FearPotion"},{"floor":11,"key":"Poison Potion"}],"is_trial":false,"path_per_floor":["M","?","M","M","?","E","T","R","T","R","M","M","R","M","R","B"],"character_chosen":"IRONCLAD","items_purchased":[],"campfire_rested":0,"item_purchase_floors":[],"current_hp_per_floor":[82,82,88,88,88,80,80,80,80,80,86,88,88,88,88,0],"gold":231,"neow_bonus":"TEN_PERCENT_HP_BONUS","is_prod":false,"is_daily":false,"chose_seed":false,"campfire_upgraded":4,"win_rate":0.0,"timestamp":1546575937,"path_taken":["M","?","M","?","?","E","?","R","T","R","M","M","R","M","R","BOSS"],"build_version":"2019-01-03","purchased_purges":0,"victory":false,"max_hp_per_floor":[88,88,88,88,88,88,88,88,88,88,88,88,88,88,88,88],"card_choices":[{"not_picked":["Flex","Iron Wave"],"picked":"Armaments","floor":1},{"not_picked":["Carnage","Shrug It Off"],"picked":"Metallicize","floor":3},{"not_picked":["Headbutt","Shrug It Off"],"picked":"Iron Wave","floor":4},{"not_picked":["Corruption","Rupture"],"picked":"Ghostly Armor","floor":6},{"not_picked":["Bloodletting","Power Through"],"picked":"Dark Embrace","floor":11},{"not_picked":["Dropkick","Sword Boomerang"],"picked":"Entrench","floor":12},{"not_picked":["Second Wind","Sever Soul"],"picked":"Disarm","floor":14}],"player_experience":19459,"relics_obtained":[{"floor":6,"key":"Centennial Puzzle"},{"floor":7,"key":"Lantern"},{"floor":9,"key":"Ancient Tea Set"}],"event_choices":[{"cards_removed":["Strike_R"],"damage_healed":0,"gold_gain":0,"player_choice":"Offered Basic","damage_taken":0,"max_hp_gain":0,"max_hp_loss":0,"event_name":"Bonfire Elementals","floor":2,"gold_loss":0},{"damage_healed":0,"gold_gain":0,"player_choice":"Grow","damage_taken":0,"max_hp_gain":0,"max_hp_loss":0,"event_name":"Living Wall","floor":5,"gold_loss":0,"cards_upgraded":["Metallicize"]}],"is_beta":false,"boss_relics":[],"items_purged_floors":[],"is_endless":false,"potions_floor_spawned":[3,4,11],"killed_by":"Slime Boss","ascension_level":0}