{"gold_per_floor":[112,112,112,127,141,141,185,208,208,383,383,403,443,468,468,594,594,610,624,624,624,647,686,686,719,731,743,778,808,820,852,864,977,989,1012,1024,1053,1077,1089,1101,1446,1506,1568,1580,1611,1623,834,846,846,846],"floor_reached":51,"playtime":7733,"items_purged":[],"score":729,"play_id":"8a45e2a8-dbc8-43f2-827a-ced077a1c086","local_time":"20181025155644","is_ascension_mode":false,"campfire_choices":[{"data":"Bouncing Flask","floor":6,"key":"SMITH"},{"data":"Leg Sweep","floor":11,"key":"SMITH"},{"data":"Catalyst","floor":15,"key":"SMITH"},{"floor":24,"key":"REST"},{"floor":32,"key":"REST"},{"data":"Adrenaline","floor":40,"key":"SMITH"},{"data":"Prepared","floor":46,"key":"SMITH"},{"data":"Blur","floor":49,"key":"SMITH"}],"neow_cost":"NONE","seed_source_timestamp":1282547501871460,"circlet_count":0,"master_deck":["Defend_G+1","Defend_G+1","Defend_G+1","Defend_G+1","Strike_G+1","Strike_G+1","Strike_G+1","Strike_G+1","Strike_G+1","Survivor","Neutralize","Venomology","Bouncing Flask+1","Deadly Poison","Quick Slash","Leg Sweep+1","Dagger Throw","Doubt","Flying Knee","Bane","Catalyst+1","Adrenaline+1","Prepared+1","Poisoned Stab","Dodge and Roll","Leg Sweep","Blur","Terror+1","PiercingWail+1","Noxious Fumes+1","Tactician+1","Bane+1","Predator+1","Footwork+1","Skewer+1","Blur+1","Deadly Poison+1"],"relics":["Ring of the Snake","Bloody Idol","Meat on the Bone","Darkstone Periapt","Singing Bowl","Black Star","MutagenicStrength","Dodecahedron","Letter Opener","Regal Pillow","MawBank","StoneCalendar","Eternal Feather","Thread and Needle","The Specimen","Old Coin","Tough Bandages","Boot","Pantograph","Shuriken","ClockworkSouvenir"],"potions_floor_usage":[1,5,7,8,8,14,16,16,18,23,29,31,31,33,33,33,36,36,38,41,41,42,45,50,50],"damage_taken":[{"damage":1,"enemies":"2 Louse","floor":1,"turns":5},{"damage":3,"enemies":"Small Slimes","floor":4,"turns":3},{"damage":3,"enemies":"Jaw Worm","floor":5,"turns":3},{"damage":28,"enemies":"Gremlin Nob","floor":7,"turns":4},{"damage":0,"enemies":"2 Fungi Beasts","floor":8,"turns":2},{"damage":0,"enemies":"Blue Slaver","floor":12,"turns":3},{"damage":28,"enemies":"3 Sentries","floor":13,"turns":11},{"damage":0,"enemies":"3 Louse","floor":14,"turns":3},{"damage":38,"enemies":"The Guardian","floor":16,"turns":7},{"damage":4,"enemies":"Shell Parasite","floor":18,"turns":5},{"damage":8,"enemies":"3 Byrds","floor":19,"turns":7},{"damage":34,"enemies":"Snake Plant","floor":22,"turns":3},{"damage":31,"enemies":"Book of Stabbing","floor":23,"turns":5},{"damage":43,"enemies":"Slavers","floor":25,"turns":7},{"damage":10,"enemies":"3 Cultists","floor":28,"turns":5},{"damage":0,"enemies":"Centurion and Healer","floor":29,"turns":7},{"damage":10,"enemies":"Sentry and Sphere","floor":31,"turns":6},{"damage":67,"enemies":"Champ","floor":33,"turns":12},{"damage":39,"enemies":"3 Darklings","floor":35,"turns":7},{"damage":15,"enemies":"Mind Bloom Boss Battle","floor":36,"turns":7},{"damage":0,"enemies":"3 Shapes","floor":37,"turns":4},{"damage":23,"enemies":"3 Darklings","floor":38,"turns":7},{"damage":13,"enemies":"Giant Head","floor":41,"turns":9},{"damage":101,"enemies":"2 Orb Walkers","floor":42,"turns":7},{"damage":20,"enemies":"Sphere and 2 Shapes","floor":45,"turns":7},{"damage":25,"enemies":"Spire Growth","floor":48,"turns":6},{"damage":63,"enemies":"Donu and Deca","floor":50,"turns":9}],"seed_played":"-3609539006045494691","potions_obtained":[{"floor":1,"key":"SkillPotion"},{"floor":4,"key":"SpeedPotion"},{"floor":13,"key":"Energy Potion"},{"floor":14,"key":"SteroidPotion"},{"floor":25,"key":"Ancient Potion"},{"floor":29,"key":"GhostInAJar"},{"floor":31,"key":"SteroidPotion"},{"floor":35,"key":"LiquidBronze"},{"floor":38,"key":"SkillPotion"},{"floor":45,"key":"PowerPotion"}],"is_trial":false,"path_per_floor":["M","$","?","M","M","R","E","M","T","?","R","M","E","M","R","B",null,"M","M","?","?","M","E","R","E","T","?","M","M","?","M","R","B",null,"M","?","M","M","?","R","E","?","T","?","M","R","$","M","R","B"],"character_chosen":"THE_SILENT","items_purchased":["Pantograph","Shuriken","ClockworkSouvenir","Weak Potion","Blur"],"campfire_rested":2,"item_purchase_floors":[47,47,47,47,47],"current_hp_per_floor":[69,69,52,49,46,46,18,30,30,36,36,48,32,44,44,18,76,72,64,64,64,42,25,48,17,17,17,19,33,33,45,80,32,82,48,53,63,50,55,78,79,25,35,40,42,68,73,53,74,31],"gold":846,"neow_bonus":"ONE_RANDOM_RARE_CARD","is_prod":false,"is_daily":false,"chose_seed":false,"campfire_upgraded":6,"win_rate":0,"timestamp":1540504604,"path_taken":["M","$","?","M","M","R","E","M","T","?","R","M","E","M","R","BOSS","M","M","?","?","M","E","R","E","T","?","M","?","?","?","R","BOSS","M","?","M","?","?","R","E","?","T","?","?","R","$","M","R","BOSS"],"build_version":"2018-10-18","purchased_purges":0,"victory":true,"max_hp_per_floor":[70,70,70,70,70,70,70,70,70,76,76,76,76,76,76,76,76,76,76,76,76,76,78,78,78,78,78,78,80,80,80,80,82,82,82,82,82,82,82,82,82,82,82,82,82,82,82,82,82,82],"card_choices":[{"not_picked":["Catalyst","Predator"],"picked":"Bouncing Flask","floor":1},{"not_picked":["Backflip","PiercingWail"],"picked":"Deadly Poison","floor":4},{"not_picked":["Finisher","Dodge and Roll"],"picked":"Quick Slash","floor":5},{"not_picked":["Reflex","Backflip"],"picked":"Leg Sweep","floor":7},{"not_picked":["All Out Attack","Expertise"],"picked":"Dagger Throw","floor":8},{"not_picked":["Eviscerate","Quick Slash"],"picked":"Flying Knee","floor":12},{"not_picked":["Tools of the Trade","Acrobatics"],"picked":"Bane","floor":13},{"not_picked":["Deflect","Outmaneuver"],"picked":"Catalyst","floor":14},{"not_picked":["Storm of Steel","Malaise"],"picked":"Adrenaline","floor":16},{"not_picked":["Quick Slash","Well Laid Plans"],"picked":"Prepared","floor":18},{"not_picked":["Underhanded Strike","Distraction+1"],"picked":"Poisoned Stab","floor":19},{"not_picked":["Dagger Spray","Sucker Punch"],"picked":"Dodge and Roll","floor":22},{"not_picked":["Caltrops+1","Riddle With Holes","Accuracy"],"picked":"Singing Bowl","floor":23},{"not_picked":["Wraith Form v2","Deflect"],"picked":"Leg Sweep","floor":25},{"not_picked":["Quick Slash","Dagger Spray"],"picked":"Blur","floor":28},{"not_picked":["Dagger Spray","Reflex","Sucker Punch+1"],"picked":"Singing Bowl","floor":29},{"not_picked":["Choke","Catalyst"],"picked":"Terror+1","floor":31},{"not_picked":["Venomology","A Thousand Cuts","Unload"],"picked":"Singing Bowl","floor":33},{"not_picked":["Blade Dance","Sucker Punch+1"],"picked":"PiercingWail+1","floor":35},{"not_picked":["Slice","Backflip+1"],"picked":"Noxious Fumes+1","floor":36},{"not_picked":["Reflex","Concentrate"],"picked":"Tactician+1","floor":37},{"not_picked":["Backflip","Well Laid Plans+1"],"picked":"Bane+1","floor":38},{"not_picked":["Sucker Punch","Escape Plan"],"picked":"Predator+1","floor":41},{"not_picked":["Setup+1","All Out Attack"],"picked":"Footwork+1","floor":42},{"not_picked":["Slice","Prepared+1"],"picked":"Skewer+1","floor":45},{"not_picked":["Acrobatics+1","Poisoned Stab+1"],"picked":"Deadly Poison+1","floor":48}],"player_experience":829843,"relics_obtained":[{"floor":7,"key":"Meat on the Bone"},{"floor":9,"key":"Darkstone Periapt"},{"floor":13,"key":"Singing Bowl"},{"floor":23,"key":"Dodecahedron"},{"floor":23,"key":"Letter Opener"},{"floor":25,"key":"Regal Pillow"},{"floor":25,"key":"MawBank"},{"floor":26,"key":"StoneCalendar"},{"floor":36,"key":"Thread and Needle"},{"floor":41,"key":"The Specimen"},{"floor":41,"key":"Old Coin"},{"floor":42,"key":"Tough Bandages"},{"floor":43,"key":"Boot"}],"event_choices":[{"damage_healed":0,"gold_gain":0,"player_choice":"Take Damage","damage_taken":17,"relics_obtained":["Golden Idol"],"max_hp_gain":0,"max_hp_loss":0,"event_name":"Golden Idol","floor":3,"gold_loss":0},{"damage_healed":0,"gold_gain":175,"player_choice":"AGREE","damage_taken":0,"max_hp_gain":0,"max_hp_loss":0,"event_name":"Liars Game","floor":10,"gold_loss":0,"cards_obtained":["Doubt"]},{"damage_healed":0,"gold_gain":0,"player_choice":"Inject Mutagens","damage_taken":0,"relics_obtained":["MutagenicStrength"],"max_hp_gain":0,"max_hp_loss":0,"event_name":"Drug Dealer","floor":20,"gold_loss":0},{"damage_healed":0,"gold_gain":0,"player_choice":"Simplicity","damage_taken":0,"max_hp_gain":0,"max_hp_loss":0,"event_name":"Back to Basics","floor":21,"gold_loss":0,"cards_upgraded":["Defend_G","Defend_G","Defend_G","Defend_G","Defend_G","Strike_G","Strike_G","Strike_G","Strike_G","Strike_G"]},{"damage_healed":0,"gold_gain":0,"player_choice":"Ignored","damage_taken":0,"max_hp_gain":0,"max_hp_loss":0,"event_name":"Transmorgrifier","floor":27,"gold_loss":0},{"damage_healed":0,"gold_gain":0,"player_choice":"Gave Idol","damage_taken":0,"relics_obtained":["Bloody Idol"],"max_hp_gain":0,"max_hp_loss":0,"event_name":"Forgotten Altar","floor":30,"relics_lost":["Golden Idol"],"gold_loss":0},{"damage_healed":0,"gold_gain":0,"player_choice":"Fight","damage_taken":0,"max_hp_gain":0,"max_hp_loss":0,"event_name":"MindBloom","floor":36,"gold_loss":0},{"cards_removed":["Defend_G"],"damage_healed":0,"gold_gain":0,"player_choice":"Removed Skill","damage_taken":0,"max_hp_gain":0,"max_hp_loss":0,"event_name":"Falling","floor":39,"gold_loss":0},{"damage_healed":0,"gold_gain":0,"player_choice":"Fight","damage_taken":0,"max_hp_gain":0,"max_hp_loss":0,"event_name":"Mysterious Sphere","floor":42,"gold_loss":0},{"damage_healed":0,"gold_gain":0,"player_choice":"Ignored","damage_taken":0,"max_hp_gain":0,"max_hp_loss":0,"event_name":"The Moai Head","floor":44,"gold_loss":0}],"is_beta":false,"boss_relics":[{"not_picked":["Lizard Tail","Fusion Hammer"],"picked":"Black Star"},{"not_picked":["HoveringKite","Runic Dome"],"picked":"Eternal Feather"}],"items_purged_floors":[],"is_endless":false,"potions_floor_spawned":[1,4,13,14,25,29,31,35,38,45],"ascension_level":0}