{"gold_per_floor":[117,137,157,174,8,22,22,38,38,38,50,50,64,74,74,179,179,192,203,219,230,230,230,247,267,267,267,187,0,17,34,34,135,135,146,165,183,198,198,210,220,220,247,262,274,293,293,293],"floor_reached":48,"playtime":4316,"items_purged":[],"score":517,"play_id":"234b632b-e129-44ef-bb0f-83ef3f243a64","local_time":"20190325101531","is_ascension_mode":false,"campfire_choices":[{"data":"Zap","floor":7.0,"key":"SMITH"},{"data":"Coolheaded","floor":10.0,"key":"SMITH"},{"data":"Reinforced Body","floor":12.0,"key":"SMITH"},{"data":"Go for the Eyes","floor":15.0,"key":"SMITH"},{"data":"Self Repair","floor":23.0,"key":"SMITH"},{"floor":32,"key":"REST"},{"data":"White Noise","floor":42,"key":"SMITH"}],"neow_cost":"PERCENT_DAMAGE","seed_source_timestamp":436058446002474,"circlet_count":0,"master_deck":["Strike_B","Strike_B","Strike_B","Defend_B","Defend_B","Defend_B","Zap+1","Dualcast","Compile Driver","Coolheaded+1","Go for the Eyes+1","Leap","Capacitor","Finesse","Hologram","Reinforced Body+1","Compile Driver","Stack","Electrodynamics","Self Repair+1","Compile Driver+1","Loop+1","Conserve Battery+1","White Noise+1","Amplify","Reboot","Loop","Seek","Self Repair","Machine Learning","Consume+1","Undo+1","White Noise+1","Redo+1","Blizzard+1","Redo+1","Consume+1","Recycle+1"],"special_seed":0,"relics":["FrozenCore"],"potions_floor_usage":[31,33,35,37,44,45,45],"damage_taken":[{"damage":1.0,"enemies":"Jaw Worm","floor":1.0,"turns":3.0},{"damage":1.0,"enemies":"Cultist","floor":2.0,"turns":3.0},{"damage":3.0,"enemies":"2 Louse","floor":3.0,"turns":2.0},{"damage":3.0,"enemies":"2 Fungi Beasts","floor":4.0,"turns":4.0},{"damage":2.0,"enemies":"Looter","floor":6.0,"turns":3.0},{"damage":3.0,"enemies":"Exordium Wildlife","floor":8.0,"turns":3.0},{"damage":0.0,"enemies":"2 Fungi Beasts","floor":11.0,"turns":3.0},{"damage":0.0,"enemies":"Looter","floor":13.0,"turns":2.0},{"damage":0.0,"enemies":"3 Louse","floor":14.0,"turns":4.0},{"damage":0.0,"enemies":"Hexaghost","floor":16.0,"turns":10.0},{"damage":22.0,"enemies":"2 Thieves","floor":18.0,"turns":5.0},{"damage":5.0,"enemies":"3 Byrds","floor":19.0,"turns":3.0},{"damage":15.0,"enemies":"Sentry and Sphere","floor":20.0,"turns":7.0},{"damage":22.0,"enemies":"Centurion and Healer","floor":21.0,"turns":7.0},{"damage":14.0,"enemies":"Chosen and Byrds","floor":24.0,"turns":6.0},{"damage":21.0,"enemies":"Snake Plant","floor":25.0,"turns":7.0},{"damage":27,"enemies":"Centurion and Healer","floor":30,"turns":7},{"damage":25,"enemies":"Cultist and Chosen","floor":31,"turns":8},{"damage":65,"enemies":"Collector","floor":33,"turns":11},{"damage":19,"enemies":"Orb Walker","floor":35,"turns":6},{"damage":13,"enemies":"3 Darklings","floor":36,"turns":6},{"damage":7,"enemies":"Maw","floor":37,"turns":14},{"damage":27,"enemies":"Writhing Mass","floor":38,"turns":10},{"damage":29,"enemies":"Sphere and 2 Shapes","floor":40,"turns":6},{"damage":22,"enemies":"3 Darklings","floor":41,"turns":8},{"damage":12,"enemies":"Maw","floor":44,"turns":12},{"damage":18,"enemies":"4 Shapes","floor":45,"turns":2},{"damage":37,"enemies":"3 Darklings","floor":46,"turns":4},{"damage":26,"enemies":"Maw","floor":48,"turns":10}],"seed_played":"8433804916720455271","potions_obtained":[{"floor":1.0,"key":"LiquidBronze"},{"floor":3.0,"key":"FairyPotion"},{"floor":4.0,"key":"Dexterity Potion"},{"floor":19.0,"key":"Block Potion"},{"floor":20.0,"key":"Weak Potion"},{"floor":24.0,"key":"Swift Potion"},{"floor":31,"key":"Fire Potion"},{"floor":33,"key":"Swift Potion"},{"floor":36,"key":"GamblersBrew"},{"floor":40,"key":"GamblersBrew"},{"floor":41,"key":"EssenceOfSteel"},{"floor":44,"key":"Dexterity Potion"}],"is_trial":false,"path_per_floor":["M","M","M","M","$","M","R","M","T","R","M","R","M","M","R","B",null,"M","M","M","M","?","R","M","M","T","?","$","?","M","M","R","B",null,"M","M","M","M","?","M","M","R","T","M","M","M","?","M"],"character_chosen":"DEFECT","items_purchased":["Capacitor","Finesse","Loop"],"campfire_rested":1,"item_purchase_floors":[5,5,28],"current_hp_per_floor":[67,66,63,60,60,58,58,55,55,55,55,55,55,55,55,55,89,67,62,54,39,89,89,85,74,74,74,74,74,57,42,68,27,89,77,81,89,79,79,67,62,62,62,50,32,16,16,0],"gold":293,"neow_bonus":"TWENTY_PERCENT_HP_BONUS","is_prod":false,"is_daily":false,"chose_seed":false,"campfire_upgraded":6,"win_rate":0,"timestamp":1553530531,"path_taken":["M","M","M","M","$","M","R","M","T","R","M","R","M","M","R","BOSS","M","M","M","M","?","R","M","?","T","?","$","?","M","M","R","BOSS","M","M","M","M","?","M","M","R","T","M","M","M","?","M"],"build_version":"2019-01-23","purchased_purges":0,"victory":false,"max_hp_per_floor":[89,89,89,89,89,89,89,89,89,89,89,89,89,89,89,89,89,89,89,89,89,89,89,89,89,89,89,89,89,89,89,89,89,89,89,89,89,89,89,89,89,89,89,89,89,89,89,89],"card_choices":[{"not_picked":["Rip and Tear","Fusion"],"picked":"Compile Driver","floor":1.0},{"not_picked":["Melter","Genetic Algorithm"],"picked":"Coolheaded","floor":2.0},{"not_picked":["Sweeping Beam","Amplify"],"picked":"Go for the Eyes","floor":3.0},{"not_picked":["Compile Driver","Steam"],"picked":"Leap","floor":4.0},{"not_picked":["Stack","Storm"],"picked":"Hologram","floor":6.0},{"not_picked":["Go for the Eyes","Force Field"],"picked":"Reinforced Body","floor":8.0},{"not_picked":["Recycle","Storm"],"picked":"Compile Driver","floor":11.0},{"not_picked":["Fusion","Hello World"],"picked":"Stack","floor":13.0},{"not_picked":["Lockon","Rip and Tear","Beam Cell"],"picked":"SKIP","floor":14.0},{"not_picked":["Creative AI","Fission"],"picked":"Electrodynamics","floor":16.0},{"not_picked":["Conserve Battery+1","Steam+1"],"picked":"Self Repair","floor":18.0},{"not_picked":["Leap","Beam Cell"],"picked":"Compile Driver+1","floor":19.0},{"not_picked":["Gash+1","Force Field"],"picked":"Genetic Algorithm","floor":20.0},{"not_picked":["Stack+1","Beam Cell"],"picked":"Loop+1","floor":21.0},{"not_picked":["Auto Shields","Hologram"],"picked":"Conserve Battery+1","floor":24.0},{"not_picked":["Beam Cell","Heatsinks"],"picked":"White Noise","floor":25.0},{"not_picked":["Compile Driver","Go for the Eyes"],"picked":"Seek","floor":30},{"not_picked":["Double Energy","Leap"],"picked":"Self Repair","floor":31},{"not_picked":["Reboot","Electrodynamics"],"picked":"Machine Learning","floor":33},{"not_picked":["Steam","Cold Snap"],"picked":"Consume+1","floor":35},{"not_picked":["Leap+1","Darkness"],"picked":"Loop","floor":36},{"not_picked":["Streamline","Compile Driver"],"picked":"Undo+1","floor":37},{"not_picked":["Skim+1","Turbo"],"picked":"White Noise+1","floor":38},{"not_picked":["Hologram","Reprogram"],"picked":"Redo+1","floor":40},{"not_picked":["Conserve Battery","Beam Cell+1"],"picked":"Blizzard+1","floor":41},{"not_picked":["Auto Shields+1","Sweeping Beam+1"],"picked":"Redo+1","floor":44},{"not_picked":["Turbo","Leap"],"picked":"Consume+1","floor":45},{"not_picked":["Leap","Rebound"],"picked":"Recycle+1","floor":46}],"player_experience":1685479,"relics_obtained":[],"event_choices":[{"cards_removed":["Genetic Algorithm"],"damage_healed":50.0,"max_hp_gain":0.0,"max_hp_loss":0.0,"gold_gain":0.0,"event_name":"Bonfire Elementals","player_choice":"Offered Uncommon","floor":22.0,"gold_loss":0.0,"damage_taken":0.0},{"damage_healed":0.0,"max_hp_gain":0.0,"max_hp_loss":0.0,"gold_gain":0.0,"cards_transformed":["Strike_B","Defend_B"],"event_name":"Drug Dealer","player_choice":"Became Test Subject","floor":27.0,"gold_loss":0.0,"damage_taken":0.0,"cards_obtained":["Amplify","Reboot"]},{"damage_healed":0,"gold_gain":0,"player_choice":"Paid Fearfully","damage_taken":0,"max_hp_gain":0,"max_hp_loss":0,"event_name":"Masked Bandits","floor":29,"gold_loss":187},{"cards_removed":["Loop"],"damage_healed":0,"gold_gain":0,"player_choice":"Removed Power","damage_taken":0,"max_hp_gain":0,"max_hp_loss":0,"event_name":"Falling","floor":39,"gold_loss":0},{"damage_healed":0,"gold_gain":0,"player_choice":"Ignored","damage_taken":0,"max_hp_gain":0,"max_hp_loss":0,"event_name":"Tomb of Lord Red Mask","floor":47,"gold_loss":0}],"is_beta":false,"boss_relics":[{"not_picked":["Sozu","Calling Bell","Ectoplasm"]},{"not_picked":["Coffee Dripper","Eternal Feather"],"picked":"FrozenCore"}],"items_purged_floors":[],"is_endless":false,"potions_floor_spawned":[1,3,4,14,19,20,24,31,33,36,40,41,44],"killed_by":"Maw","ascension_level":0}