{"gold_per_floor":[114,125,125,125,125,125,155,44,70,82,96,96,106,56,56,159,159,172,189,207,207,224,251,268,268,291,43,73,88,102,152,152,251,251,263,273,289,342,342],"floor_reached":39,"playtime":5650,"items_purged":["Strike_R+1"],"score":475,"play_id":"898d32e2-7c21-4653-9cd7-aaae4a8c156c","local_time":"20190103155752","is_ascension_mode":false,"campfire_choices":[{"floor":6.0,"key":"REST"},{"floor":12.0,"key":"REST"},{"data":"Metallicize","floor":15.0,"key":"SMITH"},{"floor":25.0,"key":"REST"},{"floor":32.0,"key":"REST"}],"neow_cost":"NONE","seed_source_timestamp":529936268080522,"circlet_count":0,"master_deck":["Strike_R","Strike_R","Strike_R","Defend_R","Defend_R","Defend_R","Defend_R+1","Bash","Shrug It Off+1","Body Slam+1","Armaments","Metallicize+1","Rampage+1","Pommel Strike+1","Body Slam+1","Impervious+1","Anger+1","Shrug It Off+1","Cleave+1","Body Slam+1","Armaments+1","Metallicize","Secret Technique","Headbutt+1","Iron Wave+1","Rage+1","Offering","Flame Barrier","Feel No Pain+1","Warcry"],"special_seed":0,"relics":["Burning Blood","Molten Egg 2","Strawberry","Fusion Hammer","MutagenicStrength","War Paint","Orichalcum","Blood Vial","Runic Pyramid","Magic Flower"],"potions_floor_usage":[39,39],"damage_taken":[{"damage":6.0,"enemies":"2 Louse","floor":1.0,"turns":2.0},{"damage":15.0,"enemies":"Jaw Worm","floor":2.0,"turns":5.0},{"damage":46.0,"enemies":"Lagavulin","floor":7.0,"turns":9.0},{"damage":0.0,"enemies":"Small Slimes","floor":10.0,"turns":4.0},{"damage":21.0,"enemies":"Exordium Wildlife","floor":11.0,"turns":8.0},{"damage":0.0,"enemies":"Blue Slaver","floor":13.0,"turns":5.0},{"damage":43.0,"enemies":"Slime Boss","floor":16.0,"turns":12.0},{"damage":13.0,"enemies":"Spheric Guardian","floor":18.0,"turns":4.0},{"damage":4.0,"enemies":"3 Byrds","floor":19.0,"turns":5.0},{"damage":20.0,"enemies":"3 Cultists","floor":20.0,"turns":6.0},{"damage":2.0,"enemies":"Centurion and Healer","floor":22.0,"turns":7.0},{"damage":18.0,"enemies":"Gremlin Leader","floor":23.0,"turns":6.0},{"damage":12.0,"enemies":"Snake Plant","floor":24.0,"turns":3.0},{"damage":0.0,"enemies":"Slavers","floor":28.0,"turns":8.0},{"damage":6.0,"enemies":"Snecko","floor":29.0,"turns":5.0},{"damage":11.0,"enemies":"Cultist and Chosen","floor":30.0,"turns":5.0},{"damage":46.0,"enemies":"Collector","floor":33.0,"turns":12.0},{"damage":6.0,"enemies":"Orb Walker","floor":35.0,"turns":4.0},{"damage":21,"enemies":"3 Darklings","floor":36,"turns":4},{"damage":12,"enemies":"Sphere and 2 Shapes","floor":37,"turns":3},{"damage":70,"enemies":"2 Orb Walkers","floor":38,"turns":6},{"damage":25,"enemies":"Jaw Worm Horde","floor":39,"turns":1}],"seed_played":"7258592972814152363","potions_obtained":[{"floor":1.0,"key":"Swift Potion"},{"floor":2.0,"key":"SteroidPotion"},{"floor":19.0,"key":"Dexterity Potion"},{"floor":20.0,"key":"SkillPotion"},{"floor":22.0,"key":"SneckoOil"},{"floor":35.0,"key":"SneckoOil"},{"floor":36,"key":"EssenceOfSteel"},{"floor":38,"key":"Fire Potion"}],"is_trial":false,"path_per_floor":["M","M","?","?","?","R","E","$","T","M","M","R","M","?","R","B",null,"M","M","M","?","M","E","M","R","T","$","E","M","M","?","R","B",null,"M","M","M","?","M"],"character_chosen":"IRONCLAD","items_purchased":["Metallicize","Metallicize","Secret Technique"],"campfire_rested":4,"item_purchase_floors":[8,27,27],"current_hp_per_floor":[88,79,79,61,61,87,47,47,54,60,45,73,79,79,79,42,95,88,90,76,76,80,68,62,90,90,90,95,95,90,90,95,55,95,95,80,76,14,0],"gold":342,"neow_bonus":"TEN_PERCENT_HP_BONUS","is_prod":false,"is_daily":false,"chose_seed":false,"campfire_upgraded":1,"win_rate":0.0,"timestamp":1546552672,"path_taken":["M","M","?","?","?","R","E","$","T","M","?","R","M","?","R","BOSS","M","M","M","?","M","E","M","R","T","$","E","M","M","?","R","BOSS","M","?","?","?","M"],"build_version":"2018-12-20","purchased_purges":1,"victory":false,"max_hp_per_floor":[88,88,88,88,88,88,88,88,95,95,95,95,95,95,95,95,95,95,95,95,95,95,95,95,95,95,95,95,95,95,95,95,95,95,95,95,95,95,95],"card_choices":[{"not_picked":["Disarm","Reckless Charge"],"picked":"Shrug It Off","floor":1.0},{"not_picked":["Sword Boomerang","Clash"],"picked":"Body Slam","floor":2.0},{"not_picked":["Thunderclap","Warcry"],"picked":"Armaments","floor":7.0},{"not_picked":["Thunderclap+1","Clothesline+1"],"picked":"Rampage+1","floor":10.0},{"not_picked":["Flex","Clash+1"],"picked":"Pommel Strike+1","floor":11.0},{"not_picked":["Clash+1","Hemokinesis+1"],"picked":"Body Slam+1","floor":13.0},{"not_picked":["Barricade","Juggernaut"],"picked":"Impervious","floor":16.0},{"not_picked":["Fire Breathing","Warcry"],"picked":"Anger+1","floor":18.0},{"not_picked":["Clash+1","True Grit","Dark Embrace"],"picked":"SKIP","floor":19.0},{"not_picked":["Cleave+1","Ghostly Armor"],"picked":"Shrug It Off+1","floor":20.0},{"not_picked":["Heavy Blade+1","Anger+1"],"picked":"Cleave+1","floor":22.0},{"not_picked":["Perfected Strike+1","Headbutt+1"],"picked":"Body Slam+1","floor":23.0},{"not_picked":["True Grit","Headbutt+1"],"picked":"Armaments+1","floor":24.0},{"not_picked":["Perfected Strike+1","Uppercut+1"],"picked":"Headbutt+1","floor":28.0},{"not_picked":["Disarm","Body Slam+1"],"picked":"Iron Wave+1","floor":29.0},{"not_picked":["True Grit","Shrug It Off"],"picked":"Rage+1","floor":30.0},{"not_picked":["Bludgeon+1","Dark Embrace"],"picked":"Offering","floor":33.0},{"not_picked":["Hemokinesis+1","Headbutt+1"],"picked":"Flame Barrier","floor":35.0},{"not_picked":["Blood for Blood+1","Searing Blow+1"],"picked":"Feel No Pain+1","floor":36},{"not_picked":["Clothesline+1","Pommel Strike+1"],"picked":"Warcry","floor":37}],"player_experience":13782,"relics_obtained":[{"floor":7.0,"key":"Molten Egg 2"},{"floor":9.0,"key":"Strawberry"},{"floor":23.0,"key":"War Paint"},{"floor":26.0,"key":"Orichalcum"},{"floor":28.0,"key":"Blood Vial"},{"floor":38,"key":"Magic Flower"}],"event_choices":[{"damage_healed":0.0,"max_hp_gain":0.0,"max_hp_loss":0.0,"gold_gain":0.0,"event_name":"Scrap Ooze","player_choice":"Fled","floor":3.0,"gold_loss":0.0,"damage_taken":0.0},{"damage_healed":0.0,"max_hp_gain":0.0,"max_hp_loss":0.0,"gold_gain":0.0,"event_name":"Shining Light","player_choice":"Entered Light","floor":4.0,"gold_loss":0.0,"damage_taken":18.0,"cards_upgraded":["Strike_R","Defend_R"]},{"damage_healed":0.0,"max_hp_gain":0.0,"max_hp_loss":0.0,"gold_gain":0.0,"event_name":"Living Wall","player_choice":"Grow","floor":5.0,"gold_loss":0.0,"damage_taken":0.0,"cards_upgraded":["Body Slam"]},{"cards_removed":["Strike_R"],"damage_healed":0.0,"max_hp_gain":0.0,"max_hp_loss":0.0,"gold_gain":0.0,"event_name":"The Cleric","player_choice":"Card Removal","floor":14.0,"gold_loss":50.0,"damage_taken":0.0},{"damage_healed":0.0,"max_hp_gain":0.0,"max_hp_loss":0.0,"gold_gain":0.0,"event_name":"Drug Dealer","player_choice":"Inject Mutagens","floor":21.0,"gold_loss":0.0,"damage_taken":0.0,"relics_obtained":["MutagenicStrength"]},{"damage_healed":0.0,"max_hp_gain":0.0,"max_hp_loss":0.0,"gold_gain":100.0,"event_name":"The Joust","player_choice":"Bet on Murderer","floor":31.0,"gold_loss":50.0,"damage_taken":0.0},{"damage_healed":0,"gold_gain":0,"player_choice":"Fight","damage_taken":0,"max_hp_gain":0,"max_hp_loss":0,"event_name":"Mysterious Sphere","floor":38,"gold_loss":0}],"is_beta":false,"boss_relics":[{"not_picked":["Orrery","Velvet Choker"],"picked":"Fusion Hammer"},{"not_picked":["Coffee Dripper","Snecko Eye"],"picked":"Runic Pyramid"}],"items_purged_floors":[8],"is_endless":false,"potions_floor_spawned":[1,2,19,20,22,35,36,38],"killed_by":"Jaw Worm Horde","ascension_level":0}