{"gold_per_floor":[118,137,137,147,72,72,72,85,111,11,11,0,0,12,12,111,111,127,127,137,137,101,116,116,129,129,129,149,165,40,40,40,139,139,157,6,24,24,37,70,70],"floor_reached":41,"playtime":2201,"items_purged":["Strike_R","Bash","Strike_R"],"score":438,"play_id":"38d0245c-288b-4a9d-9e9d-c51a2eda4806","local_time":"20190105221804","is_ascension_mode":false,"campfire_choices":[{"data":"Body Slam","floor":6.0,"key":"SMITH"},{"data":"Barricade","floor":13,"key":"SMITH"},{"data":"Entrench","floor":15,"key":"SMITH"},{"data":"Metallicize","floor":24,"key":"SMITH"},{"data":"Flame Barrier","floor":27,"key":"SMITH"},{"floor":32,"key":"REST"}],"neow_cost":"NONE","seed_source_timestamp":363995072696936,"circlet_count":0,"master_deck":["Strike_R","Defend_R","Defend_R","Defend_R","Defend_R","Body Slam+1","Entrench+1","Barricade+1","Flame Barrier+1","Metallicize+1","True Grit+1","Battle Trance+1"],"special_seed":0,"relics":["Burning Blood","Boot","Runic Dome","Toxic Egg 2","Empty Cage","Bag of Preparation","Happy Flower"],"potions_floor_usage":[16],"damage_taken":[{"damage":7.0,"enemies":"Small Slimes","floor":1.0,"turns":3.0},{"damage":1.0,"enemies":"Cultist","floor":2.0,"turns":4.0},{"damage":12.0,"enemies":"2 Louse","floor":4.0,"turns":3.0},{"damage":7.0,"enemies":"Lots of Slimes","floor":8.0,"turns":8.0},{"damage":17,"enemies":"Looter","floor":12,"turns":5},{"damage":7,"enemies":"3 Louse","floor":14,"turns":6},{"damage":52,"enemies":"Hexaghost","floor":16,"turns":19},{"damage":10,"enemies":"Chosen","floor":18,"turns":6},{"damage":32,"enemies":"Spheric Guardian","floor":20,"turns":9},{"damage":28,"enemies":"Shelled Parasite and Fungi","floor":23,"turns":8},{"damage":0,"enemies":"Snake Plant","floor":25,"turns":5},{"damage":0,"enemies":"Snecko","floor":28,"turns":8},{"damage":4,"enemies":"Centurion and Healer","floor":29,"turns":10},{"damage":6,"enemies":"Champ","floor":33,"turns":11},{"damage":0,"enemies":"3 Darklings","floor":35,"turns":13},{"damage":0,"enemies":"Orb Walker","floor":37,"turns":4},{"damage":14,"enemies":"Sphere and 2 Shapes","floor":39,"turns":10},{"damage":91,"enemies":"Reptomancer","floor":40,"turns":11},{"damage":13,"enemies":"4 Shapes","floor":41,"turns":1}],"seed_played":"574633330532235136","potions_obtained":[{"floor":1.0,"key":"Ancient Potion"},{"floor":4.0,"key":"SteroidPotion"},{"floor":8.0,"key":"Poison Potion"},{"floor":16,"key":"Poison Potion"},{"floor":33,"key":"FairyPotion"},{"floor":35,"key":"PowerPotion"},{"floor":37,"key":"Dexterity Potion"}],"is_trial":false,"path_per_floor":["M","M","$","M","$","R","?","M","T","$","?","M","R","M","R","B",null,"M","?","M","?","$","M","R","M","T","R","M","M","$","?","R","B",null,"M","$","M","?","M","E","M"],"character_chosen":"IRONCLAD","items_purchased":["Metallicize","Bag of Preparation"],"campfire_rested":1,"item_purchase_floors":[22,36],"current_hp_per_floor":[87,88,88,82,82,82,87,86,86,86,86,75,75,74,74,28,93,89,89,63,63,63,41,41,47,47,47,53,55,55,55,82,82,93,93,93,93,93,85,12,0],"gold":70,"neow_bonus":"TEN_PERCENT_HP_BONUS","is_prod":false,"is_daily":false,"chose_seed":false,"campfire_upgraded":5,"win_rate":0,"timestamp":1546755484,"path_taken":["M","M","$","M","$","R","?","M","T","$","?","M","R","M","R","BOSS","M","?","?","?","$","?","R","M","T","R","M","M","$","?","R","BOSS","M","$","M","?","M","E","?"],"build_version":"2019-01-03v4","purchased_purges":3,"victory":false,"max_hp_per_floor":[88,88,88,88,88,88,93,93,93,93,93,93,93,93,93,93,93,93,93,93,93,93,93,93,93,93,93,93,93,93,93,93,93,93,93,93,93,93,93,93,93],"card_choices":[{"not_picked":["Rupture","Burning Pact","Sever Soul"],"picked":"SKIP","floor":1.0},{"not_picked":["Sever Soul","Iron Wave"],"picked":"Body Slam","floor":2.0},{"not_picked":["Cleave","Anger"],"picked":"Entrench","floor":4.0},{"not_picked":["Shockwave","Armaments"],"picked":"Barricade","floor":8.0},{"not_picked":["Body Slam","Seeing Red","Cleave"],"picked":"SKIP","floor":12},{"not_picked":["Headbutt","Disarm","Clothesline"],"picked":"SKIP","floor":14},{"not_picked":["Perfected Strike+1","Sentinel","Twin Strike"],"picked":"SKIP","floor":18},{"not_picked":["Flex+1","Body Slam"],"picked":"Flame Barrier","floor":20},{"not_picked":["Iron Wave+1","Dropkick+1","Clash"],"picked":"SKIP","floor":23},{"not_picked":["Bloodletting","Double Tap","Iron Wave"],"picked":"SKIP","floor":25},{"not_picked":["Rupture","Feel No Pain","Sword Boomerang+1"],"picked":"SKIP","floor":28},{"not_picked":["Cleave","Burning Pact+1"],"picked":"True Grit+1","floor":29},{"not_picked":["Cleave+1","Whirlwind+1","Corruption"],"picked":"SKIP","floor":35},{"not_picked":["Clothesline+1","Clash+1","Cleave"],"picked":"SKIP","floor":37},{"not_picked":["Juggernaut","Wild Strike","Carnage"],"picked":"SKIP","floor":39},{"not_picked":["Armaments+1","Seeing Red+1"],"picked":"Battle Trance+1","floor":40}],"player_experience":121444,"relics_obtained":[{"floor":9,"key":"Boot"},{"floor":26,"key":"Toxic Egg 2"},{"floor":40,"key":"Happy Flower"}],"event_choices":[{"damage_healed":0.0,"max_hp_gain":5.0,"max_hp_loss":0.0,"gold_gain":0.0,"event_name":"Big Fish","player_choice":"Donut","floor":7.0,"gold_loss":0.0,"damage_taken":0.0},{"damage_healed":0,"gold_gain":0,"player_choice":"Ignored","damage_taken":0,"max_hp_gain":0,"max_hp_loss":0,"event_name":"Liars Game","floor":11,"gold_loss":0},{"damage_healed":0,"gold_gain":0,"player_choice":"0 cards matched","damage_taken":0,"max_hp_gain":0,"max_hp_loss":0,"event_name":"Match and Keep!","floor":19,"gold_loss":0,"cards_obtained":[]},{"damage_healed":0,"gold_gain":0,"player_choice":"Bought 0 Potions","damage_taken":0,"max_hp_gain":0,"max_hp_loss":0,"event_name":"The Woman in Blue","floor":21,"gold_loss":0},{"damage_healed":0,"gold_gain":0,"player_choice":"Ignored","damage_taken":0,"max_hp_gain":0,"max_hp_loss":0,"event_name":"Vampires","floor":31,"gold_loss":0},{"damage_healed":0,"gold_gain":0,"player_choice":"Ignored","damage_taken":0,"max_hp_gain":0,"max_hp_loss":0,"event_name":"WeMeetAgain","floor":38,"gold_loss":0}],"is_beta":false,"boss_relics":[{"not_picked":["Snecko Eye","Tiny House"],"picked":"Runic Dome"},{"not_picked":["White Beast Statue","Pandora\u0027s Box"],"picked":"Empty Cage"}],"items_purged_floors":[5,10,30],"is_endless":false,"potions_floor_spawned":[1,4,8,16,18,25,28,33,35,37],"killed_by":"4 Shapes","ascension_level":0}