{"gold_per_floor":[17,17,36,55,55,82,82,149,149,165,185,203,234,297,297,394,394,405,481,493,508,558,558,584,584,584,549,568,600,217,234,234,234],"floor_reached":33,"playtime":11087,"items_purged":[],"score":316,"play_id":"a4d410c5-e822-4cd6-b7d9-417b15478cad","local_time":"20180818195501","is_ascension_mode":true,"campfire_choices":[{"data":"Cloak And Dagger","floor":7,"key":"SMITH"},{"floor":15,"key":"REST"},{"floor":23,"key":"REST"},{"floor":25,"key":"REST"},{"floor":32,"key":"REST"}],"neow_cost":"NO_GOLD","seed_source_timestamp":142801515529267,"circlet_count":0,"master_deck":["Defend_G+1","Defend_G+1","Defend_G+1","Defend_G+1","Defend_G+1","Strike_G+1","Strike_G+1","Strike_G+1","Strike_G+1","Strike_G+1","Survivor","Neutralize","Cloak And Dagger+1","Poisoned Stab","Infinite Blades","Blade Dance","Deadly Poison","Flying Knee","Dagger Spray","Crippling Poison","Flying Knee","Bane","Die Die Die","Blade Dance+1","Riddle With Holes+1","Outmaneuver","Caltrops+1","Cloak And Dagger+1","Dagger Spray","Underhanded Strike","Accuracy","Dash"],"relics":["Ring of the Snake","Ice Cream","SsserpentHead","Omamori","Bag of Preparation","Ornamental Fan","WristBlade","Red Mask","Dead Branch","Bottled Flame","Peace Pipe","Calipers","Thread and Needle"],"potions_floor_usage":[3,4,4,6,8,11,13,13,16,33],"damage_taken":[{"damage":10,"enemies":"Small Slimes","floor":1,"turns":5},{"damage":0,"enemies":"Cultist","floor":3,"turns":4},{"damage":1,"enemies":"Jaw Worm","floor":4,"turns":4},{"damage":15,"enemies":"Lagavulin","floor":6,"turns":8},{"damage":10,"enemies":"Lots of Slimes","floor":8,"turns":5},{"damage":1,"enemies":"Looter","floor":10,"turns":2},{"damage":3,"enemies":"Gremlin Gang","floor":11,"turns":3},{"damage":3,"enemies":"Blue Slaver","floor":12,"turns":4},{"damage":16,"enemies":"Gremlin Nob","floor":13,"turns":5},{"damage":10,"enemies":"Red Slaver","floor":14,"turns":3},{"damage":16,"enemies":"Hexaghost","floor":16,"turns":9},{"damage":6,"enemies":"Spheric Guardian","floor":18,"turns":3},{"damage":15,"floor":19,"turns":3},{"damage":12,"enemies":"2 Thieves","floor":20,"turns":4},{"damage":14,"enemies":"Sentry and Sphere","floor":21,"turns":4},{"damage":17,"enemies":"Book of Stabbing","floor":24,"turns":5},{"damage":17,"enemies":"Cultist and Chosen","floor":28,"turns":5},{"damage":29,"enemies":"Slavers","floor":29,"turns":3},{"damage":8,"enemies":"3 Cultists","floor":31,"turns":5},{"damage":70,"enemies":"Automaton","floor":33,"turns":6}],"seed_played":"-8298081133299393464","potions_obtained":[{"floor":2,"key":"EntropicBrew"},{"floor":2,"key":"EntropicBrew"},{"floor":3,"key":"Fruit Juice"},{"floor":4,"key":"AttackPotion"},{"floor":6,"key":"AttackPotion"},{"floor":8,"key":"SpeedPotion"},{"floor":12,"key":"SpeedPotion"},{"floor":21,"key":"FairyPotion"},{"floor":24,"key":"GamblersBrew"},{"floor":31,"key":"Poison Potion"}],"is_trial":false,"path_per_floor":["M","?","M","M","?","E","R","M","T","M","M","M","E","M","R","B",null,"M","?","M","M","?","R","E","R","T","?","M","E","$","M","R"],"character_chosen":"THE_SILENT","items_purchased":["Accuracy","Thread and Needle"],"campfire_rested":4,"item_purchase_floors":[30,30],"current_hp_per_floor":[60,60,60,64,64,49,49,53,53,52,49,46,30,20,42,26,75,69,54,42,28,28,50,33,55,55,55,38,9,9,1,23,0],"gold":234,"neow_bonus":"ONE_RARE_RELIC","is_prod":false,"is_daily":false,"chose_seed":false,"campfire_upgraded":1,"win_rate":0,"timestamp":1534643701,"path_taken":["M","?","M","?","?","E","R","?","T","M","M","M","E","?","R","BOSS","M","?","M","M","?","R","E","R","T","?","M","E","$","M","R","BOSS"],"build_version":"2018-08-16","purchased_purges":0,"victory":false,"max_hp_per_floor":[70,70,70,75,75,75,75,75,75,75,75,75,75,75,75,75,75,75,75,75,75,75,75,75,75,75,75,75,75,75,75,75,75],"card_choices":[{"not_picked":["Sucker Punch","Catalyst"],"picked":"Cloak And Dagger","floor":1},{"not_picked":["Leg Sweep","Dagger Spray"],"picked":"Poisoned Stab","floor":3},{"not_picked":["Blur","Underhanded Strike"],"picked":"Infinite Blades","floor":4},{"not_picked":["Dagger Spray","Setup"],"picked":"Blade Dance","floor":6},{"not_picked":["Blur","Infinite Blades"],"picked":"Deadly Poison","floor":8},{"not_picked":["Prepared","Setup"],"picked":"Flying Knee","floor":10},{"not_picked":["Grand Finale","Acrobatics"],"picked":"Dagger Spray","floor":11},{"not_picked":["Calculated Gamble","Prepared"],"picked":"Crippling Poison","floor":12},{"not_picked":["Backflip","Glass Knife"],"picked":"Flying Knee","floor":13},{"not_picked":["Sucker Punch","Slice"],"picked":"Bane","floor":14},{"not_picked":["Unload","Storm of Steel"],"picked":"Die Die Die","floor":16},{"not_picked":["Acrobatics","Dagger Spray"],"picked":"Blade Dance+1","floor":18},{"not_picked":["Choke","Sucker Punch"],"picked":"Riddle With Holes+1","floor":19},{"not_picked":["Endless Agony","Prepared"],"picked":"Outmaneuver","floor":20},{"not_picked":["Outmaneuver","Cloak And Dagger+1"],"picked":"Caltrops+1","floor":21},{"not_picked":["Prepared","Expertise"],"picked":"Cloak And Dagger+1","floor":24},{"not_picked":["Dodge and Roll","Venomology"],"picked":"Dagger Spray","floor":28},{"not_picked":["Envenom","PiercingWail"],"picked":"Underhanded Strike","floor":29},{"not_picked":["Leg Sweep","Prepared"],"picked":"Dash","floor":31}],"player_experience":251134,"relics_obtained":[{"floor":6,"key":"Omamori"},{"floor":9,"key":"Bag of Preparation"},{"floor":13,"key":"Ornamental Fan"},{"floor":19,"key":"Red Mask"},{"floor":24,"key":"Dead Branch"},{"floor":26,"key":"Bottled Flame"},{"floor":29,"key":"Calipers"}],"event_choices":[{"event_name":"The Lab","player_choice":"Got Potions","floor":2,"damage_taken":0},{"event_name":"FaceTrader","player_choice":"Trade","floor":5,"damage_taken":0},{"event_name":"Masked Bandits","player_choice":"Fought Bandits","floor":19,"damage_taken":0},{"event_name":"Back to Basics","player_choice":"Simplicity","floor":22,"damage_taken":0},{"event_name":"Addict","player_choice":"Obtained Relic","floor":27,"damage_taken":0}],"is_beta":false,"boss_relics":[{"not_picked":["Pandora\u0027s Box","HoveringKite"],"picked":"WristBlade"}],"items_purged_floors":[],"is_endless":false,"potions_floor_spawned":[3,4,6,8,12,21,24,31],"killed_by":"Automaton","ascension_level":1}