{"gold_per_floor":[110,121,121,46,46,86,86,111,134,149,189,264,277,296,296,296],"floor_reached":16,"playtime":846,"items_purged":["Multi-Cast"],"score":112,"play_id":"9f18fc54-4fde-46e6-84ca-afca6d87e3b7","local_time":"20190317234906","is_ascension_mode":false,"campfire_choices":[{"floor":7,"key":"REST"},{"floor":15,"key":"REST"}],"neow_cost":"NONE","seed_source_timestamp":174015108296699,"circlet_count":0,"master_deck":["Strike_B","Strike_B","Strike_B","Strike_B","Defend_B","Defend_B","Defend_B","Defend_B","Zap","Conserve Battery","Capacitor","Cold Snap","Glacier","Storm","Heatsinks","Coolheaded","Gash"],"relics":["Cracked Core","Golden Idol","Boot","Smiling Mask","Art of War"],"potions_floor_usage":[6,13,16],"damage_taken":[{"damage":6,"enemies":"Jaw Worm","floor":1,"turns":4},{"damage":3,"enemies":"Cultist","floor":2,"turns":4},{"damage":55,"enemies":"Gremlin Nob","floor":6,"turns":6},{"damage":4,"enemies":"2 Louse","floor":8,"turns":2},{"damage":0,"enemies":"Large Slime","floor":10,"turns":7},{"damage":6,"enemies":"3 Sentries","floor":11,"turns":10},{"damage":1,"enemies":"Exordium Wildlife","floor":13,"turns":7},{"damage":0,"enemies":"Blue Slaver","floor":14,"turns":3},{"damage":36,"enemies":"Hexaghost","floor":16,"turns":10}],"seed_played":"42888607267563338","potions_obtained":[{"floor":2,"key":"FocusPotion"},{"floor":8,"key":"Weak Potion"},{"floor":11,"key":"Poison Potion"},{"floor":13,"key":"Fruit Juice"}],"is_trial":false,"path_per_floor":["?","$","?","?","M"],"character_chosen":"DEFECT","items_purchased":[],"campfire_rested":2,"item_purchase_floors":[],"current_hp_per_floor":[69,66,66,66,66,11,31,27,27,27,21,10,14,14,36,0],"gold":296,"neow_bonus":"TRANSFORM_CARD","is_prod":false,"is_daily":false,"chose_seed":false,"campfire_upgraded":0,"win_rate":0,"timestamp":1552880946,"path_taken":["M","M","?","?","?","E","R","M","T","M","E","?","?","M","R","BOSS"],"build_version":"2019-01-23","purchased_purges":1,"victory":false,"max_hp_per_floor":[75,75,75,75,69,69,69,69,69,69,69,69,74,74,74,74],"card_choices":[{"not_picked":["Leap","Consume"],"picked":"Conserve Battery","floor":1},{"not_picked":["Rebound","Leap"],"picked":"Capacitor","floor":2},{"not_picked":["Barrage","Streamline"],"picked":"Cold Snap","floor":6},{"not_picked":["Doom and Gloom","Steam"],"picked":"Glacier","floor":8},{"not_picked":["Rebound","Barrage"],"picked":"Storm","floor":10},{"not_picked":["Rebound","Sunder"],"picked":"Heatsinks","floor":11},{"not_picked":["Fission","Stack"],"picked":"Coolheaded","floor":13},{"not_picked":["Steam Power","Steam"],"picked":"Gash","floor":14}],"player_experience":731611,"relics_obtained":[{"floor":6,"key":"Boot"},{"floor":9,"key":"Smiling Mask"},{"floor":11,"key":"Art of War"}],"event_choices":[{"damage_healed":0,"gold_gain":0,"cards_transformed":["All For One"],"player_choice":"Transformed","damage_taken":0,"max_hp_gain":0,"max_hp_loss":0,"event_name":"Transmorgrifier","floor":3,"gold_loss":0,"cards_obtained":["Multi-Cast"]},{"damage_healed":0,"gold_gain":0,"player_choice":"Lose Max HP","damage_taken":0,"relics_obtained":["Golden Idol"],"max_hp_gain":0,"max_hp_loss":6,"event_name":"Golden Idol","floor":5,"gold_loss":0},{"damage_healed":0,"gold_gain":75,"player_choice":"Gather Gold","damage_taken":11,"max_hp_gain":0,"max_hp_loss":0,"event_name":"World of Goop","floor":12,"gold_loss":0}],"is_beta":false,"boss_relics":[],"items_purged_floors":[4],"is_endless":false,"potions_floor_spawned":[2,8,11,13],"killed_by":"Hexaghost","ascension_level":0}