{"gold_per_floor":[113,188,206,206,171,171,21,57,110,134,134,172,188,219,219,219],"floor_reached":16,"playtime":580,"items_purged":[],"score":243,"play_id":"69a4525d-5ef2-4408-a515-c18603b428ab","local_time":"20190405140257","is_ascension_mode":true,"campfire_choices":[{"data":"Sweeping Beam","floor":6,"key":"SMITH"},{"data":"Sweeping Beam","floor":11,"key":"SMITH"},{"data":"Coolheaded","floor":15,"key":"SMITH"}],"neow_cost":"NONE","seed_source_timestamp":1780709501161216,"circlet_count":0,"master_deck":["AscendersBane","Strike_B","Strike_B","Strike_B","Strike_B","Defend_B","Defend_B","Defend_B+1","Defend_B","Zap+1","Dualcast","Sweeping Beam+1","Genetic Algorithm","Sweeping Beam+1","Cold Snap","Coolheaded+1","Glacier"],"relics":["Cracked Core","NeowsBlessing","Golden Idol","Potion Belt","Blood Vial","War Paint","Lantern","Symbiotic Virus"],"potions_floor_usage":[14,16,16],"damage_taken":[{"damage":0,"enemies":"2 Louse","floor":1,"turns":1},{"damage":0,"enemies":"Jaw Worm","floor":3,"turns":1},{"damage":0,"enemies":"Lagavulin","floor":8,"turns":3},{"damage":7,"enemies":"Small Slimes","floor":10,"turns":2},{"damage":15,"enemies":"3 Sentries","floor":12,"turns":5},{"damage":0,"enemies":"3 Louse","floor":13,"turns":1},{"damage":16,"enemies":"Gremlin Nob","floor":14,"turns":4},{"damage":32,"enemies":"The Guardian","floor":16,"turns":12}],"seed_played":"-7789995685481937209","potions_obtained":[{"floor":3,"key":"FearPotion"},{"floor":10,"key":"Poison Potion"},{"floor":14,"key":"Regen Potion"}],"is_trial":false,"path_per_floor":["?","?","?"],"character_chosen":"DEFECT","items_purchased":["Potion Belt"],"campfire_rested":0,"item_purchase_floors":[7],"current_hp_per_floor":[64,53,53,36,53,53,53,53,53,48,48,35,37,23,23,0],"gold":219,"neow_bonus":"THREE_ENEMY_KILL","is_prod":false,"is_daily":false,"chose_seed":false,"campfire_upgraded":3,"win_rate":0,"timestamp":1554487377,"path_taken":["M","?","M","?","?","R","$","E","T","M","R","E","M","E","R","BOSS"],"build_version":"2019-01-23","purchased_purges":0,"victory":false,"max_hp_per_floor":[71,71,71,71,71,71,71,71,71,71,71,71,71,71,71,71],"card_choices":[{"not_picked":["Gash","Double Energy"],"picked":"Sweeping Beam","floor":1},{"not_picked":["Hologram","Gash"],"picked":"Genetic Algorithm","floor":3},{"not_picked":["Rainbow","White Noise"],"picked":"Sweeping Beam","floor":8},{"not_picked":["Gash","Steam"],"picked":"Cold Snap","floor":10},{"not_picked":["Compile Driver","Rip and Tear"],"picked":"Coolheaded","floor":12},{"not_picked":["Redo","Blizzard"],"picked":"Glacier","floor":13},{"not_picked":["Beam Cell","Streamline","Conserve Battery"],"picked":"SKIP","floor":14}],"player_experience":1509113,"relics_obtained":[{"floor":8,"key":"Blood Vial"},{"floor":9,"key":"War Paint"},{"floor":12,"key":"Lantern"},{"floor":14,"key":"Symbiotic Virus"}],"event_choices":[{"damage_healed":0,"gold_gain":75,"player_choice":"Gather Gold","damage_taken":11,"max_hp_gain":0,"max_hp_loss":0,"event_name":"World of Goop","floor":2,"gold_loss":0},{"damage_healed":0,"gold_gain":0,"player_choice":"Take Damage","damage_taken":17,"relics_obtained":["Golden Idol"],"max_hp_gain":0,"max_hp_loss":0,"event_name":"Golden Idol","floor":4,"gold_loss":0},{"damage_healed":17,"gold_gain":0,"player_choice":"Healed","damage_taken":0,"max_hp_gain":0,"max_hp_loss":0,"event_name":"The Cleric","floor":5,"gold_loss":35}],"is_beta":false,"boss_relics":[],"items_purged_floors":[],"is_endless":false,"potions_floor_spawned":[3,10,14],"killed_by":"The Guardian","ascension_level":14}