{"gold_per_floor":[119,137,154,184,198,226,226,226,226,240,255,255,273,298,298,423,423,446,369,369,3,23,23,23,58,58,58,58,333,358,374,374,497,497,522,147,172,172],"floor_reached":38,"playtime":2670,"items_purged":[],"score":582,"play_id":"55f0c534-10b4-4e58-96a5-b1d69e3c406a","local_time":"20190323154145","is_ascension_mode":true,"campfire_choices":[{"floor":8,"key":"REST"},{"floor":15,"key":"REST"},{"data":"Footwork","floor":24,"key":"SMITH"},{"floor":28,"key":"REST"},{"floor":32,"key":"REST"}],"neow_cost":"NONE","seed_source_timestamp":284516446614371,"circlet_count":0,"master_deck":["Defend_G","Defend_G","Defend_G","Defend_G","Defend_G","Strike_G","Strike_G","Strike_G","Strike_G","Strike_G","Survivor","Neutralize+1","Flechettes","Acrobatics","Dagger Throw","Dash","Noxious Fumes","Injury","Blur","Blur","Crippling Poison","Leg Sweep","Wraith Form v2","Well Laid Plans","Footwork+1","Cloak And Dagger","Noxious Fumes","Die Die Die","Backstab","Sucker Punch+1","Blur+1","Malaise","Cloak And Dagger+1","Sadistic Nature","Glass Knife","Deflect","Dodge and Roll"],"relics":["Ring of the Snake","Tiny Chest","Calipers","Golden Idol","Pantograph","Cursed Key","Blood Vial","Kunai","Omamori","Blue Candle","Sozu"],"potions_floor_usage":[10,10,16,25,25],"damage_taken":[{"damage":2,"enemies":"Jaw Worm","floor":1,"turns":6},{"damage":0,"enemies":"Cultist","floor":2,"turns":3},{"damage":3,"enemies":"2 Louse","floor":3,"turns":3},{"damage":6,"enemies":"Looter","floor":5,"turns":3},{"damage":47,"enemies":"3 Sentries","floor":6,"turns":12},{"damage":10,"enemies":"Large Slime","floor":10,"turns":5},{"damage":4,"enemies":"3 Louse","floor":11,"turns":3},{"damage":0,"enemies":"Red Slaver","floor":13,"turns":5},{"damage":2,"enemies":"Blue Slaver","floor":14,"turns":5},{"damage":29,"enemies":"Hexaghost","floor":16,"turns":12},{"damage":13,"enemies":"Chosen","floor":18,"turns":7},{"damage":8,"enemies":"2 Thieves","floor":22,"turns":4},{"damage":27,"enemies":"Slavers","floor":25,"turns":7},{"damage":9,"enemies":"Centurion and Healer","floor":30,"turns":9},{"damage":14,"enemies":"Shelled Parasite and Fungi","floor":31,"turns":7},{"damage":68,"enemies":"Collector","floor":33,"turns":11},{"damage":20,"enemies":"3 Darklings","floor":35,"turns":5},{"damage":16,"enemies":"Orb Walker","floor":37,"turns":4},{"damage":29,"enemies":"Writhing Mass","floor":38,"turns":2}],"seed_played":"-3747557942376550719","potions_obtained":[{"floor":2,"key":"SteroidPotion"},{"floor":6,"key":"Regen Potion"},{"floor":10,"key":"GamblersBrew"},{"floor":13,"key":"Energy Potion"},{"floor":18,"key":"Ancient Potion"},{"floor":22,"key":"SkillPotion"}],"is_trial":false,"path_per_floor":["M","M","M","?","M","E","?","R","T","M","M","?","M","M","R","B",null,"M","$","?","$","M","?","R","E","T","$","R","?","M","M","R","B",null,"M","$","M","M"],"character_chosen":"THE_SILENT","items_purchased":["Footwork","Noxious Fumes","Blood Vial","Die Die Die","Sadistic Nature","Glass Knife","Deflect"],"campfire_rested":4,"item_purchase_floors":[19,21,21,21,36,36,36],"current_hp_per_floor":[61,61,58,58,52,5,5,26,26,31,27,27,27,25,46,41,63,50,50,50,50,44,44,44,19,19,19,40,40,33,21,42,1,53,35,35,21,0],"gold":172,"neow_bonus":"UPGRADE_CARD","is_prod":false,"is_daily":false,"chose_seed":false,"campfire_upgraded":1,"win_rate":0,"timestamp":1553377305,"path_taken":["M","M","M","?","?","E","?","R","T","M","M","?","M","M","R","BOSS","M","$","?","$","M","?","R","E","T","$","R","?","M","M","R","BOSS","M","$","M","M"],"build_version":"2019-01-23","purchased_purges":0,"victory":false,"max_hp_per_floor":[70,70,70,70,70,70,70,70,70,70,70,70,70,70,70,70,70,70,70,70,70,70,70,70,70,70,70,70,70,70,70,70,70,70,70,70,70,70],"card_choices":[{"not_picked":["Outmaneuver","Deadly Poison"],"picked":"Flechettes","floor":1},{"not_picked":["Flying Knee","Poisoned Stab"],"picked":"Acrobatics","floor":2},{"not_picked":["Eviscerate","Sucker Punch"],"picked":"Dagger Throw","floor":3},{"not_picked":["Deadly Poison","Dagger Throw"],"picked":"Dash","floor":5},{"not_picked":["Setup","Backstab"],"picked":"Noxious Fumes","floor":6},{"not_picked":["Reflex","Accuracy"],"picked":"Blur","floor":10},{"not_picked":["Grand Finale","Dodge and Roll"],"picked":"Blur","floor":11},{"not_picked":["Calculated Gamble","Concentrate"],"picked":"Crippling Poison","floor":13},{"not_picked":["Crippling Poison","Slice"],"picked":"Leg Sweep","floor":14},{"not_picked":["Storm of Steel","Bullet Time"],"picked":"Wraith Form v2","floor":16},{"not_picked":["Poisoned Stab","Outmaneuver"],"picked":"Well Laid Plans","floor":18},{"not_picked":["Acrobatics","Sucker Punch+1"],"picked":"Backstab","floor":22},{"not_picked":["Outmaneuver","Prepared","Flying Knee"],"picked":"SKIP","floor":25},{"not_picked":["Underhanded Strike","Slice"],"picked":"Sucker Punch+1","floor":30},{"not_picked":["All Out Attack","Dagger Throw"],"picked":"Blur+1","floor":31},{"not_picked":["Glass Knife","Night Terror"],"picked":"Malaise","floor":33},{"not_picked":["Dagger Throw","Underhanded Strike+1"],"picked":"Cloak And Dagger+1","floor":35},{"not_picked":["Flechettes","Bane"],"picked":"Dodge and Roll","floor":37}],"player_experience":1675450,"relics_obtained":[{"floor":4,"key":"Tiny Chest"},{"floor":6,"key":"Calipers"},{"floor":9,"key":"Pantograph"},{"floor":25,"key":"Omamori"},{"floor":26,"key":"Blue Candle"}],"event_choices":[{"damage_healed":0,"gold_gain":0,"player_choice":"Relic","damage_taken":0,"max_hp_gain":0,"max_hp_loss":0,"event_name":"Wheel of Change","floor":4,"gold_loss":0},{"damage_healed":0,"gold_gain":0,"player_choice":"Take Wound","damage_taken":0,"relics_obtained":["Golden Idol"],"max_hp_gain":0,"max_hp_loss":0,"event_name":"Golden Idol","floor":7,"gold_loss":0,"cards_obtained":["Injury"]},{"damage_healed":0,"gold_gain":0,"player_choice":"Fled","damage_taken":0,"max_hp_gain":0,"max_hp_loss":0,"event_name":"Scrap Ooze","floor":12,"gold_loss":0},{"damage_healed":0,"gold_gain":0,"player_choice":"Read","damage_taken":0,"max_hp_gain":0,"max_hp_loss":0,"event_name":"The Library","floor":20,"gold_loss":0,"cards_obtained":["Cloak And Dagger"]},{"damage_healed":0,"gold_gain":0,"player_choice":"Opened","damage_taken":0,"relics_obtained":["Kunai"],"max_hp_gain":0,"max_hp_loss":0,"event_name":"The Mausoleum","floor":23,"gold_loss":0},{"damage_healed":0,"gold_gain":275,"player_choice":"Desecrate","damage_taken":0,"max_hp_gain":0,"max_hp_loss":0,"event_name":"Golden Shrine","floor":29,"gold_loss":0,"cards_obtained":["Regret"]}],"is_beta":false,"boss_relics":[{"not_picked":["Ring of the Serpent","Fusion Hammer"],"picked":"Cursed Key"},{"not_picked":["Eternal Feather","Empty Cage"],"picked":"Sozu"}],"items_purged_floors":[],"is_endless":false,"potions_floor_spawned":[2,6,10,13,18,22,35],"killed_by":"Writhing Mass","ascension_level":8}