{"gold_per_floor":[109,109,124,140,165,208,208,208,262,277,125,166,166,182,182,303,303,327,327,527,540,555,555,555],"floor_reached":24,"playtime":648,"items_purged":[],"score":310,"play_id":"0658889f-ff03-4fdd-a60f-b8ff6aa868f1","local_time":"20180919153142","is_ascension_mode":true,"campfire_choices":[{"data":"Armaments","floor":8,"key":"SMITH"},{"data":"Seeing Red","floor":15,"key":"SMITH"},{"floor":23,"key":"REST"}],"neow_cost":"CURSE","seed_source_timestamp":510534056638033,"circlet_count":0,"master_deck":["Strike_R","Strike_R","Strike_R","Strike_R","Strike_R","Defend_R","Defend_R","Defend_R","Defend_R","Bash","Parasite","Immolate","Sword Boomerang","Injury","Sentinel","Rampage","Armaments+1","Clothesline","Inflame","Seeing Red+1","Inflame","Sever Soul","Limit Break","Pummel","Heavy Blade","Spot Weakness","Pummel"],"relics":["Burning Blood","Golden Idol","Bottled Lightning","Oddly Smooth Stone","Vajra"],"potions_floor_usage":[5,12,12,14,16,22],"damage_taken":[{"damage":0,"enemies":"2 Louse","floor":1,"turns":1},{"damage":0,"enemies":"Small Slimes","floor":3,"turns":2},{"damage":1,"enemies":"Cultist","floor":4,"turns":3},{"damage":11,"enemies":"Red Slaver","floor":5,"turns":3},{"damage":20,"enemies":"3 Sentries","floor":6,"turns":4},{"damage":9,"enemies":"2 Fungi Beasts","floor":10,"turns":3},{"damage":22,"enemies":"Lagavulin","floor":12,"turns":6},{"damage":9,"enemies":"Gremlin Gang","floor":14,"turns":2},{"damage":0,"enemies":"Slime Boss","floor":16,"turns":5},{"damage":15,"enemies":"Chosen","floor":18,"turns":5},{"damage":5,"enemies":"2 Thieves","floor":21,"turns":2},{"damage":38,"enemies":"Shelled Parasite and Fungi","floor":22,"turns":6},{"damage":68,"enemies":"Book of Stabbing","floor":24,"turns":5}],"seed_played":"-9024220806643993035","potions_obtained":[{"floor":3,"key":"EssenceOfSteel"},{"floor":5,"key":"Fire Potion"},{"floor":6,"key":"Dexterity Potion"},{"floor":10,"key":"SpeedPotion"},{"floor":12,"key":"BloodPotion"},{"floor":18,"key":"SteroidPotion"}],"is_trial":false,"path_per_floor":["M","?","M","M","M","E","?","R","T","M","$","E","?","M","R","B",null,"M","?","?","M","M","R"],"character_chosen":"IRONCLAD","items_purchased":["Inflame","Seeing Red"],"campfire_rested":1,"item_purchase_floors":[11,11],"current_hp_per_floor":[80,80,80,80,75,61,80,80,80,77,77,61,61,66,66,72,80,71,71,71,72,40,64,0],"gold":555,"neow_bonus":"THREE_RARE_CARDS","is_prod":false,"is_daily":false,"chose_seed":false,"campfire_upgraded":2,"win_rate":0,"timestamp":1537392702,"path_taken":["M","?","M","M","?","E","?","R","T","M","$","E","?","M","R","BOSS","M","?","?","M","M","R","E"],"build_version":"2018-09-06","purchased_purges":0,"victory":false,"max_hp_per_floor":[80,80,80,80,80,80,80,80,80,80,80,80,80,80,80,80,80,80,80,80,80,80,80,80],"card_choices":[{"not_picked":["Fiend Fire","Limit Break"],"picked":"Immolate","floor":0},{"not_picked":["True Grit","Dual Wield"],"picked":"Sword Boomerang","floor":1},{"not_picked":["Warcry","Whirlwind"],"picked":"Sentinel","floor":3},{"not_picked":["Iron Wave","Heavy Blade"],"picked":"Burning Pact","floor":4},{"not_picked":["Combust","Pommel Strike"],"picked":"Rampage","floor":5},{"not_picked":["Anger","Shrug It Off"],"picked":"Armaments","floor":6},{"not_picked":["Wild Strike","Body Slam"],"picked":"Clothesline","floor":10},{"not_picked":["Rupture","Feed"],"picked":"Inflame","floor":12},{"not_picked":["Dual Wield","Whirlwind"],"picked":"Sever Soul","floor":14},{"not_picked":["Offering","Brutality"],"picked":"Limit Break","floor":16},{"not_picked":["Second Wind","Shrug It Off"],"picked":"Pummel","floor":18},{"not_picked":["Intimidate","Thunderclap"],"picked":"Spot Weakness","floor":21},{"not_picked":["Rampage","Dropkick"],"picked":"Pummel","floor":22}],"player_experience":542969,"relics_obtained":[{"floor":6,"key":"Bottled Lightning"},{"floor":9,"key":"Oddly Smooth Stone"},{"floor":12,"key":"Vajra"}],"event_choices":[{"event_name":"Golden Idol","player_choice":"Take Wound","floor":2,"damage_taken":0},{"event_name":"Bonfire Elementals","player_choice":"UNCOMMON","floor":7,"damage_taken":0},{"event_name":"Liars Game","player_choice":"disagreed","floor":13,"damage_taken":0},{"event_name":"The Library","player_choice":"Read","floor":19,"damage_taken":0},{"event_name":"The Joust","player_choice":"Bet on Owner","floor":20,"damage_taken":0}],"is_beta":false,"boss_relics":[{"not_picked":["Runic Pyramid","Pandora\u0027s Box","Philosopher\u0027s Stone"]}],"items_purged_floors":[],"is_endless":false,"potions_floor_spawned":[3,5,6,10,12,18],"killed_by":"Book of Stabbing","ascension_level":4}