{"gold_per_floor":[112,112,127,140,18,47,58,72,72,100,112,5,5,22,22,100,100,116,87,87,101,101,101,130,130,130,145,145,145,30,47,47,126,126,144,158,158,158],"floor_reached":38,"playtime":1883,"items_purged":[],"score":789,"play_id":"0a39182d-3d73-4269-a5b9-ee4d309ba6ac","local_time":"20190219204943","is_ascension_mode":true,"campfire_choices":[{"data":"Rupture","floor":13,"key":"SMITH"},{"data":"Heavy Blade","floor":15,"key":"SMITH"},{"data":"Rupture","floor":23,"key":"SMITH"},{"floor":25,"key":"REST"},{"data":"Rupture","floor":28,"key":"SMITH"},{"floor":32,"key":"REST"}],"neow_cost":"NONE","seed_source_timestamp":355000960822326,"circlet_count":0,"master_deck":["AscendersBane","Strike_R","Strike_R","Strike_R","Strike_R","Strike_R","Defend_R","Defend_R","Defend_R","Bash","Pommel Strike","Heavy Blade+1","Ghostly Armor","Flex","Impervious","Spot Weakness+1","Intimidate+1","Spot Weakness+1","Clothesline","Spot Weakness+1","Rupture+1","Ghostly Armor+1","Flex+1","Reaper","Bloodletting+1","Ghostly Armor+1","Rupture+1","Flame Barrier+1","Shrug It Off+1","Hemokinesis","Twin Strike","J.A.X.+1","Intimidate+1","Rupture+1","Headbutt","Rupture","Ghostly Armor+1","Reckless Charge","Demon Form","Warcry+1","Shrug It Off+1"],"special_seed":0,"relics":["Burning Blood","NeowsBlessing","Toxic Egg 2","Meat on the Bone","Anchor","Orrery","Mummified Hand","Regal Pillow","Incense Burner","Eternal Feather"],"potions_floor_usage":[8,11,14,19,33,36],"damage_taken":[{"damage":0.0,"enemies":"2 Louse","floor":1.0,"turns":1.0},{"damage":0.0,"enemies":"Cultist","floor":3.0,"turns":1.0},{"damage":0.0,"enemies":"Small Slimes","floor":4.0,"turns":1.0},{"damage":27.0,"enemies":"3 Sentries","floor":6.0,"turns":9.0},{"damage":1,"enemies":"3 Louse","floor":7,"turns":4},{"damage":13,"enemies":"Lots of Slimes","floor":8,"turns":4},{"damage":13,"enemies":"Gremlin Nob","floor":10,"turns":3},{"damage":4,"enemies":"Large Slime","floor":11,"turns":5},{"damage":12,"enemies":"Exordium Thugs","floor":14,"turns":4},{"damage":56,"enemies":"Slime Boss","floor":16,"turns":12},{"damage":1,"enemies":"3 Byrds","floor":18,"turns":4},{"damage":9,"enemies":"2 Thieves","floor":19,"turns":5},{"damage":22,"enemies":"Snecko","floor":21,"turns":8},{"damage":36,"enemies":"Book of Stabbing","floor":24,"turns":6},{"damage":28,"enemies":"Centurion and Healer","floor":27,"turns":6},{"damage":19,"enemies":"Snake Plant","floor":31,"turns":5},{"damage":29,"enemies":"Champ","floor":33,"turns":10},{"damage":29,"enemies":"3 Shapes","floor":35,"turns":11},{"damage":28,"enemies":"3 Darklings","floor":36,"turns":10},{"damage":55,"enemies":"2 Orb Walkers","floor":38,"turns":3}],"seed_played":"6793295613877619268","potions_obtained":[{"floor":1.0,"key":"AttackPotion"},{"floor":7,"key":"SkillPotion"},{"floor":10,"key":"Energy Potion"},{"floor":11,"key":"Poison Potion"},{"floor":14,"key":"LiquidBronze"},{"floor":18,"key":"Swift Potion"},{"floor":24,"key":"PowerPotion"},{"floor":35,"key":"Explosive Potion"}],"is_trial":false,"path_per_floor":["M","?","M","M","$","E","M","M","T","E","M","$","R","M","R","B",null,"M","M","?","M","?","R","E","R","T","M","R","?","$","M","R","B",null,"M","M","?","?"],"character_chosen":"IRONCLAD","items_purchased":["Flex","Impervious","Rupture","Ghostly Armor+1","Rupture","Ghostly Armor+1"],"campfire_rested":2,"item_purchase_floors":[5,5,12,12,30,30],"current_hp_per_floor":[78,78,80,80,80,59,64,57,57,50,52,52,52,58,58,20,65,70,75,75,64,64,64,46,80,80,58,58,58,58,57,80,70,78,55,45,45,0],"gold":158,"neow_bonus":"THREE_ENEMY_KILL","is_prod":false,"is_daily":false,"chose_seed":false,"campfire_upgraded":4,"win_rate":0,"timestamp":1550634583,"path_taken":["M","?","M","M","$","E","?","M","T","E","M","$","R","M","R","BOSS","M","?","?","M","?","R","E","R","T","?","R","?","?","M","R","BOSS","M","?","?","?"],"build_version":"2019-01-23","purchased_purges":0,"victory":false,"max_hp_per_floor":[80,80,80,80,80,80,80,80,80,80,80,80,80,80,80,80,80,80,80,80,80,80,80,80,80,80,80,80,80,80,80,80,80,80,80,80,80,80],"card_choices":[{"not_picked":["Sentinel","Body Slam"],"picked":"Pommel Strike","floor":1.0},{"not_picked":["Metallicize","Fire Breathing"],"picked":"Heavy Blade","floor":3.0},{"not_picked":["Iron Wave","Whirlwind"],"picked":"Ghostly Armor","floor":4.0},{"not_picked":["Demon Form","Sword Boomerang"],"picked":"Spot Weakness","floor":6.0},{"not_picked":["Sword Boomerang","Anger"],"picked":"Intimidate+1","floor":7},{"not_picked":["Flex+1","Disarm+1"],"picked":"Spot Weakness+1","floor":8},{"not_picked":["Feel No Pain","Brutality"],"picked":"Clothesline","floor":10},{"not_picked":["Heavy Blade","Perfected Strike"],"picked":"Spot Weakness+1","floor":11},{"not_picked":["Anger","Juggernaut"],"picked":"Flex+1","floor":14},{"not_picked":["Fiend Fire","Barricade"],"picked":"Reaper","floor":16},{"not_picked":["Iron Wave","Pommel Strike"],"picked":"Bloodletting+1","floor":17},{"not_picked":["Flex+1","Warcry+1"],"picked":"Ghostly Armor+1","floor":17},{"not_picked":["Sword Boomerang","Reckless Charge"],"picked":"Rupture","floor":17},{"not_picked":["Havoc+1","Rupture"],"picked":"Flame Barrier+1","floor":17},{"not_picked":["Iron Wave","Pommel Strike"],"picked":"Shrug It Off+1","floor":17},{"not_picked":["Battle Trance+1","Shockwave+1"],"picked":"Hemokinesis","floor":18},{"not_picked":["Rampage","Heavy Blade"],"picked":"Twin Strike","floor":19},{"not_picked":["Feel No Pain","Dual Wield+1"],"picked":"Intimidate+1","floor":21},{"not_picked":["Wild Strike+1","Sever Soul"],"picked":"Rupture","floor":24},{"not_picked":["Evolve","Iron Wave"],"picked":"Headbutt","floor":27},{"not_picked":["Power Through+1","Thunderclap"],"picked":"Reckless Charge","floor":31},{"not_picked":["Dark Embrace","Juggernaut"],"picked":"Demon Form","floor":33},{"not_picked":["Disarm+1","Dropkick"],"picked":"Warcry+1","floor":35},{"not_picked":["Thunderclap","Sword Boomerang"],"picked":"Shrug It Off+1","floor":36}],"player_experience":1534237,"relics_obtained":[{"floor":6.0,"key":"Toxic Egg 2"},{"floor":9,"key":"Meat on the Bone"},{"floor":10,"key":"Anchor"},{"floor":24,"key":"Regal Pillow"},{"floor":26,"key":"Incense Burner"}],"event_choices":[{"damage_healed":0.0,"max_hp_gain":0.0,"max_hp_loss":0.0,"gold_gain":0.0,"event_name":"Wheel of Change","player_choice":"Cursed","floor":2.0,"gold_loss":0.0,"damage_taken":0.0,"cards_obtained":["Decay"]},{"damage_healed":0,"gold_gain":0,"player_choice":"Obtain J.A.X.","damage_taken":0,"max_hp_gain":0,"max_hp_loss":0,"event_name":"Drug Dealer","floor":20,"gold_loss":0,"cards_obtained":["J.A.X."]},{"damage_healed":0,"gold_gain":0,"player_choice":"Gave Potion","damage_taken":0,"relics_obtained":["Mummified Hand"],"max_hp_gain":0,"max_hp_loss":0,"event_name":"WeMeetAgain","floor":22,"gold_loss":0},{"cards_removed":["Decay"],"damage_healed":0,"gold_gain":0,"player_choice":"Removed Curses","damage_taken":0,"max_hp_gain":0,"max_hp_loss":0,"event_name":"Fountain of Cleansing","floor":29,"gold_loss":0},{"cards_removed":["Defend_R"],"damage_healed":0,"gold_gain":0,"player_choice":"Removed Skill","damage_taken":0,"max_hp_gain":0,"max_hp_loss":0,"event_name":"Falling","floor":37,"gold_loss":0},{"damage_healed":0,"gold_gain":0,"player_choice":"Fight","damage_taken":0,"max_hp_gain":0,"max_hp_loss":0,"event_name":"Mysterious Sphere","floor":38,"gold_loss":0}],"is_beta":false,"boss_relics":[{"not_picked":["Empty Cage","Pandora\u0027s Box"],"picked":"Orrery"},{"not_picked":["Astrolabe","Black Blood"],"picked":"Eternal Feather"}],"items_purged_floors":[],"is_endless":false,"potions_floor_spawned":[1,7,10,11,14,18,24,35],"killed_by":"2 Orb Walkers","ascension_level":13}