{"gold_per_floor":[114,129,144,15,30,60,75,90,140,155,155,185,200,215,215,315,315,330,330,345,360,146,161,161,161,161,176,38,53,83,98,98,198,198,213,228,228,108,108],"floor_reached":39,"playtime":3227,"items_purged":[],"score":621,"play_id":"a3b26783-713e-4355-9881-2c8a7f92e191","local_time":"20180730202017","daily_mods":["Brewmaster","Time Dilation","Hoarder"],"is_ascension_mode":false,"campfire_choices":[{"data":"Armaments","floor":15,"key":"SMITH"},{"floor":32,"key":"REST"}],"neow_cost":"","seed_source_timestamp":0,"circlet_count":0,"master_deck":["Strike_R","Strike_R","Strike_R","Strike_R","Strike_R","Defend_R","Defend_R","Defend_R","Defend_R","Bash","Venomology","Venomology","Venomology","Venomology","Venomology","Venomology","Venomology","Venomology","Venomology","Venomology","Venomology","Venomology","Venomology","Venomology","Venomology","Shrug It Off","Shrug It Off","Shrug It Off","Metallicize","Metallicize","Metallicize","Twin Strike","Twin Strike","Twin Strike","Infernal Blade","Infernal Blade","Infernal Blade","Warcry","Warcry","Warcry","Anger","Anger","Anger","Inflame","Inflame","Inflame","Wild Strike","Wild Strike","Wild Strike","Heavy Blade","Heavy Blade","Heavy Blade","Spot Weakness","Spot Weakness","Spot Weakness","Spot Weakness","Spot Weakness","Spot Weakness","True Grit","True Grit","True Grit","Armaments","Armaments","Armaments+1","Limit Break","Limit Break","Limit Break","Heavy Blade","Heavy Blade","Heavy Blade","RitualDagger","RitualDagger","RitualDagger","Pummel+1","Pummel+1","Pummel+1","Dropkick+1","Dropkick+1","Dropkick+1","Bandage Up","Bandage Up","Bandage Up","Metallicize","Metallicize","Metallicize","Anger","Anger","Anger","Shockwave","Shockwave","Shockwave","Decay","Decay","Decay","Sword Boomerang","Sword Boomerang","Sword Boomerang","Good Instincts","Good Instincts","Good Instincts","Infernal Blade","Infernal Blade","Infernal Blade","Metallicize+1","Metallicize+1","Metallicize+1","Entrench","Entrench","Entrench","Flex","Flex","Flex","Feed","Feed","Feed","Perfected Strike","Perfected Strike","Perfected Strike","Fire Breathing+1","Fire Breathing+1","Fire Breathing+1","Apotheosis","Apotheosis","Apotheosis"],"special_seed":17743,"relics":["Burning Blood","White Beast Statue","Blood Vial","Bag of Marbles","Charon\u0027s Ashes","Black Star","CultistMask","The Courier","Turnip","StoneCalendar","Eternal Feather","Dream Catcher"],"potions_floor_usage":[1,1,1,1,1,1,1,1,2,2,2,2,2,2,2,2,2,3,3,3,3,5,5,5,6,6,6,6,6,6,6,6,6,7,7,8,8,8,8,10,10,10,12,12,13,14,14,14,14,16,16,16,16,16,16,16,18,18,18,18,20,21,21,21,23,23,23,23,27,27,29,29,30,30,30,30,30,31,31,31,31,33,33,33,33,33,33,33,33,35,36,36,36,36,39,39,39,39],"damage_taken":[{"damage":9,"enemies":"Cultist","floor":1,"turns":7},{"damage":0,"enemies":"Small Slimes","floor":2,"turns":4},{"damage":1,"enemies":"2 Louse","floor":3,"turns":2},{"damage":0,"enemies":"Blue Slaver","floor":5,"turns":2},{"damage":4,"enemies":"3 Sentries","floor":6,"turns":6},{"damage":5,"enemies":"Exordium Wildlife","floor":7,"turns":2},{"damage":2,"enemies":"Exordium Thugs","floor":8,"turns":3},{"damage":20,"enemies":"3 Louse","floor":10,"turns":5},{"damage":8,"enemies":"Lagavulin","floor":12,"turns":5},{"damage":10,"enemies":"Looter","floor":13,"turns":3},{"damage":10,"enemies":"Gremlin Gang","floor":14,"turns":3},{"damage":43,"enemies":"The Guardian","floor":16,"turns":10},{"damage":5,"enemies":"3 Byrds","floor":18,"turns":5},{"damage":0,"enemies":"Chosen","floor":20,"turns":3},{"damage":13,"enemies":"Snake Plant","floor":21,"turns":3},{"damage":36,"enemies":"Centurion and Healer","floor":23,"turns":4},{"damage":15,"enemies":"3 Cultists","floor":27,"turns":5},{"damage":37,"enemies":"Snecko","floor":29,"turns":6},{"damage":24,"enemies":"Gremlin Leader","floor":30,"turns":3},{"damage":0,"enemies":"Sentry and Sphere","floor":31,"turns":5},{"damage":83,"enemies":"Champ","floor":33,"turns":10},{"damage":68,"enemies":"Flame Bruiser 1 Orb","floor":35,"turns":7},{"damage":17,"enemies":"3 Shapes","floor":36,"turns":2},{"damage":46,"enemies":"Maw","floor":39,"turns":7}],"seed_played":"4161929215003559377","potions_obtained":[{"floor":1,"key":"EssenceOfSteel"},{"floor":5,"key":"Dexterity Potion"},{"floor":6,"key":"Strength Potion"},{"floor":7,"key":"EssenceOfSteel"},{"floor":8,"key":"EssenceOfSteel"},{"floor":12,"key":"Regen Potion"},{"floor":13,"key":"SteroidPotion"},{"floor":14,"key":"SpeedPotion"},{"floor":16,"key":"SpeedPotion"},{"floor":18,"key":"PowerPotion"},{"floor":20,"key":"Fire Potion"},{"floor":21,"key":"FearPotion"},{"floor":23,"key":"Poison Potion"},{"floor":27,"key":"SkillPotion"},{"floor":29,"key":"Weak Potion"},{"floor":30,"key":"Strength Potion"},{"floor":31,"key":"SteroidPotion"},{"floor":33,"key":"Fire Potion"},{"floor":35,"key":"Explosive Potion"},{"floor":36,"key":"FairyPotion"}],"is_trial":false,"path_per_floor":["M","M","M","$","M","E","M","M","T","M","?","E","M","M","R","B",null,"M","?","M","M","$","M","?","?","T","M","$","M","E","M","R","B",null,"M","M","?","$"],"character_chosen":"IRONCLAD","items_purchased":["Infernal Blade","Warcry","Bandage Up","Metallicize","Anger","Good Instincts","Infernal Blade","Dream Catcher"],"campfire_rested":1,"item_purchase_floors":[4,4,22,22,22,28,28,38],"current_hp_per_floor":[80,80,80,80,80,80,80,80,80,74,79,79,77,80,80,45,85,85,79,85,78,78,55,55,55,55,48,48,27,16,32,57,14,85,23,14,14,14,0],"gold":108,"neow_bonus":"","is_prod":false,"is_daily":true,"chose_seed":false,"campfire_upgraded":1,"win_rate":0,"timestamp":1533003617,"path_taken":["M","M","M","$","M","E","M","M","T","M","?","E","M","M","R","BOSS","M","?","M","M","$","M","?","?","T","M","$","M","E","?","R","BOSS","M","M","?","$","M"],"build_version":"2018-07-26","purchased_purges":0,"victory":false,"max_hp_per_floor":[80,80,80,80,80,80,80,80,80,80,85,85,85,85,85,85,85,85,85,85,85,85,85,85,85,85,85,85,85,85,85,85,85,85,85,85,85,85,85],"card_choices":[{"not_picked":["Headbutt","Blood for Blood"],"picked":"Shrug It Off","floor":1},{"not_picked":["Perfected Strike","Sentinel"],"picked":"Metallicize","floor":2},{"not_picked":["Body Slam","Feel No Pain"],"picked":"Twin Strike","floor":3},{"not_picked":["Clothesline","Rampage"],"picked":"Anger","floor":5},{"not_picked":["Iron Wave","Pommel Strike"],"picked":"Inflame","floor":6},{"not_picked":["Whirlwind","Barricade"],"picked":"Wild Strike","floor":7},{"not_picked":["Clothesline","Pommel Strike"],"picked":"Heavy Blade","floor":8},{"not_picked":["Power Through","Body Slam"],"picked":"Spot Weakness","floor":10},{"not_picked":["Demon Form","Headbutt"],"picked":"Spot Weakness","floor":12},{"not_picked":["Flame Barrier","Evolve"],"picked":"True Grit","floor":13},{"not_picked":["Bloodletting","Clash"],"picked":"Armaments","floor":14},{"not_picked":["Immolate","Dark Embrace"],"picked":"Limit Break","floor":16},{"not_picked":["Searing Blow","True Grit"],"picked":"Heavy Blade","floor":18},{"not_picked":["Havoc","Intimidate"],"picked":"Pummel+1","floor":20},{"not_picked":["Uppercut+1","Sentinel"],"picked":"Dropkick+1","floor":21},{"not_picked":["Body Slam+1","Sever Soul"],"picked":"Shockwave","floor":23},{"not_picked":["Headbutt","Entrench"],"picked":"Sword Boomerang","floor":27},{"not_picked":["Wild Strike","Reckless Charge"],"picked":"Metallicize+1","floor":29},{"not_picked":["Anger","Dark Embrace"],"picked":"Entrench","floor":30},{"not_picked":["Battle Trance+1","Havoc"],"picked":"Flex","floor":31},{"not_picked":["Limit Break","Offering"],"picked":"Feed","floor":33},{"not_picked":["Power Through+1","Anger+1"],"picked":"Perfected Strike","floor":35},{"not_picked":["Headbutt+1","Shrug It Off"],"picked":"Fire Breathing+1","floor":36},{"not_picked":["Blind","Sadistic Nature"],"picked":"Apotheosis","floor":37}],"player_experience":113552,"relics_obtained":[{"floor":6,"key":"Blood Vial"},{"floor":9,"key":"Bag of Marbles"},{"floor":12,"key":"Charon\u0027s Ashes"},{"floor":26,"key":"The Courier"},{"floor":30,"key":"Turnip"},{"floor":30,"key":"StoneCalendar"}],"event_choices":[{"event_name":"Big Fish","player_choice":"Donut","floor":11,"damage_taken":0},{"event_name":"Nest","player_choice":"Joined the Cult","floor":19,"damage_taken":0},{"event_name":"Wheel of Change","player_choice":"Curse","floor":24,"damage_taken":0},{"event_name":"FaceTrader","player_choice":"Trade","floor":25,"damage_taken":0},{"event_name":"SensoryStone","player_choice":"Memory 1","floor":37,"damage_taken":0}],"is_beta":false,"boss_relics":[{"not_picked":["Coffee Dripper","Runic Pyramid"],"picked":"Black Star"},{"not_picked":["Runic Cube","Fusion Hammer"],"picked":"Eternal Feather"}],"items_purged_floors":[],"is_endless":false,"potions_floor_spawned":[1,2,3,5,6,7,8,10,12,13,14,16,18,20,21,23,27,29,30,31,33,35,36],"killed_by":"Maw","ascension_level":0}