{"gold_per_floor":[113,113,25,25,25,51,68,99,99,24,36,36,71,90,90,90],"floor_reached":16,"playtime":634,"items_purged":["Pain"],"score":311,"play_id":"5a15df74-bbf8-4d0a-8166-a6bc1e8345c7","local_time":"20190408155350","is_ascension_mode":true,"campfire_choices":[{"data":"Neutralize","floor":12,"key":"SMITH"},{"data":"Deadly Poison","floor":15,"key":"SMITH"}],"neow_cost":"NONE","seed_source_timestamp":2046508794686298,"circlet_count":0,"master_deck":["AscendersBane","Defend_G","Defend_G","Defend_G","Defend_G","Defend_G","Strike_G","Strike_G","Strike_G","Strike_G","Strike_G","Survivor","Neutralize+1","Backstab+1","Infinite Blades","Deadly Poison+1","Backstab","All Out Attack","PiercingWail","Blur","Catalyst"],"relics":["Ring of the Snake","NeowsBlessing","WarpedTongs","Bottled Flame","Torii","Bag of Preparation","Bottled Lightning"],"potions_floor_usage":[13,16],"damage_taken":[{"damage":0,"enemies":"2 Louse","floor":1,"turns":1},{"damage":0,"enemies":"Lagavulin","floor":6,"turns":1},{"damage":0,"enemies":"Jaw Worm","floor":7,"turns":1},{"damage":26,"enemies":"3 Sentries","floor":8,"turns":9},{"damage":0,"enemies":"Cultist","floor":11,"turns":2},{"damage":0,"enemies":"Gremlin Nob","floor":13,"turns":3},{"damage":1,"enemies":"Exordium Thugs","floor":14,"turns":4},{"damage":33,"enemies":"Slime Boss","floor":16,"turns":7}],"seed_played":"-3490921855939154402","potions_obtained":[{"floor":1,"key":"Energy Potion"},{"floor":7,"key":"FearPotion"},{"floor":13,"key":"Ancient Potion"}],"is_trial":false,"path_per_floor":["?","?"],"character_chosen":"THE_SILENT","items_purchased":["Infinite Blades"],"campfire_rested":0,"item_purchase_floors":[3],"current_hp_per_floor":[59,59,59,59,59,59,59,33,33,33,33,33,33,32,32,0],"gold":90,"neow_bonus":"THREE_ENEMY_KILL","is_prod":false,"is_daily":false,"chose_seed":false,"campfire_upgraded":2,"win_rate":0,"timestamp":1554753230,"path_taken":["M","?","$","?","$","E","M","E","T","$","M","R","E","M","R","BOSS"],"build_version":"2019-01-23","purchased_purges":1,"victory":false,"max_hp_per_floor":[66,66,66,66,66,66,66,66,66,66,66,66,66,66,66,66],"card_choices":[{"not_picked":["Bane","Skewer"],"picked":"Backstab","floor":1},{"not_picked":["Dodge and Roll","Prepared"],"picked":"Deadly Poison","floor":6},{"not_picked":["Poisoned Stab","Dagger Spray"],"picked":"Backstab","floor":7},{"not_picked":["Deflect","Quick Slash"],"picked":"All Out Attack","floor":8},{"not_picked":["Backflip","Dash"],"picked":"PiercingWail","floor":11},{"not_picked":["Escape Plan","Prepared"],"picked":"Blur","floor":13},{"not_picked":["Slice","Sucker Punch"],"picked":"Catalyst","floor":14}],"player_experience":1617002,"relics_obtained":[{"floor":6,"key":"Bottled Flame"},{"floor":8,"key":"Torii"},{"floor":9,"key":"Bag of Preparation"},{"floor":13,"key":"Bottled Lightning"}],"event_choices":[{"damage_healed":0,"gold_gain":0,"player_choice":"Grow","damage_taken":0,"max_hp_gain":0,"max_hp_loss":0,"event_name":"Living Wall","floor":2,"gold_loss":0,"cards_upgraded":["Backstab"]},{"damage_healed":0,"gold_gain":0,"player_choice":"Rummage","damage_taken":0,"relics_obtained":["WarpedTongs"],"max_hp_gain":0,"max_hp_loss":0,"event_name":"Accursed Blacksmith","floor":4,"gold_loss":0,"cards_obtained":["Pain"]}],"is_beta":false,"boss_relics":[],"items_purged_floors":[10],"is_endless":false,"potions_floor_spawned":[1,7,11,13],"killed_by":"Slime Boss","ascension_level":17}