{"gold_per_floor":[109,128,138,17,17,48,48,48,48,69,69,87,128,146,146,277,277,291,291,315,315,333,333,333],"floor_reached":24,"playtime":1568,"items_purged":[],"score":250,"play_id":"86799419-814c-4721-b08f-715c296c23f5","local_time":"20190318205555","is_ascension_mode":true,"campfire_choices":[{"floor":11,"key":"REST"},{"floor":15,"key":"REST"},{"floor":23,"key":"REST"}],"neow_cost":"NONE","seed_source_timestamp":249300907984049,"circlet_count":0,"master_deck":["Defend_G","Defend_G","Defend_G","Defend_G","Defend_G","Strike_G","Strike_G","Strike_G","Survivor","Neutralize","Deadly Poison","Poisoned Stab","Bouncing Flask","Crippling Poison","Deflect","Cloak And Dagger","Leg Sweep+1","Deadly Poison+1","Bouncing Flask+1","Escape Plan+1","After Image","Dodge and Roll+1"],"relics":["Ring of the Snake","Blood Vial","Dead Branch","Bag of Preparation","Golden Idol","Toxic Egg 2","Vajra","Black Star","Nilry\u0027s Codex"],"potions_floor_usage":[6],"damage_taken":[{"damage":6,"enemies":"Jaw Worm","floor":1,"turns":6},{"damage":2,"enemies":"2 Louse","floor":2,"turns":3},{"damage":1,"enemies":"Small Slimes","floor":3,"turns":5},{"damage":11,"enemies":"Lagavulin","floor":6,"turns":5},{"damage":4,"enemies":"Gremlin Gang","floor":10,"turns":6},{"damage":0,"enemies":"3 Louse","floor":12,"turns":2},{"damage":20,"enemies":"Gremlin Nob","floor":13,"turns":4},{"damage":0,"enemies":"2 Fungi Beasts","floor":14,"turns":3},{"damage":19,"enemies":"Hexaghost","floor":16,"turns":8},{"damage":12,"enemies":"2 Thieves","floor":18,"turns":5},{"damage":0,"enemies":"Spheric Guardian","floor":20,"turns":3},{"damage":11,"enemies":"3 Cultists","floor":22,"turns":7},{"damage":64,"enemies":"Book of Stabbing","floor":24,"turns":7}],"seed_played":"-926323728314730067","potions_obtained":[{"floor":3,"key":"Explosive Potion"},{"floor":6,"key":"Explosive Potion"},{"floor":14,"key":"Swift Potion"},{"floor":20,"key":"FearPotion"}],"is_trial":false,"path_per_floor":["?","?","?","?","?","M"],"character_chosen":"THE_SILENT","items_purchased":["Crippling Poison","Deflect"],"campfire_rested":3,"item_purchase_floors":[4,4],"current_hp_per_floor":[64,64,65,65,58,49,42,25,25,23,44,46,28,30,51,34,70,58,42,44,44,35,56,0],"gold":333,"neow_bonus":"RANDOM_COMMON_RELIC","is_prod":false,"is_daily":false,"chose_seed":false,"campfire_upgraded":0,"win_rate":0,"timestamp":1552956955,"path_taken":["M","M","M","$","?","E","?","?","T","M","R","M","E","M","R","BOSS","M","?","M","?","?","R","E"],"build_version":"2019-01-23","purchased_purges":0,"victory":false,"max_hp_per_floor":[70,70,70,70,70,70,70,70,70,70,70,70,70,70,70,70,70,70,70,70,70,70,70,70],"card_choices":[{"not_picked":["Prepared","PiercingWail"],"picked":"Deadly Poison","floor":1},{"not_picked":["Expertise","Flying Knee"],"picked":"Poisoned Stab","floor":2},{"not_picked":["Reflex","Terror"],"picked":"Bouncing Flask","floor":3},{"not_picked":["Accuracy","Sucker Punch"],"picked":"Cloak And Dagger","floor":6},{"not_picked":["Outmaneuver+1","Bane"],"picked":"Leg Sweep+1","floor":10},{"not_picked":["Quick Slash","Expertise+1"],"picked":"Deadly Poison+1","floor":12},{"not_picked":["Poisoned Stab","Leg Sweep+1"],"picked":"Bouncing Flask+1","floor":13},{"not_picked":["All Out Attack","Leg Sweep+1"],"picked":"Escape Plan+1","floor":14},{"not_picked":["Envenom","Venomology+1"],"picked":"After Image","floor":16},{"not_picked":["Slice+1","Prepared+1"],"picked":"Dodge and Roll+1","floor":18},{"not_picked":["Tactician+1","Underhanded Strike","Heel Hook"],"picked":"SKIP","floor":20},{"not_picked":["Dagger Spray+1","Underhanded Strike+1","Deflect+1"],"picked":"SKIP","floor":22}],"player_experience":770873,"relics_obtained":[{"floor":6,"key":"Dead Branch"},{"floor":9,"key":"Toxic Egg 2"},{"floor":13,"key":"Vajra"},{"floor":19,"key":"Nilry\u0027s Codex"}],"event_choices":[{"cards_removed":["Strike_G"],"damage_healed":0,"gold_gain":0,"player_choice":"Card Removal","damage_taken":7,"max_hp_gain":0,"max_hp_loss":0,"event_name":"Golden Wing","floor":5,"gold_loss":0},{"damage_healed":0,"gold_gain":0,"player_choice":"Success","damage_taken":7,"relics_obtained":["Bag of Preparation"],"max_hp_gain":0,"max_hp_loss":0,"event_name":"Scrap Ooze","floor":7,"gold_loss":0},{"damage_healed":0,"gold_gain":0,"player_choice":"Take Damage","damage_taken":17,"relics_obtained":["Golden Idol"],"max_hp_gain":0,"max_hp_loss":0,"event_name":"Golden Idol","floor":8,"gold_loss":0},{"damage_healed":0,"gold_gain":0,"player_choice":"Obtained Book","damage_taken":16,"max_hp_gain":0,"max_hp_loss":0,"event_name":"Cursed Tome","floor":19,"gold_loss":0},{"cards_removed":["Strike_G"],"damage_healed":0,"gold_gain":0,"player_choice":"Purged","damage_taken":0,"max_hp_gain":0,"max_hp_loss":0,"event_name":"Purifier","floor":21,"gold_loss":0}],"is_beta":false,"boss_relics":[{"not_picked":["Orrery","White Beast Statue"],"picked":"Black Star"}],"items_purged_floors":[],"is_endless":false,"potions_floor_spawned":[3,6,14,20],"killed_by":"Book of Stabbing","ascension_level":4}