{"gold_per_floor":[118,136,0,15,27,27,27,27,27,27,45,45,59,73,73,172,172,191,191,191,203,218,218,143,143,143,143,157,157,157,167,167,267,267,277,20,32,32,49,49,49,49,49,49,49,49,49,49,49,49],"floor_reached":50,"playtime":2094,"items_purged":[],"score":511,"play_id":"461f1d00-bcca-4459-9e02-5917ef4914fe","local_time":"20190213225034","is_ascension_mode":false,"campfire_choices":[{"data":"Venomology","floor":6.0,"key":"SMITH"},{"data":"Terror","floor":10.0,"key":"SMITH"},{"data":"A Thousand Cuts","floor":15.0,"key":"SMITH"},{"data":"Venomology","floor":23.0,"key":"SMITH"},{"data":"After Image","floor":30.0,"key":"SMITH"},{"data":"Blade Dance","floor":32.0,"key":"SMITH"},{"data":"Bite","floor":40.0,"key":"SMITH"},{"floor":42,"key":"REST"},{"data":"Survivor","floor":44,"key":"SMITH"},{"data":"Neutralize","floor":46,"key":"SMITH"},{"data":"Cloak And Dagger","floor":49,"key":"SMITH"}],"neow_cost":"CURSE","seed_source_timestamp":97383305919371,"circlet_count":0,"master_deck":["Defend_G","Defend_G","Defend_G","Defend_G","Defend_G","Survivor+1","Neutralize+1","Venomology+1","Terror+1","Slice","Venomology+1","Masterful Stab","Sucker Punch","Slice","Backflip","Cloak And Dagger+1","A Thousand Cuts+1","After Image+1","Blade Dance+1","Prepared+1","Blur","Bite","Bite+1","Bite","Bite","Bite+1","Footwork","Backflip","Die Die Die","Backflip","Blade Dance","Caltrops","Master of Strategy","Escape Plan+1","Venomology+1"],"special_seed":0,"relics":["Ring of the Snake"],"potions_floor_usage":[41,41,41,48,48,50,50,50,50,50],"damage_taken":[{"damage":1.0,"enemies":"Cultist","floor":1.0,"turns":4.0},{"damage":4.0,"enemies":"Small Slimes","floor":2.0,"turns":4.0},{"damage":0.0,"enemies":"2 Louse","floor":4.0,"turns":2.0},{"damage":14.0,"enemies":"Exordium Thugs","floor":5.0,"turns":5.0},{"damage":0.0,"enemies":"Exordium Wildlife","floor":11.0,"turns":4.0},{"damage":0.0,"enemies":"Blue Slaver","floor":13.0,"turns":2.0},{"damage":3.0,"enemies":"Large Slime","floor":14.0,"turns":5.0},{"damage":2.0,"enemies":"Hexaghost","floor":16.0,"turns":9.0},{"damage":24.0,"enemies":"3 Byrds","floor":18.0,"turns":7.0},{"damage":0.0,"enemies":"Chosen","floor":21.0,"turns":4.0},{"damage":6.0,"enemies":"Snecko","floor":22.0,"turns":7.0},{"damage":23.0,"enemies":"Shelled Parasite and Fungi","floor":28.0,"turns":6.0},{"damage":0.0,"enemies":"Snake Plant","floor":29.0,"turns":1.0},{"damage":13.0,"enemies":"Centurion and Healer","floor":31.0,"turns":8.0},{"damage":34.0,"enemies":"Champ","floor":33.0,"turns":18.0},{"damage":31.0,"enemies":"3 Darklings","floor":35.0,"turns":7.0},{"damage":5.0,"enemies":"Orb Walker","floor":37.0,"turns":4.0},{"damage":0.0,"enemies":"4 Shapes","floor":39.0,"turns":8.0},{"damage":17,"enemies":"3 Darklings","floor":41,"turns":4},{"damage":0,"enemies":"Sphere and 2 Shapes","floor":48,"turns":3},{"damage":69,"enemies":"Time Eater","floor":50,"turns":12}],"seed_played":"-2245296381223414858","potions_obtained":[{"floor":1.0,"key":"Swift Potion"},{"floor":5.0,"key":"SteroidPotion"},{"floor":13.0,"key":"Poison Potion"},{"floor":16.0,"key":"FearPotion"},{"floor":18.0,"key":"Energy Potion"},{"floor":31.0,"key":"Block Potion"},{"floor":35.0,"key":"AttackPotion"},{"floor":37.0,"key":"SpeedPotion"},{"floor":39.0,"key":"Poison Potion"}],"is_trial":false,"path_per_floor":["M","M","$","M","M","R","?","$","T","R","M","?","M","M","R","B",null,"M","?","?","M","M","R","?","?","T","?","M","M","R","M","R","B",null,"M","$","M","?","M","R","M","R","T","R","$","R","?","M","R","B"],"character_chosen":"THE_SILENT","items_purchased":["Venomology","Masterful Stab","Blade Dance","Caltrops","Master of Strategy"],"campfire_rested":1,"item_purchase_floors":[3,3,36,36,36],"current_hp_per_floor":[69,65,65,65,51,51,51,51,51,51,63,63,63,60,60,68,70,46,46,46,46,40,40,40,40,40,40,42,42,42,41,41,28,49,37,37,38,38,45,45,28,42,42,42,42,42,42,45,45,0],"gold":49,"neow_bonus":"THREE_RARE_CARDS","is_prod":false,"is_daily":false,"chose_seed":false,"campfire_upgraded":10,"win_rate":0,"timestamp":1550123434,"path_taken":["M","M","?","?","?","R","?","$","T","R","M","?","?","M","R","BOSS","M","?","?","M","M","R","?","?","T","?","M","M","R","M","R","BOSS","M","$","M","?","M","R","?","R","T","R","?","R","?","?","R","BOSS"],"build_version":"2019-01-23","purchased_purges":0,"victory":false,"max_hp_per_floor":[70,70,70,70,70,70,70,70,70,70,70,70,70,70,70,70,70,70,70,70,70,70,70,70,70,70,49,49,49,49,49,49,49,49,49,49,49,49,49,49,49,49,49,49,49,49,49,49,49,49],"card_choices":[{"not_picked":["Envenom","Corpse Explosion"],"picked":"Venomology","floor":0.0},{"not_picked":["Dodge and Roll","Backflip"],"picked":"Terror","floor":1.0},{"not_picked":["Masterful Stab","Skewer"],"picked":"Slice","floor":2.0},{"not_picked":["Bane","Quick Slash"],"picked":"Sucker Punch","floor":4.0},{"not_picked":["Blur","Underhanded Strike"],"picked":"Slice","floor":5.0},{"not_picked":["Bane","Underhanded Strike"],"picked":"Backflip","floor":11.0},{"not_picked":["Underhanded Strike","Quick Slash"],"picked":"Cloak And Dagger","floor":13.0},{"not_picked":["Flying Knee","Predator"],"picked":"A Thousand Cuts","floor":14.0},{"not_picked":["Die Die Die","Adrenaline"],"picked":"After Image","floor":16.0},{"not_picked":["Deadly Poison","Poisoned Stab"],"picked":"Blade Dance","floor":18.0},{"not_picked":["Dagger Throw","Choke"],"picked":"Prepared+1","floor":21.0},{"not_picked":["Caltrops","Well Laid Plans"],"picked":"Blur","floor":22.0},{"not_picked":["All Out Attack","Backflip"],"picked":"Footwork","floor":28.0},{"not_picked":["Concentrate","Dodge and Roll"],"picked":"Backflip","floor":31.0},{"not_picked":["Burst","Wraith Form v2"],"picked":"Die Die Die","floor":33.0},{"not_picked":["Underhanded Strike","Poisoned Stab+1"],"picked":"Backflip","floor":35.0},{"not_picked":["Deadly Poison+1","PiercingWail"],"picked":"Escape Plan+1","floor":37.0},{"not_picked":["Sucker Punch","Endless Agony","Dagger Throw"],"picked":"SKIP","floor":39.0}],"player_experience":1466897,"relics_obtained":[],"event_choices":[{"damage_healed":0.0,"max_hp_gain":0.0,"max_hp_loss":0.0,"gold_gain":0.0,"event_name":"Scrap Ooze","player_choice":"Fled","floor":7.0,"gold_loss":0.0,"damage_taken":0.0},{"damage_healed":0.0,"max_hp_gain":0.0,"max_hp_loss":0.0,"gold_gain":0.0,"event_name":"Golden Idol","player_choice":"Ignored","floor":12.0,"gold_loss":0.0,"damage_taken":0.0},{"damage_healed":0.0,"max_hp_gain":0.0,"max_hp_loss":0.0,"gold_gain":0.0,"event_name":"The Mausoleum","player_choice":"Ignored","floor":19.0,"gold_loss":0.0,"damage_taken":0.0},{"damage_healed":0.0,"max_hp_gain":0.0,"max_hp_loss":0.0,"gold_gain":0.0,"event_name":"Ghosts","player_choice":"Ignored","floor":20.0,"gold_loss":0.0,"damage_taken":0.0},{"cards_removed":["Clumsy"],"damage_healed":0.0,"max_hp_gain":0.0,"max_hp_loss":0.0,"gold_gain":0.0,"event_name":"Beggar","player_choice":"Gave Gold","floor":24.0,"gold_loss":75.0,"damage_taken":0.0},{"damage_healed":0.0,"max_hp_gain":0.0,"max_hp_loss":0.0,"gold_gain":0.0,"event_name":"Cursed Tome","player_choice":"Ignored","floor":25.0,"gold_loss":0.0,"damage_taken":0.0},{"damage_healed":0.0,"max_hp_gain":0.0,"max_hp_loss":21.0,"gold_gain":0.0,"event_name":"Vampires","player_choice":"Became a vampire","floor":27.0,"gold_loss":0.0,"damage_taken":0.0,"cards_obtained":["Bite","Bite","Bite","Bite","Bite"]},{"damage_healed":0.0,"max_hp_gain":0.0,"max_hp_loss":0.0,"gold_gain":0.0,"event_name":"Accursed Blacksmith","player_choice":"Forge","floor":38.0,"gold_loss":0.0,"damage_taken":0.0,"cards_upgraded":["Bite"]},{"damage_healed":0,"gold_gain":0,"player_choice":"Copied","damage_taken":0,"max_hp_gain":0,"max_hp_loss":0,"event_name":"Duplicator","floor":47,"gold_loss":0,"cards_obtained":["Venomology"]}],"is_beta":false,"boss_relics":[{"not_picked":["Empty Cage","Runic Dome","Velvet Choker"]},{"not_picked":["Cursed Key","Snecko Eye","Lizard Tail"]}],"items_purged_floors":[],"is_endless":false,"potions_floor_spawned":[1,5,13,16,18,29,31,35,37,39],"killed_by":"Time Eater","ascension_level":0}