{"gold_per_floor":[109,122,137,147,147,147,147,147,200,200,250,267,267,284,284,284],"floor_reached":16,"playtime":504,"items_purged":[],"score":92,"play_id":"cbde0a5c-d011-4ad9-b35b-3c0f7f52a359","local_time":"20190214165406","is_ascension_mode":false,"campfire_choices":[{"data":"Armaments","floor":6,"key":"SMITH"},{"data":"Armaments","floor":8,"key":"SMITH"},{"data":"Bash","floor":10,"key":"SMITH"},{"data":"Flame Barrier","floor":15,"key":"SMITH"}],"neow_cost":"NONE","seed_source_timestamp":164043401969666,"circlet_count":0,"master_deck":["Strike_R","Strike_R","Strike_R","Strike_R","Defend_R","Defend_R","Defend_R","Defend_R","Bash+1","True Grit","Armaments+1","Armaments+1","Flex","Flame Barrier+1","Dual Wield"],"relics":["Burning Blood"],"potions_floor_usage":[14,16],"damage_taken":[{"damage":6,"enemies":"Jaw Worm","floor":1,"turns":3},{"damage":4,"enemies":"Small Slimes","floor":2,"turns":5},{"damage":0,"enemies":"Cultist","floor":3,"turns":4},{"damage":10,"enemies":"2 Fungi Beasts","floor":4,"turns":6},{"damage":6,"enemies":"Gremlin Gang","floor":12,"turns":9},{"damage":11,"enemies":"3 Louse","floor":14,"turns":3},{"damage":79,"enemies":"Slime Boss","floor":16,"turns":14}],"seed_played":"-4085855804591957125","potions_obtained":[{"floor":2,"key":"LiquidBronze"},{"floor":3,"key":"Weak Potion"}],"is_trial":false,"path_per_floor":["M","M","M","M","?","R","?","R","T","R","?","M","?","M","R","B"],"character_chosen":"IRONCLAD","items_purchased":[],"campfire_rested":0,"item_purchase_floors":[],"current_hp_per_floor":[80,80,80,76,81,81,81,81,81,81,81,81,81,76,76,0],"gold":284,"neow_bonus":"REMOVE_CARD","is_prod":false,"is_daily":false,"chose_seed":false,"campfire_upgraded":4,"win_rate":0,"timestamp":1550188446,"path_taken":["M","M","M","M","?","R","?","R","T","R","?","M","?","?","R","BOSS"],"build_version":"2019-01-23","purchased_purges":0,"victory":false,"max_hp_per_floor":[80,80,80,80,85,85,85,85,85,85,85,85,85,85,85,85],"card_choices":[{"not_picked":["Cleave","Heavy Blade"],"picked":"True Grit","floor":1},{"not_picked":["Heavy Blade","Intimidate"],"picked":"Armaments","floor":2},{"not_picked":["Clothesline","Fire Breathing"],"picked":"Armaments","floor":3},{"not_picked":["Sever Soul","Disarm"],"picked":"Flex","floor":4},{"not_picked":["Disarm","Clothesline"],"picked":"Flame Barrier","floor":12},{"not_picked":["Heavy Blade","Whirlwind"],"picked":"Dual Wield","floor":14}],"player_experience":1476092,"relics_obtained":[],"event_choices":[{"damage_healed":0,"gold_gain":0,"player_choice":"Donut","damage_taken":0,"max_hp_gain":5,"max_hp_loss":0,"event_name":"Big Fish","floor":5,"gold_loss":0},{"damage_healed":0,"gold_gain":0,"player_choice":"Searched \u00270\u0027 times","damage_taken":0,"max_hp_gain":0,"max_hp_loss":0,"event_name":"Dead Adventurer","floor":7,"gold_loss":0},{"damage_healed":0,"gold_gain":50,"player_choice":"Gained Gold","damage_taken":0,"max_hp_gain":0,"max_hp_loss":0,"event_name":"Golden Wing","floor":11,"gold_loss":0},{"damage_healed":0,"gold_gain":0,"player_choice":"Ignored","damage_taken":0,"max_hp_gain":0,"max_hp_loss":0,"event_name":"Golden Idol","floor":13,"gold_loss":0}],"is_beta":false,"boss_relics":[],"items_purged_floors":[],"is_endless":false,"potions_floor_spawned":[2,3],"killed_by":"Slime Boss","ascension_level":0}