{"gold_per_floor":[114,124,142,142,142,171,171,205,231,251,251,286,298,322,334,447,459,485,497,523,552,580,592,604,616,628,655,684,716,742,754,766,880,892,922,934,960,447,447,447,547,572,572,572,584,603,623,206,206,206,206,206,14,41,41],"floor_reached":55,"playtime":3677,"items_purged":["Pain","Strike_B"],"score":998,"play_id":"f34a8286-2ec5-4deb-abdf-dcece0fe925e","local_time":"20190327152404","is_ascension_mode":true,"campfire_choices":[{"data":"Dualcast","floor":7,"key":"SMITH"},{"data":"Coolheaded","floor":11,"key":"SMITH"},{"floor":15,"key":"REST"},{"floor":23,"key":"REST"},{"data":"Coolheaded","floor":25,"key":"SMITH"},{"floor":32,"key":"REST"},{"data":"Consume","floor":40,"key":"SMITH"},{"floor":44,"key":"RECALL"},{"floor":49,"key":"REST"},{"floor":52,"key":"REST"}],"neow_cost":"NONE","seed_source_timestamp":1004880515004437,"circlet_count":0,"master_deck":["Defend_B","Defend_B","Defend_B","Defend_B","Zap+1","Dualcast+1","Cold Snap","Doom and Gloom","Leap","Defragment+1","Coolheaded+1","Compile Driver","Zap","Go for the Eyes","Seek","Coolheaded+1","Chill","Electrodynamics+1","Undo","Go for the Eyes+1","Consume+1","Buffer+1","Undo+1","Machine Learning+1","Redo+1","Panache+1","Seek"],"relics":["Cracked Core","Sundial","Frozen Egg 2","Lantern","Anchor","MawBank","Inserter","WarpedTongs","Vajra","Astrolabe","Membership Card","Unceasing Top","Omamori","Ginger","Oddly Smooth Stone","Symbiotic Virus","Thread and Needle","Bronze Scales","Bag of Preparation","Centennial Puzzle"],"potions_floor_usage":[29,30,30,50,54,54,55,55],"damage_taken":[{"damage":0,"enemies":"Cultist","floor":1,"turns":3},{"damage":0,"enemies":"2 Louse","floor":2,"turns":3},{"damage":5,"enemies":"Jaw Worm","floor":3,"turns":3},{"damage":12,"enemies":"Lagavulin","floor":6,"turns":7},{"damage":14,"enemies":"3 Sentries","floor":8,"turns":5},{"damage":0,"enemies":"3 Louse","floor":10,"turns":2},{"damage":14,"enemies":"Gremlin Nob","floor":12,"turns":4},{"damage":6,"enemies":"Exordium Wildlife","floor":14,"turns":5},{"damage":8,"enemies":"Hexaghost","floor":16,"turns":8},{"damage":3,"enemies":"Shell Parasite","floor":18,"turns":4},{"damage":3,"enemies":"Spheric Guardian","floor":20,"turns":3},{"damage":18,"enemies":"Snake Plant","floor":21,"turns":5},{"damage":10,"enemies":"Chosen and Byrds","floor":22,"turns":6},{"damage":49,"enemies":"Snecko","floor":27,"turns":9},{"damage":2,"enemies":"3 Cultists","floor":28,"turns":2},{"damage":8,"enemies":"Shelled Parasite and Fungi","floor":29,"turns":6},{"damage":0,"enemies":"Snake Plant","floor":30,"turns":3},{"damage":47,"enemies":"Champ","floor":33,"turns":14},{"damage":0,"enemies":"3 Shapes","floor":35,"turns":5},{"damage":2,"enemies":"Orb Walker","floor":37,"turns":5},{"damage":0,"enemies":"Mind Bloom Boss Battle","floor":41,"turns":7},{"damage":16,"enemies":"Giant Head","floor":42,"turns":10},{"damage":0,"enemies":"Maw","floor":45,"turns":7},{"damage":0,"enemies":"Transient","floor":46,"turns":5},{"damage":0,"enemies":"Spire Growth","floor":47,"turns":6},{"damage":46,"enemies":"Donu and Deca","floor":50,"turns":9},{"damage":39,"enemies":"Shield and Spear","floor":54,"turns":5},{"damage":45,"enemies":"The Heart","floor":55,"turns":6}],"seed_played":"-8233840336655038917","potions_obtained":[{"floor":1,"key":"PowerPotion"},{"floor":8,"key":"PowerPotion"},{"floor":14,"key":"Fire Potion"},{"floor":30,"key":"Energy Potion"},{"floor":37,"key":"AttackPotion"},{"floor":54,"key":"Dexterity Potion"}],"is_trial":false,"path_per_floor":["T","?","?","M","?","M","?","?","?","?","?"],"character_chosen":"DEFECT","items_purchased":["Membership Card","Unceasing Top","Omamori","Dexterity Potion","Symbiotic Virus","Thread and Needle","Panache+1","Bronze Scales","LiquidBronze","Bag of Preparation"],"campfire_rested":5,"item_purchase_floors":[38,38,38,38,48,48,48,53,53,53],"current_hp_per_floor":[75,75,70,70,70,58,58,44,44,44,44,30,30,24,48,40,72,69,69,66,48,38,62,62,62,62,13,11,3,3,30,54,7,63,63,63,61,61,61,61,61,45,45,45,45,45,45,45,68,22,64,78,78,39,0],"gold":41,"neow_bonus":"TEN_PERCENT_HP_BONUS","is_prod":false,"is_daily":false,"chose_seed":false,"campfire_upgraded":4,"win_rate":0,"timestamp":1553714644,"path_taken":["M","M","M","?","?","E","R","E","T","M","R","E","?","?","R","BOSS","M","?","?","M","M","R","?","R","T","M","M","M","M","?","R","BOSS","M","?","M","$","?","R","?","E","T","R","M","M","M","$","R","BOSS","R","$","E","BOSS"],"build_version":"2019-01-23","purchased_purges":2,"victory":false,"max_hp_per_floor":[82,82,82,82,82,82,82,82,82,82,82,82,82,82,82,82,82,82,82,82,82,82,82,82,82,82,82,82,82,82,82,82,82,82,82,78,78,78,78,78,78,78,78,78,78,78,78,78,78,78,78,78,78,78,78],"card_choices":[{"not_picked":["Melter","Leap"],"picked":"Cold Snap","floor":1},{"not_picked":["Redo","Go for the Eyes"],"picked":"Doom and Gloom","floor":2},{"not_picked":["Stack","Sweeping Beam"],"picked":"Leap","floor":3},{"not_picked":["Coolheaded","Ball Lightning"],"picked":"Defragment","floor":6},{"not_picked":["Storm+1","Skim"],"picked":"Coolheaded","floor":8},{"not_picked":["Rip and Tear","Multi-Cast","Double Energy"],"picked":"SKIP","floor":10},{"not_picked":["Force Field","Rebound"],"picked":"Compile Driver","floor":12},{"not_picked":["Reprogram","Turbo"],"picked":"Go for the Eyes","floor":14},{"not_picked":["Rainbow","Fission"],"picked":"Seek","floor":16},{"not_picked":["Tempest","Double Energy"],"picked":"Coolheaded","floor":18},{"not_picked":["Barrage","Steam","Redo+1"],"picked":"SKIP","floor":20},{"not_picked":["Melter","Gash+1","Hologram"],"picked":"SKIP","floor":21},{"not_picked":["Conserve Battery+1","Beam Cell"],"picked":"Chill","floor":22},{"not_picked":["Storm+1","Compile Driver"],"picked":"Electrodynamics+1","floor":27},{"not_picked":["Capacitor+1","Coolheaded"],"picked":"Undo","floor":28},{"not_picked":["Turbo","Melter"],"picked":"Go for the Eyes+1","floor":29},{"not_picked":["Hello World+1","Stack"],"picked":"Consume","floor":30},{"not_picked":["Reboot","Fission"],"picked":"Buffer+1","floor":33},{"not_picked":["Coolheaded","Rip and Tear","Sweeping Beam+1"],"picked":"SKIP","floor":35},{"not_picked":["Compile Driver","Hello World+1","Rebound+1"],"picked":"SKIP","floor":37},{"not_picked":["Reinforced Body","Double Energy+1","Sweeping Beam+1"],"picked":"SKIP","floor":42},{"not_picked":["Turbo","Cold Snap+1","Double Energy+1"],"picked":"SKIP","floor":45},{"not_picked":["Gash+1","Go for the Eyes+1","Hologram+1"],"picked":"SKIP","floor":46},{"not_picked":["Sunder+1","Conserve Battery+1","Redo"],"picked":"SKIP","floor":47},{"not_picked":["Melter+1","Self Repair+1"],"picked":"Seek","floor":54}],"player_experience":1097887,"relics_obtained":[{"floor":4,"key":"Sundial"},{"floor":6,"key":"Frozen Egg 2"},{"floor":8,"key":"Lantern"},{"floor":9,"key":"Anchor"},{"floor":12,"key":"MawBank"},{"floor":26,"key":"Vajra"},{"floor":41,"key":"Ginger"},{"floor":42,"key":"Oddly Smooth Stone"},{"floor":54,"key":"Centennial Puzzle"}],"event_choices":[{"damage_healed":0,"gold_gain":0,"player_choice":"Grow","damage_taken":0,"max_hp_gain":0,"max_hp_loss":0,"event_name":"Living Wall","floor":5,"gold_loss":0,"cards_upgraded":["Zap"]},{"damage_healed":0,"gold_gain":0,"player_choice":"1 cards matched","damage_taken":0,"max_hp_gain":0,"max_hp_loss":0,"event_name":"Match and Keep!","floor":13,"gold_loss":0,"cards_obtained":["Zap"]},{"damage_healed":0,"gold_gain":0,"player_choice":"Rummage","damage_taken":0,"relics_obtained":["WarpedTongs"],"max_hp_gain":0,"max_hp_loss":0,"event_name":"Accursed Blacksmith","floor":19,"gold_loss":0,"cards_obtained":["Pain"]},{"damage_healed":0,"gold_gain":0,"player_choice":"Ignored","damage_taken":0,"max_hp_gain":0,"max_hp_loss":0,"event_name":"Ghosts","floor":24,"gold_loss":0},{"damage_healed":27,"gold_gain":0,"player_choice":"Heal","damage_taken":0,"max_hp_gain":0,"max_hp_loss":0,"event_name":"The Library","floor":31,"gold_loss":0},{"damage_healed":0,"gold_gain":0,"player_choice":"Max HP","damage_taken":0,"max_hp_gain":0,"max_hp_loss":4,"event_name":"Winding Halls","floor":36,"gold_loss":0},{"damage_healed":0,"gold_gain":0,"player_choice":"Memory 1","damage_taken":0,"max_hp_gain":0,"max_hp_loss":0,"event_name":"SensoryStone","floor":39,"gold_loss":0},{"damage_healed":0,"gold_gain":0,"player_choice":"Fight","damage_taken":0,"max_hp_gain":0,"max_hp_loss":0,"event_name":"MindBloom","floor":41,"gold_loss":0}],"is_beta":false,"boss_relics":[{"not_picked":["Runic Pyramid","Black Star"],"picked":"Inserter"},{"not_picked":["Velvet Choker","Eternal Feather"],"picked":"Astrolabe"}],"items_purged_floors":[38,48],"is_endless":false,"potions_floor_spawned":[1,8,14,16,18,21,27,30,37,42,54],"killed_by":"The Heart","ascension_level":9}