{"gold_per_floor":[114,16,91,106,106,106,136,136,136,151,166,166,181,196,196,296,296,311,326,341,356,356,356,51,66,66,81,81,6,21,51,51,151,151,166,0,25,52,64,76,118,145,157,169,196,223,235,262,274,286],"floor_reached":51,"playtime":2845,"items_purged":[],"score":803,"play_id":"2a0145d0-bfe8-4023-9dfe-c46a6cac191c","local_time":"20180828200453","daily_mods":["Brewmaster","Uncertain Future","Vintage"],"is_ascension_mode":false,"campfire_choices":[{"data":"Armaments","floor":6,"key":"SMITH"},{"data":"Fire Breathing","floor":8,"key":"SMITH"},{"data":"Clothesline","floor":15,"key":"SMITH"},{"floor":23,"key":"REST"},{"data":"Armaments","floor":28,"key":"SMITH"},{"data":"Dramatic Entrance","floor":32,"key":"SMITH"},{"data":"Limit Break","floor":40,"key":"SMITH"},{"floor":47,"key":"REST"},{"floor":49,"key":"REST"}],"neow_cost":"","seed_source_timestamp":1014315848275742,"circlet_count":0,"master_deck":["Strike_R","Strike_R+1","Strike_R","Strike_R+1","Defend_R","Defend_R+1","Defend_R","Defend_R","Bash","Venomology","Venomology","Venomology","Venomology","Venomology","Fire Breathing+1","Armaments+1","Regret","Clothesline+1","Feed","Flash of Steel","Armaments+1","Shrug It Off+1","Feel No Pain","Dramatic Entrance+1","Thunderclap","Perfected Strike+1","Limit Break+1","Clumsy","Heavy Blade+1","Normality","Madness","Madness","Wild Strike","Power Through+1"],"special_seed":17772,"relics":["Burning Blood","White Beast Statue","Oddly Smooth Stone","Letter Opener","Paper Frog","Singing Bowl","Ornamental Fan","Regal Pillow","Bag of Preparation","Bag of Marbles","Orichalcum","Centennial Puzzle","Bottled Tornado","Busted Crown","Bottled Flame","Matryoshka","Darkstone Periapt","Question Card","Whetstone","Happy Flower","Pantograph","Shuriken","StoneCalendar","Mummified Hand","Ancient Tea Set","Cursed Key","Dodecahedron","Red Mask","Red Skull","MawBank","Nunchaku","War Paint","Pear","Smiling Mask","Dream Catcher","Thread and Needle","Blood Vial"],"potions_floor_usage":[1,1,4,4,7,7,7,7,7,7,10,10,10,11,11,11,13,13,13,14,14,14,16,16,16,16,16,16,16,18,18,18,18,19,19,19,20,20,20,20,20,21,21,21,21,25,25,25,25,25,27,27,30,30,31,31,33,33,33,33,33,33,35,38,38,38,38,38,41,41,41,41,41,42,42,42,42,42,45,45,45,46,46,46,46,48,48,50,50,50,50,50,50,50],"damage_taken":[{"damage":1,"enemies":"Jaw Worm","floor":1,"turns":3},{"damage":0,"enemies":"2 Louse","floor":4,"turns":2},{"damage":13,"enemies":"Lagavulin","floor":7,"turns":6},{"damage":7,"enemies":"Small Slimes","floor":10,"turns":3},{"damage":14,"enemies":"Exordium Wildlife","floor":11,"turns":3},{"damage":2,"enemies":"Large Slime","floor":13,"turns":4},{"damage":2,"enemies":"Lots of Slimes","floor":14,"turns":3},{"damage":24,"enemies":"Slime Boss","floor":16,"turns":14},{"damage":14,"enemies":"Shell Parasite","floor":18,"turns":5},{"damage":14,"enemies":"Spheric Guardian","floor":19,"turns":4},{"damage":20,"enemies":"Snake Plant","floor":20,"turns":4},{"damage":13,"enemies":"Centurion and Healer","floor":21,"turns":5},{"damage":1,"enemies":"3 Cultists","floor":25,"turns":3},{"damage":3,"enemies":"Shelled Parasite and Fungi","floor":27,"turns":4},{"damage":0,"enemies":"Snake Plant","floor":30,"turns":3},{"damage":6,"enemies":"Slavers","floor":31,"turns":2},{"damage":33,"enemies":"Champ","floor":33,"turns":9},{"damage":0,"enemies":"Orb Walker","floor":35,"turns":2},{"damage":32,"enemies":"Flame Bruiser 1 Orb","floor":38,"turns":6},{"damage":27,"enemies":"2 Orb Walkers","floor":41,"turns":5},{"damage":0,"enemies":"Spire Growth","floor":42,"turns":3},{"damage":4,"enemies":"Sphere and 2 Shapes","floor":45,"turns":3},{"damage":20,"enemies":"Flame Bruiser 2 Orb","floor":46,"turns":6},{"damage":0,"enemies":"4 Shapes","floor":48,"turns":2},{"damage":129,"enemies":"Donu and Deca","floor":50,"turns":11}],"seed_played":"7234858393999432779","potions_obtained":[{"floor":1,"key":"Dexterity Potion"},{"floor":4,"key":"Swift Potion"},{"floor":7,"key":"PowerPotion"},{"floor":10,"key":"SkillPotion"},{"floor":11,"key":"Dexterity Potion"},{"floor":13,"key":"SkillPotion"},{"floor":14,"key":"BloodPotion"},{"floor":16,"key":"Strength Potion"},{"floor":18,"key":"SpeedPotion"},{"floor":19,"key":"Poison Potion"},{"floor":20,"key":"Weak Potion"},{"floor":21,"key":"Energy Potion"},{"floor":25,"key":"Explosive Potion"},{"floor":30,"key":"Regen Potion"},{"floor":31,"key":"GamblersBrew"},{"floor":33,"key":"GamblersBrew"},{"floor":35,"key":"Weak Potion"},{"floor":41,"key":"PowerPotion"},{"floor":45,"key":"PowerPotion"},{"floor":46,"key":"SneckoOil"},{"floor":48,"key":"FairyPotion"}],"is_trial":false,"path_per_floor":["M","$","?","M","?","R","E","R","T","M","M","?","M","M","R","B",null,"M","M","M","M","?","R","$","M","T","M","R","?","M","E","R","B",null,"M","?","T","M","$","R","E","M","T","?","M","M","R","M","R","B"],"character_chosen":"IRONCLAD","items_purchased":["Fire Breathing","Armaments","Armaments","Shrug It Off","Feel No Pain","Dramatic Entrance","Thunderclap"],"campfire_rested":3,"item_purchase_floors":[2,2,24,24,24,24,24],"current_hp_per_floor":[80,80,69,75,75,75,68,68,68,67,59,59,71,80,80,62,80,72,64,63,59,43,82,82,87,87,90,90,90,90,94,94,79,94,94,94,100,95,95,95,78,94,100,85,90,76,123,126,126,21],"gold":298,"neow_bonus":"","is_prod":false,"is_daily":true,"chose_seed":false,"campfire_upgraded":6,"win_rate":0,"timestamp":1535508293,"path_taken":["M","$","?","M","?","R","E","R","T","M","M","?","M","M","R","BOSS","M","M","M","M","?","R","$","?","T","M","R","?","M","E","R","BOSS","M","?","?","M","$","R","E","M","T","?","M","M","R","M","R","BOSS"],"build_version":"2018-08-23v2","purchased_purges":0,"victory":true,"max_hp_per_floor":[80,80,80,80,80,80,80,80,80,80,80,80,80,80,80,80,80,80,80,80,83,83,83,83,87,87,90,90,90,90,94,94,94,94,94,94,100,100,100,100,104,114,120,120,123,123,123,126,126,129],"card_choices":[{"not_picked":["Evolve","Pommel Strike"],"picked":"Clothesline","floor":7},{"not_picked":["Juggernaut","Berserk"],"picked":"Feed","floor":16},{"not_picked":["Clash"],"picked":"Perfected Strike+1","floor":31},{"not_picked":["Offering"],"picked":"Limit Break","floor":33},{"not_picked":["Warcry"],"picked":"Heavy Blade+1","floor":41},{"not_picked":["Thunderclap"],"picked":"Wild Strike","floor":47},{"not_picked":["Clash"],"picked":"Power Through+1","floor":49}],"player_experience":370915,"relics_obtained":[{"floor":1,"key":"Oddly Smooth Stone"},{"floor":4,"key":"Letter Opener"},{"floor":7,"key":"Singing Bowl"},{"floor":9,"key":"Ornamental Fan"},{"floor":10,"key":"Regal Pillow"},{"floor":11,"key":"Bag of Preparation"},{"floor":13,"key":"Orichalcum"},{"floor":14,"key":"Centennial Puzzle"},{"floor":16,"key":"Bottled Tornado"},{"floor":18,"key":"Bottled Flame"},{"floor":19,"key":"Matryoshka"},{"floor":20,"key":"Darkstone Periapt"},{"floor":21,"key":"Question Card"},{"floor":25,"key":"Whetstone"},{"floor":26,"key":"Happy Flower"},{"floor":26,"key":"Pantograph"},{"floor":27,"key":"Shuriken"},{"floor":30,"key":"StoneCalendar"},{"floor":31,"key":"Mummified Hand"},{"floor":33,"key":"Ancient Tea Set"},{"floor":35,"key":"Dodecahedron"},{"floor":37,"key":"Red Skull"},{"floor":37,"key":"MawBank"},{"floor":38,"key":"Nunchaku"},{"floor":41,"key":"War Paint"},{"floor":42,"key":"Pear"},{"floor":43,"key":"Smiling Mask"},{"floor":45,"key":"Dream Catcher"},{"floor":46,"key":"Thread and Needle"},{"floor":48,"key":"Blood Vial"}],"event_choices":[{"event_name":"World of Goop","player_choice":"Gather Gold","floor":3,"damage_taken":0},{"event_name":"Big Fish","player_choice":"Box","floor":5,"damage_taken":0},{"event_name":"WeMeetAgain","player_choice":"Potion","floor":12,"damage_taken":0},{"event_name":"Knowing Skull","player_choice":"CARD ","floor":22,"damage_taken":0},{"event_name":"Beggar","player_choice":"Gave Gold","floor":29,"damage_taken":0},{"event_name":"Tomb of Lord Red Mask","player_choice":"Paid","floor":36,"damage_taken":0},{"event_name":"Winding Halls","player_choice":"Embrace Madness","floor":44,"damage_taken":0}],"is_beta":false,"boss_relics":[{"not_picked":["Fusion Hammer","Calling Bell"],"picked":"Busted Crown"},{"not_picked":["Runic Cube","Astrolabe"],"picked":"Cursed Key"}],"items_purged_floors":[],"is_endless":false,"potions_floor_spawned":[1,4,7,10,11,13,14,16,18,19,20,21,25,27,30,31,33,35,38,41,42,45,46,48],"ascension_level":0}