{"gold_per_floor":[169,244,244,169,169,169,196,196,226,239,252,270,270,291,291,387,387,406,46,46,66,66],"floor_reached":22,"playtime":1273,"items_purged":["Strike_B","Defend_B"],"score":182,"play_id":"8b82470b-f86c-471e-b5e6-251b9e57f4b2","local_time":"20180804031822","is_ascension_mode":false,"campfire_choices":[{"data":"Chaos","floor":6,"key":"SMITH"},{"floor":8,"key":"REST"},{"data":"Fission","floor":13,"key":"SMITH"},{"floor":15,"key":"REST"}],"neow_cost":"NONE","seed_source_timestamp":235202645932026,"circlet_count":0,"master_deck":["Strike_B","Strike_B","Strike_B","Defend_B+1","Defend_B","Zap","Dualcast","Hello World","Chaos+1","Rebound","Ball Lightning","Lockon","Fission+1","Sunder","Multi-Cast","Glacier+1","Barrage"],"relics":["Tiny House","Happy Flower","Lantern","Tiny Chest","Odd Mushroom","Black Star","Question Card"],"potions_floor_usage":[14,16,16,16],"damage_taken":[{"damage":11,"enemies":"Jaw Worm","floor":1,"turns":3},{"damage":27,"enemies":"Gremlin Nob","floor":7,"turns":5},{"damage":0,"enemies":"Cultist","floor":10,"turns":4},{"damage":0,"enemies":"Small Slimes","floor":11,"turns":2},{"damage":10,"enemies":"Looter","floor":12,"turns":3},{"damage":12,"floor":14,"turns":4},{"damage":21,"enemies":"Slime Boss","floor":16,"turns":10},{"damage":43,"enemies":"Shell Parasite","floor":18,"turns":7},{"damage":33,"enemies":"2 Thieves","floor":21,"turns":4},{"damage":7,"enemies":"Snake Plant","floor":22,"turns":1}],"seed_played":"-6002930877277091903","potions_obtained":[{"floor":0,"key":"GamblersBrew"},{"floor":1,"key":"SneckoOil"},{"floor":12,"key":"Fire Potion"},{"floor":14,"key":"SpeedPotion"},{"floor":16,"key":"SpeedPotion"},{"floor":21,"key":"Energy Potion"}],"is_trial":false,"path_per_floor":["M","?","?","$","?","R","E","R","T","M","M","M","R","?","R","B",null,"M","$","?","M"],"character_chosen":"DEFECT","items_purchased":["Question Card"],"campfire_rested":2,"item_purchase_floors":[19],"current_hp_per_floor":[69,58,51,51,39,39,12,36,36,36,36,26,26,14,38,17,80,37,37,37,4,0],"gold":66,"neow_bonus":"BOSS_RELIC","is_prod":false,"is_daily":false,"chose_seed":false,"campfire_upgraded":2,"win_rate":0,"timestamp":1533374302,"path_taken":["M","?","?","$","?","R","E","R","T","M","M","?","R","?","R","BOSS","M","?","?","M","M"],"build_version":"2018-08-02","purchased_purges":2,"victory":false,"max_hp_per_floor":[80,80,80,80,80,80,80,80,80,80,80,80,80,80,80,80,80,80,80,80,80,80],"card_choices":[{"not_picked":["Reprogram","Hologram"],"picked":"Hello World","floor":0},{"not_picked":["Coolheaded","Steam"],"picked":"Chaos","floor":1},{"not_picked":["Ball Lightning","Blizzard"],"picked":"Rebound","floor":7},{"not_picked":["Hello World","Aggregate"],"picked":"Ball Lightning","floor":10},{"not_picked":["Undo","Force Field"],"picked":"Lockon","floor":11},{"not_picked":["Aggregate","Turbo"],"picked":"Fission","floor":12},{"not_picked":["Ball Lightning","Conserve Battery"],"picked":"Sunder","floor":14},{"not_picked":["All For One","Machine Learning"],"picked":"Multi-Cast","floor":16},{"not_picked":["Redo","Turbo"],"picked":"Glacier+1","floor":18},{"not_picked":["Go for the Eyes","Coolheaded","Compile Driver"],"picked":"Barrage","floor":21}],"player_experience":180441,"relics_obtained":[{"floor":7,"key":"Lantern"},{"floor":9,"key":"Tiny Chest"},{"floor":14,"key":"Odd Mushroom"}],"event_choices":[{"event_name":"World of Goop","player_choice":"Gather Gold","floor":2,"damage_taken":0},{"event_name":"Golden Wing","player_choice":"Card Removal","floor":3,"damage_taken":0},{"event_name":"Scrap Ooze","player_choice":"success","floor":5,"damage_taken":12},{"event_name":"Mushrooms","player_choice":"Fought Mushrooms","floor":14,"damage_taken":0},{"event_name":"Addict","player_choice":"Ignored","floor":20,"damage_taken":0}],"is_beta":false,"boss_relics":[{"not_picked":["Velvet Choker","White Beast Statue"],"picked":"Black Star"}],"items_purged_floors":[4,19],"is_endless":false,"potions_floor_spawned":[1,12,14,16,21],"killed_by":"Snake Plant","ascension_level":0}