{"gold_per_floor":[119,69,80,98,23,23,50,50,50,50,74,106,118,141,153,266,278,304,316,347,274,305,317],"floor_reached":23,"playtime":12196,"items_purged":["Strike_B"],"score":193,"play_id":"49479395-0ccf-44c1-8343-e9c8cbf79c57","local_time":"20190218164715","is_ascension_mode":false,"campfire_choices":[{"data":"Zap","floor":6,"key":"SMITH"},{"data":"Sunder","floor":8,"key":"SMITH"},{"floor":15,"key":"REST"}],"neow_cost":"NONE","seed_source_timestamp":393372046916688,"circlet_count":0,"master_deck":["Strike_B+1","Strike_B+1","Defend_B","Defend_B","Defend_B","Defend_B","Zap+1","Dualcast","Sunder+1","Melter","Conserve Battery","Ball Lightning+1","Conserve Battery","RitualDagger+1"],"relics":["Cracked Core","Whetstone","Matryoshka","Molten Egg 2","Mercury Hourglass","MawBank","Black Star","Anchor"],"potions_floor_usage":[14,16,23],"damage_taken":[{"damage":1,"enemies":"Cultist","floor":1,"turns":3},{"damage":0,"enemies":"Small Slimes","floor":3,"turns":2},{"damage":11,"enemies":"Jaw Worm","floor":4,"turns":2},{"damage":41,"enemies":"Gremlin Nob","floor":7,"turns":5},{"damage":5,"enemies":"Large Slime","floor":11,"turns":4},{"damage":0,"enemies":"2 Fungi Beasts","floor":12,"turns":2},{"damage":0,"enemies":"Looter","floor":14,"turns":1},{"damage":9,"enemies":"Hexaghost","floor":16,"turns":8},{"damage":20,"enemies":"2 Thieves","floor":18,"turns":4},{"damage":17,"enemies":"Shell Parasite","floor":20,"turns":6},{"damage":9,"enemies":"Shelled Parasite and Fungi","floor":22,"turns":4},{"damage":31,"enemies":"Gremlin Leader","floor":23,"turns":5}],"seed_played":"1060292548439810195","potions_obtained":[{"floor":1,"key":"SteroidPotion"},{"floor":12,"key":"SteroidPotion"},{"floor":14,"key":"FocusPotion"}],"is_trial":false,"path_per_floor":["?","?","M","?","?","?"],"character_chosen":"DEFECT","items_purchased":[],"campfire_rested":1,"item_purchase_floors":[],"current_hp_per_floor":[74,74,74,63,63,63,22,22,22,10,5,5,5,5,27,18,75,55,49,32,32,23,0],"gold":317,"neow_bonus":"RANDOM_COMMON_RELIC","is_prod":false,"is_daily":false,"chose_seed":false,"campfire_upgraded":2,"win_rate":0,"timestamp":1550526435,"path_taken":["M","?","M","M","$","R","E","R","T","?","M","?","?","M","R","BOSS","M","?","M","?","M","E"],"build_version":"2019-01-23","purchased_purges":1,"victory":false,"max_hp_per_floor":[75,75,75,75,75,75,75,75,75,75,75,75,75,75,75,75,75,75,75,75,75,75,75],"card_choices":[{"not_picked":["Streamline","Gash"],"picked":"Sunder","floor":1},{"not_picked":["Stack","Reinforced Body","Cold Snap"],"picked":"SKIP","floor":3},{"not_picked":["Go for the Eyes","Redo"],"picked":"Melter","floor":4},{"not_picked":["Creative AI","Gash","Coolheaded"],"picked":"SKIP","floor":7},{"not_picked":["Gash+1","Beam Cell+1"],"picked":"Conserve Battery","floor":11},{"not_picked":["Turbo","Machine Learning","Gash+1"],"picked":"SKIP","floor":12},{"not_picked":["BootSequence","Turbo"],"picked":"Ball Lightning+1","floor":14},{"not_picked":["Go for the Eyes+1","Sweeping Beam+1"],"picked":"Conserve Battery","floor":18},{"not_picked":["Aggregate","Turbo","Stack+1"],"picked":"SKIP","floor":20},{"not_picked":["Barrage+1","Streamline+1","Ball Lightning+1"],"picked":"SKIP","floor":22}],"player_experience":505625,"relics_obtained":[{"floor":7,"key":"Matryoshka"},{"floor":9,"key":"Molten Egg 2"},{"floor":9,"key":"Mercury Hourglass"}],"event_choices":[{"cards_removed":["Strike_B"],"damage_healed":0,"gold_gain":0,"player_choice":"Card Removal","damage_taken":0,"max_hp_gain":0,"max_hp_loss":0,"event_name":"The Cleric","floor":2,"gold_loss":50},{"damage_healed":0,"gold_gain":0,"player_choice":"Success","damage_taken":12,"relics_obtained":["MawBank"],"max_hp_gain":0,"max_hp_loss":0,"event_name":"Scrap Ooze","floor":10,"gold_loss":0},{"damage_healed":0,"gold_gain":0,"player_choice":"Ignored","damage_taken":0,"max_hp_gain":0,"max_hp_loss":0,"event_name":"Shining Light","floor":13,"gold_loss":0},{"damage_healed":0,"gold_gain":0,"player_choice":"Joined the Cult","damage_taken":6,"max_hp_gain":0,"max_hp_loss":0,"event_name":"Nest","floor":19,"gold_loss":0,"cards_obtained":["RitualDagger"]},{"damage_healed":0,"gold_gain":0,"player_choice":"Obtained Relic","damage_taken":0,"relics_obtained":["Anchor"],"max_hp_gain":0,"max_hp_loss":0,"event_name":"Addict","floor":21,"gold_loss":85}],"is_beta":false,"boss_relics":[{"not_picked":["Pandora\u0027s Box","Calling Bell"],"picked":"Black Star"}],"items_purged_floors":[5],"is_endless":false,"potions_floor_spawned":[1,12,14],"killed_by":"Gremlin Leader","ascension_level":0}