{"gold_per_floor":[115,115,190,216,140,140,154,166,189,206,216,233,245,255,255,360,360,380,398,466,466,486,521,521,535,535,535,548,146,146,161,161,266,266,282,0,0,13,32,32,63,73,73,86,86,105,60,76,76,76],"floor_reached":50,"playtime":1556,"items_purged":[],"score":567,"play_id":"56700736-26cc-4098-b366-26ec9c2a9c05","local_time":"20190201121425","is_ascension_mode":false,"campfire_choices":[{"data":"Iron Wave","floor":6,"key":"SMITH"},{"data":"Perfected Strike","floor":15,"key":"SMITH"},{"data":"1","floor":27,"key":"LIFT"},{"data":"2","floor":30,"key":"LIFT"},{"data":"Perfected Strike","floor":32,"key":"SMITH"},{"data":"3","floor":40,"key":"LIFT"},{"floor":45,"key":"REST"},{"floor":49,"key":"REST"}],"neow_cost":"NONE","seed_source_timestamp":258148594572346,"circlet_count":0,"master_deck":["Strike_R+1","Strike_R","Strike_R","Strike_R","Strike_R","Defend_R","Defend_R","Defend_R+1","Bash","Iron Wave+1","Perfected Strike+1","True Grit","Wild Strike","Cleave","Pommel Strike","Twin Strike","Wild Strike","Armaments+1","Perfected Strike","Perfected Strike+1","Pommel Strike+1","Thunderclap+1","Wild Strike","True Grit","Flex","Shrug It Off+1","Armaments","Shrug It Off+1","True Grit","Wild Strike+1","Flex+1","Clothesline+1","Wild Strike+1","Iron Wave+1","Clothesline","Twin Strike+1"],"relics":["Burning Blood","NeowsBlessing","Strawberry","Centennial Puzzle","Blood Vial","Sozu","Sundial","Omamori","Girya","Oddly Smooth Stone","Anchor","Orrery","Red Mask","Darkstone Periapt","PreservedInsect","Meat on the Bone"],"potions_floor_usage":[12,14,23,39,44],"damage_taken":[{"damage":0,"enemies":"Cultist","floor":1,"turns":1},{"damage":0,"enemies":"Small Slimes","floor":7,"turns":1},{"damage":0,"enemies":"Jaw Worm","floor":8,"turns":1},{"damage":10,"enemies":"3 Louse","floor":10,"turns":3},{"damage":7,"enemies":"Red Slaver","floor":11,"turns":3},{"damage":1,"enemies":"Exordium Wildlife","floor":12,"turns":4},{"damage":0,"enemies":"2 Fungi Beasts","floor":13,"turns":4},{"damage":9,"enemies":"Exordium Thugs","floor":14,"turns":4},{"damage":28,"enemies":"Slime Boss","floor":16,"turns":8},{"damage":3,"enemies":"Shell Parasite","floor":18,"turns":3},{"damage":5,"enemies":"2 Thieves","floor":19,"turns":3},{"damage":5,"enemies":"Chosen and Byrds","floor":22,"turns":4},{"damage":31,"enemies":"Gremlin Leader","floor":23,"turns":5},{"damage":9,"enemies":"Snake Plant","floor":25,"turns":3},{"damage":8,"enemies":"Snecko","floor":28,"turns":3},{"damage":0,"enemies":"Sentry and Sphere","floor":31,"turns":3},{"damage":53,"enemies":"Champ","floor":33,"turns":8},{"damage":5,"enemies":"3 Shapes","floor":35,"turns":3},{"damage":12,"enemies":"3 Darklings","floor":38,"turns":4},{"damage":26,"enemies":"Spire Growth","floor":39,"turns":3},{"damage":41,"enemies":"Giant Head","floor":41,"turns":8},{"damage":10,"enemies":"Jaw Worm Horde","floor":42,"turns":3},{"damage":24,"enemies":"Transient","floor":44,"turns":5},{"damage":12,"enemies":"Spire Growth","floor":46,"turns":3},{"damage":15,"enemies":"3 Darklings","floor":48,"turns":3},{"damage":121,"enemies":"Awakened One","floor":50,"turns":10}],"seed_played":"3731443101810019681","potions_obtained":[{"floor":7,"key":"SteroidPotion"},{"floor":8,"key":"AttackPotion"},{"floor":11,"key":"BloodPotion"},{"floor":12,"key":"SteroidPotion"},{"floor":16,"key":"Explosive Potion"}],"is_trial":false,"path_per_floor":["M","?","?","T","?","R","M","M","T","M","M","M","M","M","R","B",null,"M","M","T","?","M","E","?","M","T","R","M","$","R","M","R","B",null,"M","?","T","M","M","R","E","M","T","M","R","M","$","M","R","B"],"character_chosen":"IRONCLAD","items_purchased":["Oddly Smooth Stone","Wild Strike","True Grit","Anchor","Clothesline"],"campfire_rested":2,"item_purchase_floors":[29,29,29,29,47],"current_hp_per_floor":[80,64,53,60,60,60,66,72,72,70,71,78,86,84,84,64,87,87,87,87,87,87,62,62,61,61,61,61,61,61,69,69,24,87,87,87,87,81,63,63,30,28,28,32,58,54,54,59,85,0],"gold":76,"neow_bonus":"THREE_ENEMY_KILL","is_prod":false,"is_daily":false,"chose_seed":false,"campfire_upgraded":3,"win_rate":0,"timestamp":1549048465,"path_taken":["M","?","?","?","?","R","M","M","T","M","M","M","M","M","R","BOSS","M","M","?","?","?","E","?","?","T","R","M","$","R","M","R","BOSS","M","?","?","M","M","R","E","M","T","M","R","M","?","?","R","BOSS"],"build_version":"2019-01-23","purchased_purges":0,"victory":false,"max_hp_per_floor":[80,80,80,87,87,87,87,87,87,87,87,87,87,87,87,87,87,87,87,87,87,87,87,87,87,87,87,87,87,87,87,87,87,87,87,87,87,87,87,87,87,87,87,87,87,87,87,87,87,87],"card_choices":[{"not_picked":["Clash","Infernal Blade"],"picked":"Iron Wave","floor":1},{"not_picked":["Infernal Blade","Thunderclap"],"picked":"Perfected Strike","floor":7},{"not_picked":["Heavy Blade","Sentinel"],"picked":"True Grit","floor":8},{"not_picked":["Heavy Blade","Carnage","Havoc"],"picked":"SKIP","floor":10},{"not_picked":["Inflame","Feel No Pain"],"picked":"Wild Strike","floor":11},{"not_picked":["Rupture","Clash"],"picked":"Cleave","floor":12},{"not_picked":["Blood for Blood","Seeing Red"],"picked":"Pommel Strike","floor":13},{"not_picked":["Ghostly Armor","Limit Break"],"picked":"Twin Strike","floor":14},{"not_picked":["Ghostly Armor","Warcry"],"picked":"Wild Strike","floor":18},{"not_picked":["Flex","Shockwave"],"picked":"Armaments+1","floor":19},{"not_picked":["Rupture","Twin Strike"],"picked":"Perfected Strike","floor":22},{"not_picked":["Havoc","Entrench"],"picked":"Perfected Strike","floor":23},{"not_picked":["Combust+1","Flex"],"picked":"Pommel Strike+1","floor":25},{"not_picked":["Clash","Reckless Charge"],"picked":"Thunderclap+1","floor":28},{"not_picked":["Warcry","Brutality"],"picked":"Flex","floor":31},{"not_picked":["Sword Boomerang","Power Through"],"picked":"Shrug It Off+1","floor":34},{"not_picked":["Blood for Blood","Combust+1"],"picked":"Armaments","floor":34},{"not_picked":["Heavy Blade","Rupture"],"picked":"Shrug It Off+1","floor":34},{"not_picked":["Rampage","Battle Trance+1"],"picked":"True Grit","floor":34},{"not_picked":["Twin Strike","Pummel"],"picked":"Wild Strike+1","floor":35},{"not_picked":["Corruption","Rage+1"],"picked":"Flex+1","floor":38},{"not_picked":["Havoc+1","Thunderclap"],"picked":"Clothesline+1","floor":39},{"not_picked":["Dropkick","Cleave","Headbutt+1"],"picked":"SKIP","floor":41},{"not_picked":["Shockwave+1","Flex","Clothesline+1"],"picked":"SKIP","floor":42},{"not_picked":["Sword Boomerang+1","Entrench+1"],"picked":"Wild Strike+1","floor":44},{"not_picked":["Uppercut+1","Sever Soul+1"],"picked":"Iron Wave+1","floor":46},{"not_picked":["Warcry","Clash+1"],"picked":"Twin Strike+1","floor":48}],"player_experience":1355529,"relics_obtained":[{"floor":4,"key":"Strawberry"},{"floor":9,"key":"Blood Vial"},{"floor":20,"key":"Sundial"},{"floor":23,"key":"Omamori"},{"floor":26,"key":"Girya"},{"floor":37,"key":"Darkstone Periapt"},{"floor":41,"key":"PreservedInsect"},{"floor":43,"key":"Meat on the Bone"}],"event_choices":[{"damage_healed":0,"gold_gain":0,"player_choice":"Entered Light","damage_taken":16,"max_hp_gain":0,"max_hp_loss":0,"event_name":"Shining Light","floor":2,"gold_loss":0,"cards_upgraded":["Defend_R","Strike_R"]},{"damage_healed":0,"gold_gain":75,"player_choice":"Gather Gold","damage_taken":11,"max_hp_gain":0,"max_hp_loss":0,"event_name":"World of Goop","floor":3,"gold_loss":0},{"damage_healed":0,"gold_gain":0,"player_choice":"Paid Gold","damage_taken":0,"relics_obtained":["Centennial Puzzle"],"max_hp_gain":0,"max_hp_loss":0,"event_name":"WeMeetAgain","floor":5,"gold_loss":76},{"damage_healed":0,"gold_gain":0,"player_choice":"Ignored","damage_taken":0,"max_hp_gain":0,"max_hp_loss":0,"event_name":"NoteForYourself","floor":21,"gold_loss":0},{"cards_removed":["Defend_R"],"damage_healed":0,"gold_gain":0,"player_choice":"Purged","damage_taken":0,"max_hp_gain":0,"max_hp_loss":0,"event_name":"Purifier","floor":24,"gold_loss":0},{"damage_healed":0,"gold_gain":0,"player_choice":"Paid","damage_taken":0,"relics_obtained":["Red Mask"],"max_hp_gain":0,"max_hp_loss":0,"event_name":"Tomb of Lord Red Mask","floor":36,"gold_loss":282}],"is_beta":false,"boss_relics":[{"not_picked":["Calling Bell","Philosopher\u0027s Stone"],"picked":"Sozu"},{"not_picked":["Velvet Choker","White Beast Statue"],"picked":"Orrery"}],"items_purged_floors":[],"is_endless":false,"potions_floor_spawned":[7,8,11,12,16,22,23,31,35,42,44],"killed_by":"Awakened One","ascension_level":0}