{"gold_per_floor":[109,109,121,121,45,77,77,111,134,162,176,187,187,212,212,307,307,317,317,317,317,334,367,367,392,440,471,488,504,519,546,546,647,647,657,657,326,346,359,359,387,387,399,438,468,500,522,866,878,890],"floor_reached":51,"playtime":2666,"items_purged":["Strike_B"],"score":1237,"play_id":"4a79f8cd-e070-4536-938b-2f781d9b2151","local_time":"20190318144211","is_ascension_mode":true,"campfire_choices":[{"data":"Hello World","floor":7,"key":"SMITH"},{"floor":13,"key":"REST"},{"data":"Sunder","floor":15,"key":"SMITH"},{"floor":24,"key":"DIG"},{"floor":32,"key":"DIG"},{"floor":40,"key":"DIG"},{"floor":42,"key":"DIG"},{"floor":49,"key":"DIG"}],"neow_cost":"NONE","seed_source_timestamp":225770206334494,"circlet_count":0,"master_deck":["Strike_B","Strike_B","Strike_B","Defend_B","Defend_B","Defend_B","Zap+1","Dualcast","FTL","Conserve Battery","Hello World+1","Biased Cognition","Defragment","Ball Lightning","Sunder+1","Rebound+1","Ghostly","Ghostly","Ghostly","Ghostly","Ghostly","White Noise","Storm","Storm+1","BootSequence","Creative AI","Storm+1","Defragment","Loop","Static Discharge","Defragment","Storm","Hello World+1","Static Discharge+1","Self Repair"],"relics":["Cracked Core","Vajra","Ornamental Fan","Blood Vial","Mango","The Courier","Nuclear Battery","Enchiridion","Shovel","Thread and Needle","Pen Nib","Smiling Mask","Letter Opener","Bird Faced Urn","DataDisk","Coffee Dripper","Kunai","Bag of Preparation","MawBank","Bottled Tornado","Happy Flower","Old Coin","Ice Cream"],"potions_floor_usage":[6],"damage_taken":[{"damage":2,"enemies":"Jaw Worm","floor":1,"turns":3},{"damage":0,"enemies":"Small Slimes","floor":3,"turns":2},{"damage":23,"enemies":"Gremlin Nob","floor":6,"turns":4},{"damage":19,"enemies":"Lagavulin","floor":8,"turns":6},{"damage":23,"enemies":"3 Sentries","floor":10,"turns":5},{"damage":1,"enemies":"2 Louse","floor":11,"turns":2},{"damage":0,"enemies":"Looter","floor":12,"turns":2},{"damage":9,"enemies":"Gremlin Nob","floor":14,"turns":3},{"damage":38,"enemies":"Hexaghost","floor":16,"turns":7},{"damage":13,"enemies":"3 Byrds","floor":18,"turns":5},{"damage":0,"enemies":"Shell Parasite","floor":22,"turns":4},{"damage":0,"enemies":"Gremlin Leader","floor":23,"turns":7},{"damage":0,"enemies":"Slavers","floor":25,"turns":6},{"damage":0,"enemies":"Book of Stabbing","floor":27,"turns":5},{"damage":0,"enemies":"Snecko","floor":28,"turns":4},{"damage":0,"enemies":"Centurion and Healer","floor":29,"turns":4},{"damage":0,"enemies":"Chosen and Byrds","floor":30,"turns":4},{"damage":0,"enemies":"Gremlin Leader","floor":31,"turns":5},{"damage":2,"enemies":"Champ","floor":33,"turns":8},{"damage":0,"enemies":"3 Shapes","floor":35,"turns":4},{"damage":6,"enemies":"3 Darklings","floor":38,"turns":4},{"damage":0,"enemies":"4 Shapes","floor":39,"turns":1},{"damage":2,"enemies":"Nemesis","floor":41,"turns":3},{"damage":0,"enemies":"Reptomancer","floor":44,"turns":4},{"damage":0,"enemies":"Transient","floor":45,"turns":5},{"damage":14,"enemies":"3 Darklings","floor":46,"turns":2},{"damage":0,"enemies":"Sphere and 2 Shapes","floor":47,"turns":1},{"damage":0,"enemies":"Nemesis","floor":48,"turns":1},{"damage":6,"enemies":"Donu and Deca","floor":50,"turns":5}],"seed_played":"-8285577828574264504","potions_obtained":[{"floor":3,"key":"Weak Potion"},{"floor":8,"key":"Dexterity Potion"},{"floor":16,"key":"Block Potion"},{"floor":18,"key":"SneckoOil"},{"floor":23,"key":"Explosive Potion"},{"floor":33,"key":"FocusPotion"},{"floor":46,"key":"PowerPotion"}],"is_trial":false,"path_per_floor":["?","?","$","?","?","?","M","M","?","M"],"character_chosen":"DEFECT","items_purchased":["Hello World","Defragment","Loop","Static Discharge","Defragment","Storm"],"campfire_rested":1,"item_purchase_floors":[5,37,37,37,37,37],"current_hp_per_floor":[73,73,73,73,73,50,50,31,31,24,25,27,53,46,46,10,89,76,60,44,38,40,42,42,44,44,44,44,44,44,44,44,44,44,44,44,44,38,44,44,44,44,44,44,44,34,44,44,44,44],"gold":902,"neow_bonus":"UPGRADE_CARD","is_prod":false,"is_daily":false,"chose_seed":false,"campfire_upgraded":2,"win_rate":0,"timestamp":1552934531,"path_taken":["M","?","M","?","?","E","R","E","T","E","M","M","R","E","R","BOSS","M","?","?","?","M","E","R","E","T","E","M","?","?","E","R","BOSS","M","?","$","M","M","R","E","R","T","E","M","M","?","E","R","BOSS"],"build_version":"2019-01-23","purchased_purges":1,"victory":true,"max_hp_per_floor":[75,75,75,75,75,75,75,75,75,89,89,89,89,89,89,89,89,89,89,44,44,44,44,44,44,44,44,44,44,44,44,44,44,44,44,44,44,44,44,44,44,44,44,44,44,44,44,44,44,44],"card_choices":[{"not_picked":["Turbo","Double Energy"],"picked":"FTL","floor":1},{"not_picked":["Coolheaded","Rip and Tear"],"picked":"Conserve Battery","floor":3},{"not_picked":["Gash","Static Discharge"],"picked":"Biased Cognition","floor":6},{"not_picked":["Leap","Compile Driver"],"picked":"Defragment","floor":8},{"not_picked":["Reprogram","Steam","Aggregate"],"picked":"SKIP","floor":10},{"not_picked":["Stack","Hologram"],"picked":"Ball Lightning","floor":11},{"not_picked":["Reboot","Hello World","Leap"],"picked":"SKIP","floor":12},{"not_picked":["Steam","Stack"],"picked":"Sunder","floor":14},{"not_picked":["Steam+1","Hologram"],"picked":"Rebound+1","floor":18},{"not_picked":["Go for the Eyes","Hello World","Steam"],"picked":"SKIP","floor":22},{"not_picked":["Tempest","Conserve Battery"],"picked":"White Noise","floor":23},{"not_picked":["BootSequence+1","Meteor Strike"],"picked":"Storm","floor":25},{"not_picked":["Glacier","Conserve Battery","Chaos"],"picked":"SKIP","floor":27},{"not_picked":["Barrage","Compile Driver","Force Field"],"picked":"SKIP","floor":28},{"not_picked":["Sunder+1","Glacier"],"picked":"Storm+1","floor":29},{"not_picked":["Hologram","Cold Snap","Rebound"],"picked":"SKIP","floor":30},{"not_picked":["Scrape","Machine Learning"],"picked":"BootSequence","floor":31},{"not_picked":["Core Surge","Buffer"],"picked":"Creative AI","floor":33},{"not_picked":["Stack+1","Hologram","Cold Snap+1"],"picked":"SKIP","floor":35},{"not_picked":["Conserve Battery","Leap","Ball Lightning+1"],"picked":"SKIP","floor":38},{"not_picked":["Redo+1","Ball Lightning","Doom and Gloom+1"],"picked":"SKIP","floor":39},{"not_picked":["Redo","Cold Snap"],"picked":"Hello World+1","floor":41},{"not_picked":["Streamline","Force Field","Beam Cell+1"],"picked":"SKIP","floor":44},{"not_picked":["Rebound","Coolheaded+1","Steam"],"picked":"SKIP","floor":45},{"not_picked":["Go for the Eyes+1","Genetic Algorithm"],"picked":"Static Discharge+1","floor":46},{"not_picked":["Compile Driver+1","Steam+1","Redo"],"picked":"SKIP","floor":47},{"not_picked":["Redo","Hologram"],"picked":"Self Repair","floor":48}],"player_experience":756171,"relics_obtained":[{"floor":6,"key":"Vajra"},{"floor":8,"key":"Ornamental Fan"},{"floor":9,"key":"Blood Vial"},{"floor":10,"key":"Mango"},{"floor":14,"key":"The Courier"},{"floor":19,"key":"Enchiridion"},{"floor":23,"key":"Shovel"},{"floor":24,"key":"Thread and Needle"},{"floor":25,"key":"Pen Nib"},{"floor":26,"key":"Smiling Mask"},{"floor":27,"key":"Letter Opener"},{"floor":31,"key":"Bird Faced Urn"},{"floor":32,"key":"DataDisk"},{"floor":40,"key":"Kunai"},{"floor":41,"key":"Bag of Preparation"},{"floor":42,"key":"MawBank"},{"floor":43,"key":"Bottled Tornado"},{"floor":44,"key":"Happy Flower"},{"floor":48,"key":"Old Coin"},{"floor":49,"key":"Ice Cream"}],"event_choices":[{"cards_removed":["Defend_B"],"damage_healed":0,"gold_gain":0,"player_choice":"Forget","damage_taken":0,"max_hp_gain":0,"max_hp_loss":0,"event_name":"Living Wall","floor":2,"gold_loss":0},{"damage_healed":0,"gold_gain":0,"player_choice":"Ignored","damage_taken":0,"max_hp_gain":0,"max_hp_loss":0,"event_name":"Liars Game","floor":4,"gold_loss":0},{"damage_healed":0,"gold_gain":0,"player_choice":"Obtained Book","damage_taken":16,"max_hp_gain":0,"max_hp_loss":0,"event_name":"Cursed Tome","floor":19,"gold_loss":0},{"damage_healed":0,"gold_gain":0,"player_choice":"Became a Ghost","damage_taken":0,"max_hp_gain":0,"max_hp_loss":45,"event_name":"Ghosts","floor":20,"gold_loss":0,"cards_obtained":["Ghostly","Ghostly","Ghostly","Ghostly","Ghostly"]},{"damage_healed":0,"gold_gain":0,"player_choice":"","damage_taken":6,"max_hp_gain":0,"max_hp_loss":0,"event_name":"Knowing Skull","floor":21,"potions_obtained":[],"gold_loss":0,"cards_obtained":[]},{"damage_healed":0,"gold_gain":0,"player_choice":"Copied","damage_taken":0,"max_hp_gain":0,"max_hp_loss":0,"event_name":"Duplicator","floor":36,"gold_loss":0,"cards_obtained":["Storm"]}],"is_beta":false,"boss_relics":[{"not_picked":["Empty Cage","Black Star"],"picked":"Nuclear Battery"},{"not_picked":["White Beast Statue","Runic Dome"],"picked":"Coffee Dripper"}],"items_purged_floors":[37],"is_endless":false,"potions_floor_spawned":[3,8,16,18,23,27,33,41,46],"ascension_level":3}