{"gold_per_floor":[114,17,31,31,31,46,90,105,105,118,118,118,118,142,142,271,271,289,24,37,37,37,70,70,85,85,85,85,85,108,139,139,139],"floor_reached":33,"playtime":1373,"items_purged":[],"score":389,"play_id":"e55ee112-d108-4bf9-a402-7e2def2d6350","local_time":"20180828103247","is_ascension_mode":true,"campfire_choices":[{"floor":11,"key":"REST"},{"data":"Accuracy","floor":15,"key":"SMITH"},{"floor":24,"key":"REST"},{"floor":29,"key":"REST"},{"floor":32,"key":"REST"}],"neow_cost":"NONE","seed_source_timestamp":982796093662055,"circlet_count":0,"master_deck":["Defend_G","Defend_G","Defend_G","Defend_G","Defend_G+1","Survivor","Neutralize","All Out Attack+1","Riddle With Holes","Poisoned Stab","Blade Dance","Cloak And Dagger","Injury","Deadly Poison","Accuracy+1","Sucker Punch","Flying Knee+1","Slice","After Image","Dagger Spray","Tools of the Trade","Dramatic Entrance","Ghostly","Ghostly","Ghostly","Ghostly","Ghostly","Die Die Die","Noxious Fumes","Bite","Bite","Bite","Bite","Bite","Outmaneuver","Outmaneuver+1"],"relics":["Ring of the Snake","Golden Idol","Tough Bandages","Bottled Flame","Shuriken","Nloth\u0027s Gift","Mercury Hourglass","The Specimen","Nilry\u0027s Codex","Molten Egg 2"],"potions_floor_usage":[7,14,16,16,30,31,33],"damage_taken":[{"damage":0,"enemies":"Jaw Worm","floor":1,"turns":4},{"damage":0,"enemies":"2 Louse","floor":3,"turns":2},{"damage":0,"enemies":"Small Slimes","floor":6,"turns":1},{"damage":17,"enemies":"Lagavulin","floor":7,"turns":7},{"damage":9,"enemies":"Blue Slaver","floor":8,"turns":3},{"damage":6,"enemies":"Red Slaver","floor":10,"turns":4},{"damage":3,"enemies":"Looter","floor":14,"turns":3},{"damage":12,"enemies":"Hexaghost","floor":16,"turns":7},{"damage":9,"enemies":"Spheric Guardian","floor":18,"turns":4},{"damage":0,"enemies":"Chosen","floor":20,"turns":4},{"damage":9,"enemies":"Book of Stabbing","floor":23,"turns":8},{"damage":4,"enemies":"3 Cultists","floor":25,"turns":4},{"damage":0,"enemies":"Sentry and Sphere","floor":30,"turns":6},{"damage":22,"enemies":"Slavers","floor":31,"turns":3},{"damage":23,"enemies":"Automaton","floor":33,"turns":8}],"seed_played":"-7482463020938731452","potions_obtained":[{"floor":1,"key":"Weak Potion"},{"floor":6,"key":"LiquidBronze"},{"floor":7,"key":"Regen Potion"},{"floor":8,"key":"Strength Potion"},{"floor":18,"key":"SteroidPotion"},{"floor":23,"key":"SteroidPotion"},{"floor":25,"key":"GhostInAJar"}],"is_trial":false,"path_per_floor":["M","$","M","?","?","M","E","M","T","M","R","T","?","M","R","B",null,"M","$","M","?","?","E","R","M","T","?","?","R","M","E","R"],"character_chosen":"THE_SILENT","items_purchased":["Poisoned Stab","Blade Dance","Tools of the Trade","Dramatic Entrance"],"campfire_rested":4,"item_purchase_floors":[2,2,19,19],"current_hp_per_floor":[70,70,70,70,70,70,53,44,44,38,59,59,45,51,51,39,70,61,61,61,61,35,26,35,31,31,15,15,22,24,4,11,0],"gold":139,"neow_bonus":"TRANSFORM_CARD","is_prod":false,"is_daily":false,"chose_seed":false,"campfire_upgraded":1,"win_rate":0,"timestamp":1535473967,"path_taken":["M","$","M","?","?","?","E","?","T","M","R","?","?","M","R","BOSS","M","$","M","?","?","E","R","M","T","?","?","R","M","E","R","BOSS"],"build_version":"2018-08-23v2","purchased_purges":0,"victory":false,"max_hp_per_floor":[70,70,70,70,70,70,70,70,70,70,70,70,70,70,70,70,70,70,70,70,70,35,35,35,35,35,35,24,24,24,24,24,24],"card_choices":[{"not_picked":["Expertise","Flying Knee"],"picked":"Riddle With Holes","floor":1},{"not_picked":["Skewer","Blade Dance"],"picked":"Cloak And Dagger","floor":3},{"not_picked":["Dagger Spray","Bane"],"picked":"Deadly Poison","floor":6},{"not_picked":["Night Terror","Leg Sweep"],"picked":"Accuracy","floor":7},{"not_picked":["Escape Plan","Blur"],"picked":"Sucker Punch","floor":8},{"not_picked":["Riddle With Holes","Catalyst"],"picked":"Flying Knee","floor":10},{"not_picked":["Dodge and Roll","Acrobatics"],"picked":"Slice","floor":14},{"not_picked":["Burst","Corpse Explosion"],"picked":"After Image","floor":16},{"not_picked":[],"picked":"Dagger Spray","floor":18},{"not_picked":["Heel Hook"],"picked":"SKIP","floor":20},{"not_picked":["Tools of the Trade","Riddle With Holes"],"picked":"Die Die Die","floor":23},{"not_picked":["Choke","Concentrate"],"picked":"Noxious Fumes","floor":25},{"not_picked":["Poisoned Stab","Underhanded Strike"],"picked":"Outmaneuver","floor":30},{"not_picked":["Blur","Unload"],"picked":"Outmaneuver+1","floor":31}],"player_experience":361686,"relics_obtained":[{"floor":7,"key":"Tough Bandages"},{"floor":9,"key":"Bottled Flame"},{"floor":12,"key":"Shuriken"},{"floor":23,"key":"Mercury Hourglass"},{"floor":26,"key":"The Specimen"},{"floor":27,"key":"Nilry\u0027s Codex"},{"floor":31,"key":"Molten Egg 2"}],"event_choices":[{"event_name":"Golden Idol","player_choice":"Take Wound","floor":4,"damage_taken":0},{"event_name":"Upgrade Shrine","player_choice":"Upgraded","floor":5,"damage_taken":0},{"event_name":"Shining Light","player_choice":"Entered Light","floor":13,"damage_taken":0},{"event_name":"N\u0027loth","player_choice":"Traded a Busted Crown","floor":21,"damage_taken":0},{"event_name":"Ghosts","player_choice":"Became a Ghost","floor":22,"damage_taken":0},{"event_name":"Cursed Tome","player_choice":"Obtained Book","floor":27,"damage_taken":0},{"event_name":"Vampires","player_choice":"Became a vampire","floor":28,"damage_taken":0}],"is_beta":false,"boss_relics":[{"not_picked":["Fusion Hammer","Ectoplasm"],"picked":"Busted Crown"}],"items_purged_floors":[],"is_endless":false,"potions_floor_spawned":[1,6,7,8,18,23,25],"killed_by":"Automaton","ascension_level":2}