{"gold_per_floor":[115,129,140,155,168,501,501,528,528,562,240,258,275,291,291,365,365,380,393,325,338,253,284,194,214,214,214],"floor_reached":27,"playtime":1941,"items_purged":[],"score":427,"play_id":"b7d0f65d-6a8d-4f50-b252-2ad9991e5fae","local_time":"20190331120848","is_ascension_mode":true,"campfire_choices":[{"floor":7,"key":"REST"},{"data":"Armaments","floor":15,"key":"SMITH"}],"neow_cost":"NONE","seed_source_timestamp":1340498845224202,"circlet_count":0,"master_deck":["AscendersBane","Strike_R","Strike_R","Strike_R","Strike_R","Strike_R","Defend_R","Defend_R","Defend_R","Defend_R","Exhume","Clothesline","Armaments+1","Iron Wave","Ghostly Armor","Inflame","Corruption+1","True Grit","Clothesline","Clothesline","Offering","Inflame","Offering","Uppercut"],"relics":["Burning Blood","Old Coin","Shuriken","Pocketwatch","Pear","Torii","Coffee Dripper","Incense Burner","Frozen Egg 2","Matryoshka"],"potions_floor_usage":[6,10,12,23],"damage_taken":[{"damage":13,"enemies":"Jaw Worm","floor":1,"turns":5},{"damage":11,"enemies":"Small Slimes","floor":2,"turns":4},{"damage":0,"enemies":"Cultist","floor":3,"turns":4},{"damage":14,"enemies":"Looter","floor":4,"turns":4},{"damage":33,"enemies":"Exordium Thugs","floor":5,"turns":8},{"damage":28,"enemies":"Lagavulin","floor":6,"turns":10},{"damage":20,"enemies":"Gremlin Nob","floor":8,"turns":5},{"damage":2,"enemies":"Lagavulin","floor":10,"turns":10},{"damage":1,"enemies":"Lots of Slimes","floor":12,"turns":6},{"damage":1,"enemies":"Looter","floor":13,"turns":5},{"damage":11,"enemies":"Exordium Wildlife","floor":14,"turns":5},{"damage":31,"enemies":"Hexaghost","floor":16,"turns":15},{"damage":21,"enemies":"2 Thieves","floor":18,"turns":4},{"damage":10,"enemies":"Chosen","floor":19,"turns":5},{"damage":0,"enemies":"Snecko","floor":21,"turns":6},{"damage":49,"enemies":"Gremlin Leader","floor":23,"turns":7},{"damage":27,"enemies":"Chosen and Byrds","floor":25,"turns":8}],"seed_played":"-1564480374089288076","potions_obtained":[{"floor":1,"key":"Strength Potion"},{"floor":5,"key":"Ancient Potion"},{"floor":8,"key":"Strength Potion"},{"floor":10,"key":"Block Potion"},{"floor":12,"key":"SpeedPotion"},{"floor":18,"key":"Regen Potion"}],"is_trial":false,"path_per_floor":["?","?"],"character_chosen":"IRONCLAD","items_purchased":["Torii","Corruption","Inflame"],"campfire_rested":1,"item_purchase_floors":[11,11,20],"current_hp_per_floor":[65,60,66,58,31,9,33,19,19,33,33,38,43,38,38,13,71,56,52,52,58,58,30,30,9,9,9],"gold":214,"neow_bonus":"ONE_RANDOM_RARE_CARD","is_prod":false,"is_daily":false,"chose_seed":false,"campfire_upgraded":1,"win_rate":0,"timestamp":1554048528,"path_taken":["M","M","M","M","M","E","R","E","T","E","$","M","M","M","R","BOSS","M","M","$","M","?","E","?","M","T","R"],"build_version":"2019-01-23","purchased_purges":0,"victory":false,"max_hp_per_floor":[80,80,80,80,80,80,80,80,80,90,90,90,90,90,90,90,90,90,90,90,90,90,90,90,90,90,90],"card_choices":[{"not_picked":["Evolve","Pommel Strike"],"picked":"Clothesline","floor":1},{"not_picked":["Anger","Flex"],"picked":"Armaments","floor":2},{"not_picked":["Dual Wield","Bloodletting","Clash"],"picked":"SKIP","floor":3},{"not_picked":["Cleave","Thunderclap","Armaments"],"picked":"SKIP","floor":4},{"not_picked":["Perfected Strike","Cleave","Second Wind"],"picked":"SKIP","floor":5},{"not_picked":["Double Tap","Cleave"],"picked":"Iron Wave","floor":6},{"not_picked":["Corruption","Havoc"],"picked":"Ghostly Armor","floor":8},{"not_picked":["Body Slam","Thunderclap"],"picked":"Inflame","floor":10},{"not_picked":["Twin Strike","Pommel Strike"],"picked":"True Grit","floor":12},{"not_picked":["Flex","Cleave"],"picked":"Clothesline","floor":13},{"not_picked":["Warcry","Sentinel"],"picked":"Clothesline","floor":14},{"not_picked":["Immolate","Double Tap"],"picked":"Offering","floor":16},{"not_picked":["Body Slam","Twin Strike","Entrench"],"picked":"SKIP","floor":18},{"not_picked":["Clothesline","Wild Strike","Clash"],"picked":"SKIP","floor":19},{"not_picked":["Shrug It Off","Infernal Blade"],"picked":"Offering","floor":21},{"not_picked":["Iron Wave","Reckless Charge"],"picked":"Uppercut","floor":23},{"not_picked":["Thunderclap","Clothesline","Flex"],"picked":"SKIP","floor":25}],"player_experience":1320911,"relics_obtained":[{"floor":6,"key":"Old Coin"},{"floor":8,"key":"Shuriken"},{"floor":9,"key":"Pocketwatch"},{"floor":10,"key":"Pear"},{"floor":23,"key":"Frozen Egg 2"},{"floor":26,"key":"Matryoshka"}],"event_choices":[{"damage_healed":0,"gold_gain":0,"player_choice":"Obtained Relic","damage_taken":0,"relics_obtained":["Incense Burner"],"max_hp_gain":0,"max_hp_loss":0,"event_name":"Addict","floor":22,"gold_loss":85},{"cards_removed":["Bash"],"damage_healed":0,"gold_gain":0,"player_choice":"Upgrade and Remove","damage_taken":0,"max_hp_gain":0,"max_hp_loss":0,"event_name":"Designer","floor":24,"gold_loss":90,"cards_upgraded":["Corruption"]}],"is_beta":false,"boss_relics":[{"not_picked":["Orrery","Cursed Key"],"picked":"Coffee Dripper"}],"items_purged_floors":[],"is_endless":false,"potions_floor_spawned":[1,5,8,10,12,13,18,19],"ascension_level":13}