{"gold_per_floor":[364,364,382,23,35,35,35,64,137,55,82,102,72],"floor_reached":13,"playtime":655,"items_purged":["Defend_R"],"score":93,"play_id":"37a72783-1c4b-4e67-bbd7-911683d49a52","local_time":"20190315204722","is_ascension_mode":false,"campfire_choices":[{"data":"Shrug It Off","floor":6,"key":"SMITH"}],"neow_cost":"TEN_PERCENT_HP_LOSS","seed_source_timestamp":204198329758417,"circlet_count":0,"master_deck":["Strike_R","Strike_R","Strike_R","Strike_R","Strike_R","Defend_R+1","Defend_R","Defend_R+1","Bash","Shrug It Off+1","Shrug It Off","Combust+1","Feel No Pain+1","Regret","Ghostly Armor","Inflame+1"],"relics":["Burning Blood","Frozen Egg 2","War Paint","Omamori","Gremlin Horn","Ornamental Fan"],"potions_floor_usage":[11],"damage_taken":[{"damage":1,"enemies":"Jaw Worm","floor":1,"turns":5},{"damage":0,"enemies":"Small Slimes","floor":3,"turns":4},{"damage":3,"enemies":"Cultist","floor":5,"turns":3},{"damage":55,"enemies":"Gremlin Nob","floor":8,"turns":5},{"damage":10,"enemies":"3 Sentries","floor":11,"turns":7},{"damage":11,"enemies":"3 Louse","floor":12,"turns":3},{"damage":14,"enemies":"Exordium Thugs","floor":13,"turns":3}],"seed_played":"-5529322917495739922","potions_obtained":[{"floor":1,"key":"SpeedPotion"},{"floor":5,"key":"Strength Potion"}],"is_trial":false,"path_per_floor":["?","?","$"],"character_chosen":"IRONCLAD","items_purchased":["Frozen Egg 2","Combust+1","Inflame+1"],"campfire_rested":0,"item_purchase_floors":[4,4,10],"current_hp_per_floor":[72,72,72,72,72,72,72,23,23,23,19,14,0],"gold":72,"neow_bonus":"TWO_FIFTY_GOLD","is_prod":false,"is_daily":false,"chose_seed":false,"campfire_upgraded":1,"win_rate":0,"timestamp":1552697242,"path_taken":["M","?","M","$","M","R","?","E","T","?","E","M","M"],"build_version":"2019-01-23","purchased_purges":1,"victory":false,"max_hp_per_floor":[72,72,72,72,72,72,72,72,72,72,72,72,72],"card_choices":[{"not_picked":["Reckless Charge","Anger"],"picked":"Shrug It Off","floor":1},{"not_picked":["Sword Boomerang","Anger"],"picked":"Shrug It Off","floor":3},{"not_picked":["Armaments","Thunderclap"],"picked":"Feel No Pain+1","floor":5},{"not_picked":["Searing Blow","Bludgeon"],"picked":"Ghostly Armor","floor":8},{"not_picked":["Hemokinesis","Cleave","Entrench"],"picked":"SKIP","floor":11},{"not_picked":["Clothesline","Headbutt","Disarm"],"picked":"SKIP","floor":12}],"player_experience":667668,"relics_obtained":[{"floor":8,"key":"Omamori"},{"floor":9,"key":"Gremlin Horn"},{"floor":11,"key":"Ornamental Fan"}],"event_choices":[{"damage_healed":0,"gold_gain":0,"player_choice":"Ignored","damage_taken":0,"max_hp_gain":0,"max_hp_loss":0,"event_name":"Liars Game","floor":2,"gold_loss":0},{"damage_healed":0,"gold_gain":0,"player_choice":"Box","damage_taken":0,"relics_obtained":["War Paint"],"max_hp_gain":0,"max_hp_loss":0,"event_name":"Big Fish","floor":7,"gold_loss":0,"cards_obtained":["Regret"]}],"is_beta":false,"boss_relics":[],"items_purged_floors":[4],"is_endless":false,"potions_floor_spawned":[1,5],"killed_by":"Exordium Thugs","ascension_level":0}