{"gold_per_floor":[118,1,1,17,17,17,47,47,47,47,23,0,0,11,11,113,113,129,54,129,148,48,48,58,69,93,93,108,127,127,153,153,153],"floor_reached":33,"playtime":1905,"items_purged":["Perfected Strike","Body Slam"],"score":367,"play_id":"b77cb167-1d7a-4c95-8c32-31bc5c5483c1","local_time":"20190320180127","is_ascension_mode":true,"campfire_choices":[{"data":"Metallicize","floor":6,"key":"SMITH"},{"floor":8,"key":"REST"},{"data":"Bash","floor":10,"key":"SMITH"},{"data":"Clothesline","floor":13,"key":"SMITH"},{"data":"Shrug It Off","floor":15,"key":"SMITH"},{"data":"Feed","floor":23,"key":"SMITH"},{"floor":32,"key":"REST"}],"neow_cost":"TEN_PERCENT_HP_LOSS","seed_source_timestamp":411295337261120,"circlet_count":0,"master_deck":["Bash+1","Headbutt","Metallicize+1","Shrug It Off","Headbutt","Shrug It Off","Clothesline+1","Shrug It Off+1","Feed+1","Wild Strike","Second Wind","Rampage","Sentinel","Inflame","True Grit","Metallicize"],"relics":["Burning Blood","Torii","StoneCalendar","Pandora\u0027s Box","Lantern","MutagenicStrength","Smiling Mask"],"potions_floor_usage":[29,29,31,31,33],"damage_taken":[{"damage":10,"enemies":"Cultist","floor":1,"turns":5},{"damage":2,"enemies":"Jaw Worm","floor":4,"turns":3},{"damage":49,"enemies":"Lagavulin","floor":7,"turns":8},{"damage":0,"enemies":"2 Louse","floor":14,"turns":2},{"damage":11,"enemies":"Hexaghost","floor":16,"turns":10},{"damage":9,"enemies":"Chosen","floor":18,"turns":6},{"damage":15,"enemies":"Spheric Guardian","floor":21,"turns":6},{"damage":2,"enemies":"Centurion and Healer","floor":24,"turns":7},{"damage":19,"enemies":"Shelled Parasite and Fungi","floor":25,"turns":7},{"damage":26,"enemies":"Cultist and Chosen","floor":28,"turns":6},{"damage":13,"enemies":"Centurion and Healer","floor":29,"turns":6},{"damage":31,"enemies":"Slavers","floor":31,"turns":7},{"damage":62,"enemies":"Automaton","floor":33,"turns":6}],"seed_played":"-6449131131805454195","potions_obtained":[{"floor":4,"key":"SpeedPotion"},{"floor":7,"key":"Block Potion"},{"floor":14,"key":"Fire Potion"},{"floor":24,"key":"BloodPotion"},{"floor":29,"key":"SpeedPotion"},{"floor":31,"key":"Fire Potion"}],"is_trial":false,"path_per_floor":["?","?","$","?","M","$","?","?"],"character_chosen":"IRONCLAD","items_purchased":["Metallicize","Shrug It Off","Shrug It Off","Clothesline"],"campfire_rested":2,"item_purchase_floors":[2,2,11,12],"current_hp_per_floor":[68,68,65,69,69,69,26,47,47,47,47,47,47,53,53,48,66,66,66,59,53,53,53,61,52,52,52,36,42,42,21,50,0],"gold":153,"neow_bonus":"REMOVE_TWO","is_prod":false,"is_daily":false,"chose_seed":false,"campfire_upgraded":5,"win_rate":0,"timestamp":1553119287,"path_taken":["M","$","?","M","?","R","E","R","T","R","?","$","R","M","R","BOSS","M","$","?","?","?","R","M","M","T","?","M","M","?","E","R","BOSS"],"build_version":"2019-01-23","purchased_purges":2,"victory":false,"max_hp_per_floor":[72,72,72,72,72,72,72,72,72,72,72,72,72,72,72,72,72,75,75,75,78,78,78,82,86,86,86,90,94,94,98,98,98],"card_choices":[{"not_picked":["Havoc","Thunderclap"],"picked":"Headbutt","floor":1},{"not_picked":["Warcry","Corruption","Perfected Strike"],"picked":"SKIP","floor":4},{"not_picked":["Shockwave","Immolate"],"picked":"Headbutt","floor":7},{"not_picked":["Clash","Rage"],"picked":"Shrug It Off","floor":14},{"not_picked":["Immolate","Bludgeon"],"picked":"Feed","floor":16},{"not_picked":["Reckless Charge","Sentinel","Rage"],"picked":"SKIP","floor":18},{"not_picked":["Combust","Body Slam+1"],"picked":"Inflame","floor":21},{"not_picked":["Hemokinesis","Iron Wave+1","Twin Strike+1"],"picked":"SKIP","floor":24},{"not_picked":["Flex+1","Combust","Rampage"],"picked":"SKIP","floor":25},{"not_picked":["Flex+1","Havoc+1","Bloodletting+1"],"picked":"SKIP","floor":28},{"not_picked":["Bloodletting","Reckless Charge"],"picked":"True Grit","floor":29},{"not_picked":["Entrench","Flame Barrier"],"picked":"Metallicize","floor":31}],"player_experience":840861,"relics_obtained":[{"floor":7,"key":"StoneCalendar"},{"floor":26,"key":"Lantern"},{"floor":31,"key":"Smiling Mask"}],"event_choices":[{"damage_healed":0,"gold_gain":0,"player_choice":"Success","damage_taken":3,"relics_obtained":["Torii"],"max_hp_gain":0,"max_hp_loss":0,"event_name":"Scrap Ooze","floor":3,"gold_loss":0},{"cards_removed":["Strike_R"],"damage_healed":0,"gold_gain":0,"player_choice":"Forget","damage_taken":0,"max_hp_gain":0,"max_hp_loss":0,"event_name":"Living Wall","floor":5,"gold_loss":0},{"damage_healed":0,"gold_gain":75,"player_choice":"Touch","damage_taken":7,"max_hp_gain":0,"max_hp_loss":0,"event_name":"FaceTrader","floor":20,"gold_loss":0},{"damage_healed":0,"gold_gain":0,"player_choice":"Inject Mutagens","damage_taken":0,"relics_obtained":["MutagenicStrength"],"max_hp_gain":0,"max_hp_loss":0,"event_name":"Drug Dealer","floor":27,"gold_loss":0},{"damage_healed":0,"gold_gain":0,"player_choice":"Ignored","damage_taken":0,"max_hp_gain":0,"max_hp_loss":0,"event_name":"Ghosts","floor":30,"gold_loss":0}],"is_beta":false,"boss_relics":[{"not_picked":["Busted Crown","Snecko Eye"],"picked":"Pandora\u0027s Box"}],"items_purged_floors":[19,22],"is_endless":false,"potions_floor_spawned":[4,7,14,24,25,29,31],"killed_by":"Automaton","ascension_level":6}