{"gold_per_floor":[119,132,232,243,260,288,2,2,2,35,35,53,3,15,15,116,116,130,140,140,65,92,120,120,135,135,135,146,162,84,96,96,197,197,208,32,32,52,67,67,86,86,86,112,137,148,166,183,183,280,280,296,11,72,85,104,129,142,157,157,32,42,52,52,67,67,163,163,183,183,196,213,223],"floor_reached":73,"playtime":4615,"items_purged":["Pain","Strike_G","Mayhem"],"score":1357,"play_id":"70ab8f0f-fe1e-4536-a74b-b19caa5f9a9f","local_time":"20190409121419","daily_mods":["Allstar","Uncertain Future","DeadlyEvents"],"is_ascension_mode":false,"campfire_choices":[{"data":"Noxious Fumes","floor":8,"key":"SMITH"},{"data":"Infinite Blades","floor":11,"key":"SMITH"},{"data":"Wraith Form v2","floor":15,"key":"SMITH"},{"data":"Cloak And Dagger","floor":24,"key":"SMITH"},{"data":"Cloak And Dagger","floor":27,"key":"SMITH"},{"data":"Infinite Blades","floor":32,"key":"SMITH"},{"floor":40,"key":"REST"},{"floor":42,"key":"REST"},{"floor":49,"key":"REST"},{"floor":64,"key":"REST"},{"floor":66,"key":"REST"}],"neow_cost":"","seed_source_timestamp":2114934904738287,"circlet_count":0,"master_deck":["Survivor","Neutralize","Purity","Master of Strategy","Secret Weapon","Bandage Up","Deadly Poison","Infinite Blades+1","Cloak And Dagger+1","Cloak And Dagger+1","Noxious Fumes+1","Wraith Form v2+1","All Out Attack","Storm of Steel","Blade Dance+1","Blade Dance+1","PiercingWail+1","Prepared+1","Infinite Blades+1","Storm of Steel","Prepared+1","Infinite Blades+1","Prepared+1","Backstab","Backstab","Calculated Gamble","Choke+1","Blade Dance+1","Adrenaline","Corpse Explosion","Bouncing Flask","Adrenaline","Tools of the Trade","Night Terror","Backstab","Backflip","Malaise","Accuracy","Adrenaline","Endless Agony","Escape Plan","Envenom","Cloak And Dagger","Ghostly","Ghostly","Ghostly","Ghostly","Ghostly"],"relics":["Ring of the Snake","Tingsha","Mercury Hourglass","Nunchaku","Dead Branch","WristBlade","WarpedTongs","Dodecahedron","Ornamental Fan","Sundial","Fusion Hammer","Mummified Hand","Pocketwatch","Darkstone Periapt","Pandora\u0027s Box","Medical Kit","Oddly Smooth Stone","Bottled Tornado","HoveringKite"],"potions_floor_usage":[28],"damage_taken":[{"damage":0,"enemies":"2 Louse","floor":1,"turns":3},{"damage":0,"enemies":"Cultist","floor":2,"turns":4},{"damage":3,"enemies":"Jaw Worm","floor":4,"turns":4},{"damage":12,"enemies":"Exordium Thugs","floor":5,"turns":6},{"damage":2,"enemies":"Lagavulin","floor":6,"turns":9},{"damage":22,"enemies":"Gremlin Nob","floor":10,"turns":4},{"damage":0,"enemies":"Gremlin Gang","floor":12,"turns":3},{"damage":0,"enemies":"2 Fungi Beasts","floor":14,"turns":3},{"damage":23,"enemies":"Hexaghost","floor":16,"turns":6},{"damage":1,"enemies":"Spheric Guardian","floor":18,"turns":3},{"damage":0,"enemies":"Chosen","floor":19,"turns":2},{"damage":23,"enemies":"Gremlin Leader","floor":22,"turns":5},{"damage":13,"enemies":"Book of Stabbing","floor":23,"turns":3},{"damage":0,"enemies":"Sentry and Sphere","floor":25,"turns":3},{"damage":0,"enemies":"Cultist and Chosen","floor":28,"turns":6},{"damage":0,"enemies":"Snake Plant","floor":29,"turns":3},{"damage":0,"enemies":"Centurion and Healer","floor":31,"turns":3},{"damage":0,"enemies":"Automaton","floor":33,"turns":5},{"damage":0,"enemies":"3 Darklings","floor":35,"turns":2},{"damage":1,"enemies":"3 Shapes","floor":38,"turns":1},{"damage":0,"enemies":"Spire Growth","floor":39,"turns":2},{"damage":0,"enemies":"Maw","floor":41,"turns":3},{"damage":0,"enemies":"Nemesis","floor":44,"turns":2},{"damage":0,"enemies":"Reptomancer","floor":45,"turns":3},{"damage":0,"enemies":"Transient","floor":46,"turns":5},{"damage":7,"enemies":"Spire Growth","floor":47,"turns":2},{"damage":0,"enemies":"Writhing Mass","floor":48,"turns":3},{"damage":0,"enemies":"Awakened One","floor":50,"turns":3},{"damage":0,"enemies":"Jaw Worm","floor":52,"turns":1},{"damage":0,"enemies":"Gremlin Nob","floor":54,"turns":1},{"damage":0,"enemies":"2 Louse","floor":55,"turns":1},{"damage":0,"enemies":"Small Slimes","floor":56,"turns":1},{"damage":0,"enemies":"Gremlin Nob","floor":57,"turns":1},{"damage":3,"enemies":"Exordium Thugs","floor":58,"turns":2},{"damage":0,"enemies":"2 Fungi Beasts","floor":59,"turns":1},{"damage":0,"enemies":"Looter","floor":62,"turns":1},{"damage":0,"enemies":"Gremlin Gang","floor":63,"turns":2},{"damage":0,"enemies":"Exordium Wildlife","floor":65,"turns":1},{"damage":13,"enemies":"Hexaghost","floor":67,"turns":3},{"damage":0,"enemies":"Chosen","floor":69,"turns":2},{"damage":0,"enemies":"3 Byrds","floor":71,"turns":1},{"damage":14,"enemies":"Shelled Parasite and Fungi","floor":72,"turns":2},{"damage":0,"enemies":"Sentry and Sphere","floor":73,"turns":3}],"seed_played":"4803079081004840975","potions_obtained":[{"floor":2,"key":"Dexterity Potion"},{"floor":10,"key":"FearPotion"},{"floor":12,"key":"Energy Potion"},{"floor":23,"key":"Regen Potion"},{"floor":29,"key":"GhostInAJar"}],"is_trial":true,"path_per_floor":["?","E","?","?","E","$","?","E","M","?","M","$","?"],"character_chosen":"THE_SILENT","items_purchased":["Noxious Fumes","Mercury Hourglass","Infinite Blades","Infinite Blades","Medical Kit","Accuracy"],"campfire_rested":5,"item_purchase_floors":[7,7,30,36,53,53],"current_hp_per_floor":[70,70,70,70,62,64,64,64,64,46,46,50,50,54,54,35,70,70,70,70,70,47,38,38,38,38,38,58,64,64,70,70,70,70,70,70,70,69,70,70,70,70,70,70,70,70,67,67,70,70,70,70,70,70,70,70,70,67,67,67,67,67,67,70,70,70,57,70,70,35,35,25,29],"gold":223,"neow_bonus":"","is_prod":false,"is_daily":false,"chose_seed":false,"campfire_upgraded":6,"win_rate":0,"timestamp":1554826459,"path_taken":["M","M","?","M","M","E","$","R","T","?","R","M","?","M","R","BOSS","M","M","?","$","?","E","R","M","T","R","M","M","?","M","R","BOSS","M","$","?","M","M","R","M","R","T","E","?","?","M","M","R","BOSS","M","$","?","?","M","E","M","M","T","?","M","M","R","M","R","BOSS","M","?","M","M","M"],"build_version":"2019-01-23","purchased_purges":3,"victory":false,"max_hp_per_floor":[70,70,70,70,70,70,70,70,70,70,70,70,70,70,70,70,70,70,70,70,70,70,70,70,70,70,70,70,70,70,70,70,70,70,70,70,70,70,70,70,70,70,70,70,70,70,70,70,70,70,70,70,70,70,70,70,70,70,70,70,70,70,70,70,70,70,70,70,70,35,35,35,35],"card_choices":[{"not_picked":["Dagger Throw","Reflex"],"picked":"Deadly Poison","floor":1},{"not_picked":["Outmaneuver","Acrobatics","Expertise"],"picked":"SKIP","floor":2},{"not_picked":["Grand Finale","Sucker Punch"],"picked":"Infinite Blades","floor":4},{"not_picked":["Sucker Punch","Choke"],"picked":"Cloak And Dagger","floor":5},{"not_picked":["Quick Slash","Acrobatics"],"picked":"Cloak And Dagger","floor":6},{"not_picked":["Acrobatics","Poisoned Stab"],"picked":"Wraith Form v2","floor":10},{"not_picked":["Poisoned Stab","Underhanded Strike"],"picked":"All Out Attack","floor":12},{"not_picked":["Flying Knee","Prepared","Catalyst"],"picked":"SKIP","floor":14},{"not_picked":["Corpse Explosion","Die Die Die"],"picked":"Storm of Steel","floor":16},{"not_picked":["Outmaneuver+1","PiercingWail"],"picked":"Blade Dance+1","floor":18},{"not_picked":["Poisoned Stab+1","Flying Knee","Concentrate"],"picked":"SKIP","floor":19},{"not_picked":["Catalyst","Slice+1","Outmaneuver"],"picked":"SKIP","floor":22},{"not_picked":["Doppelganger","Dagger Spray"],"picked":"Blade Dance+1","floor":23},{"not_picked":["Accuracy","Riddle With Holes"],"picked":"PiercingWail+1","floor":25},{"not_picked":["Blur+1","Endless Agony"],"picked":"Prepared+1","floor":28},{"not_picked":["Underhanded Strike","Terror","Flying Knee+1"],"picked":"SKIP","floor":29},{"not_picked":["Bane","Blade Dance","All Out Attack"],"picked":"SKIP","floor":31},{"not_picked":["Bullet Time","Wraith Form v2"],"picked":"Storm of Steel","floor":33},{"not_picked":["Tactician","Dodge and Roll+1"],"picked":"Prepared+1","floor":35},{"not_picked":["Setup","Leg Sweep+1"],"picked":"Prepared+1","floor":38},{"not_picked":["Dagger Spray+1","Quick Slash","Corpse Explosion"],"picked":"SKIP","floor":39},{"not_picked":["Catalyst","Quick Slash+1"],"picked":"Backstab","floor":41},{"not_picked":["Dagger Spray+1","Setup+1"],"picked":"Backstab","floor":44},{"not_picked":["PiercingWail","Crippling Poison+1"],"picked":"Calculated Gamble","floor":45},{"not_picked":["Flechettes+1","Finisher"],"picked":"Choke+1","floor":46},{"not_picked":["Skewer+1","Poisoned Stab+1","Acrobatics+1"],"picked":"SKIP","floor":47},{"not_picked":["Catalyst+1","Reflex+1"],"picked":"Blade Dance+1","floor":48},{"not_picked":["Unload","Wraith Form v2"],"picked":"Adrenaline","floor":50},{"not_picked":["All Out Attack","Poisoned Stab","Quick Slash"],"picked":"SKIP","floor":52},{"not_picked":["Distraction","Poisoned Stab","Noxious Fumes"],"picked":"SKIP","floor":55},{"not_picked":["Choke","Noxious Fumes","Dodge and Roll"],"picked":"SKIP","floor":56},{"not_picked":["Flying Knee","Deadly Poison"],"picked":"Adrenaline","floor":57},{"not_picked":["Cloak And Dagger","Heel Hook"],"picked":"Endless Agony","floor":58},{"not_picked":["Terror","Prepared","Deadly Poison"],"picked":"SKIP","floor":59},{"not_picked":["Underhanded Strike","Prepared"],"picked":"Escape Plan","floor":62},{"not_picked":["Sucker Punch","Underhanded Strike","Predator"],"picked":"SKIP","floor":63},{"not_picked":["Bane","Concentrate","Dodge and Roll"],"picked":"SKIP","floor":65},{"not_picked":["Die Die Die","Venomology"],"picked":"Envenom","floor":67},{"not_picked":["Bane","Slice"],"picked":"Cloak And Dagger","floor":69},{"not_picked":["Deflect","Backflip","Deadly Poison"],"picked":"SKIP","floor":71},{"not_picked":["Slice","Prepared","Flying Knee"],"picked":"SKIP","floor":72},{"not_picked":["Dagger Spray","PiercingWail","Eviscerate"],"picked":"SKIP","floor":73}],"player_experience":1648410,"relics_obtained":[{"floor":6,"key":"Tingsha"},{"floor":9,"key":"Nunchaku"},{"floor":10,"key":"Dead Branch"},{"floor":22,"key":"Dodecahedron"},{"floor":23,"key":"Ornamental Fan"},{"floor":26,"key":"Sundial"},{"floor":43,"key":"Mummified Hand"},{"floor":44,"key":"Pocketwatch"},{"floor":45,"key":"Darkstone Periapt"},{"floor":54,"key":"Oddly Smooth Stone"},{"floor":60,"key":"Bottled Tornado"}],"event_choices":[{"damage_healed":0,"gold_gain":100,"player_choice":"Pray","damage_taken":0,"max_hp_gain":0,"max_hp_loss":0,"event_name":"Golden Shrine","floor":3,"gold_loss":0},{"cards_removed":["Strike_G"],"damage_healed":0,"gold_gain":0,"player_choice":"Card Removal","damage_taken":0,"max_hp_gain":0,"max_hp_loss":0,"event_name":"The Cleric","floor":13,"gold_loss":50},{"damage_healed":0,"gold_gain":0,"player_choice":"Rummage","damage_taken":0,"relics_obtained":["WarpedTongs"],"max_hp_gain":0,"max_hp_loss":0,"event_name":"Accursed Blacksmith","floor":20,"gold_loss":0,"cards_obtained":["Pain"]},{"damage_healed":0,"gold_gain":0,"player_choice":"Upgraded","damage_taken":0,"max_hp_gain":0,"max_hp_loss":0,"event_name":"Upgrade Shrine","floor":37,"gold_loss":0,"cards_upgraded":["Infinite Blades"]},{"damage_healed":0,"gold_gain":0,"player_choice":"Searched \u00271\u0027 times","damage_taken":0,"max_hp_gain":0,"max_hp_loss":0,"event_name":"Dead Adventurer","floor":54,"gold_loss":0},{"damage_healed":0,"gold_gain":0,"player_choice":"Became a Ghost","damage_taken":0,"max_hp_gain":0,"max_hp_loss":35,"event_name":"Ghosts","floor":70,"gold_loss":0,"cards_obtained":["Ghostly","Ghostly","Ghostly","Ghostly","Ghostly"]}],"is_beta":false,"boss_relics":[{"not_picked":["Busted Crown","Eternal Feather"],"picked":"WristBlade"},{"not_picked":["Runic Pyramid","Orrery"],"picked":"Fusion Hammer"},{"not_picked":["Snecko Eye","Cursed Key"],"picked":"Pandora\u0027s Box"},{"not_picked":["White Beast Statue","Coffee Dripper"],"picked":"HoveringKite"}],"items_purged_floors":[21,36,61],"is_endless":true,"potions_floor_spawned":[2,10,12,18,23,29,33,35,38,39,45,50,52,55,58,59,65,71],"killed_by":"Sentry and Sphere","ascension_level":0}