{"gold_per_floor":[209,219,4,4,4,4,4,4,4,30,30,40,66,26,26,130,130,140,140,140,155,180,205,205,205,277,157,157,177,177,5,5,107,157,174,0,10,10,23,23,23],"floor_reached":41,"playtime":7387,"items_purged":["Strike_R","Defend_R","Bloodletting"],"score":507,"play_id":"f0d82a88-99e5-4643-aa24-c0412a2f264a","local_time":"20190406131720","is_ascension_mode":true,"campfire_choices":[{"data":"Shockwave","floor":6.0,"key":"SMITH"},{"data":"Bash","floor":8.0,"key":"SMITH"},{"data":"Body Slam","floor":15.0,"key":"SMITH"},{"data":"Disarm","floor":24.0,"key":"SMITH"},{"floor":28.0,"key":"RECALL"},{"data":"Shrug It Off","floor":30.0,"key":"SMITH"},{"data":"Limit Break","floor":32.0,"key":"SMITH"},{"data":"Disarm","floor":40,"key":"SMITH"}],"neow_cost":"NONE","seed_source_timestamp":0,"circlet_count":0,"master_deck":["Defend_R","Defend_R","Bash+1","Sentinel","Metallicize","Shockwave+1","Disarm+1","Warcry+1","Body Slam+1","Feel No Pain","Offering","True Grit+1","Feel No Pain","Shrug It Off+1","Shrug It Off","Body Slam+1","Shockwave+1","Disarm+1","Limit Break+1","Impervious","Inflame","Seeing Red+1","Disarm+1","Inflame","Armaments+1"],"special_seed":0,"relics":["Burning Blood","Prayer Wheel","Red Skull","Torii","Empty Cage","Red Mask","WingedGreaves","Pear","Mummified Hand","Potion Belt","Tiny House"],"potions_floor_usage":[39,39,41],"damage_taken":[{"damage":0.0,"enemies":"Small Slimes","floor":1.0,"turns":3.0},{"damage":6.0,"enemies":"Cultist","floor":2.0,"turns":4.0},{"damage":34.0,"enemies":"Gremlin Nob","floor":10.0,"turns":7.0},{"damage":7.0,"enemies":"Jaw Worm","floor":12.0,"turns":8.0},{"damage":9.0,"enemies":"3 Sentries","floor":13.0,"turns":16.0},{"damage":25.0,"enemies":"The Guardian","floor":16.0,"turns":13.0},{"damage":9.0,"enemies":"Shell Parasite","floor":18.0,"turns":12.0},{"damage":14.0,"enemies":"Colosseum Slavers","floor":20.0,"turns":7.0},{"damage":9.0,"enemies":"3 Byrds","floor":21.0,"turns":7.0},{"damage":13.0,"enemies":"Masked Bandits","floor":22.0,"turns":5.0},{"damage":6.0,"enemies":"Book of Stabbing","floor":23.0,"turns":6.0},{"damage":14.0,"enemies":"Snecko","floor":29.0,"turns":8.0},{"damage":8.0,"enemies":"Champ","floor":33.0,"turns":11.0},{"damage":7.0,"enemies":"3 Darklings","floor":35.0,"turns":7.0},{"damage":8.0,"enemies":"Orb Walker","floor":37.0,"turns":6.0},{"damage":38,"enemies":"4 Shapes","floor":39,"turns":8},{"damage":62,"enemies":"Reptomancer","floor":41,"turns":3}],"seed_played":"7514113962698308183","potions_obtained":[{"floor":12.0,"key":"FearPotion"},{"floor":13.0,"key":"Strength Potion"},{"floor":21.0,"key":"PowerPotion"},{"floor":29.0,"key":"Dexterity Potion"},{"floor":34.0,"key":"Energy Potion"},{"floor":39,"key":"Dexterity Potion"}],"is_trial":false,"path_per_floor":["M","M","$","?","$","R","$","R","T","E","?","M","E","$","R","B",null,"M","?","?","M","?","E","R","T","T","?","R","M","R","$","R","B",null,"M","$","M","?","M","R","E"],"character_chosen":"IRONCLAD","items_purchased":["Metallicize","Shockwave","Bloodletting","Limit Break","Explosive Potion"],"campfire_rested":0,"item_purchase_floors":[3,3,14,31,36],"current_hp_per_floor":[80,80,80,80,80,80,80,80,80,52,52,51,48,48,48,29,80,77,77,69,66,59,59,59,69,69,69,69,61,61,61,61,59,95,94,94,92,92,60,60,0],"gold":23,"neow_bonus":"HUNDRED_GOLD","is_prod":false,"is_daily":false,"chose_seed":false,"campfire_upgraded":7,"win_rate":0,"timestamp":1554571040,"path_taken":["M","M","$","?","?","R","?","R","T","E","?","?","E","$","R","BOSS","M","?","?","?","?","E","R","?","T","?","R","M","R","$","R","BOSS","M","$","?","?","M","R","E"],"build_version":"2019-01-23","purchased_purges":3,"victory":false,"max_hp_per_floor":[80,80,80,80,80,80,80,80,80,80,80,80,80,80,80,80,80,80,80,80,80,80,80,80,90,90,90,90,90,90,90,90,90,95,95,95,95,95,95,95,95],"card_choices":[{"not_picked":["Sword Boomerang","Headbutt"],"picked":"Sentinel","floor":1.0},{"not_picked":["Perfected Strike","Armaments","Blood for Blood"],"picked":"SKIP","floor":2.0},{"not_picked":["Inflame","Armaments"],"picked":"Disarm","floor":10.0},{"not_picked":["Twin Strike","Corruption"],"picked":"Body Slam","floor":12.0},{"not_picked":["Rupture","Flame Barrier"],"picked":"Feel No Pain","floor":12.0},{"not_picked":["Rage","Cleave","Metallicize"],"picked":"SKIP","floor":13.0},{"not_picked":["Exhume","Reaper"],"picked":"Offering","floor":16.0},{"not_picked":["Armaments+1","Corruption+1"],"picked":"True Grit+1","floor":18.0},{"not_picked":["Battle Trance","Cleave"],"picked":"Feel No Pain","floor":18.0},{"not_picked":["Uppercut","Clash"],"picked":"Shrug It Off","floor":21.0},{"not_picked":["Anger","True Grit"],"picked":"Shrug It Off","floor":21.0},{"not_picked":["Warcry","Flex"],"picked":"Body Slam+1","floor":22.0},{"not_picked":["Second Wind","Perfected Strike+1"],"picked":"Shockwave+1","floor":23.0},{"not_picked":["Intimidate","Headbutt"],"picked":"Disarm+1","floor":29.0},{"not_picked":["Headbutt","Bloodletting+1","Warcry"],"picked":"SKIP","floor":29.0},{"not_picked":["Juggernaut","Brutality"],"picked":"Impervious","floor":33.0},{"not_picked":["Warcry+1","Thunderclap"],"picked":"Inflame","floor":35.0},{"not_picked":["Dual Wield+1","Wild Strike+1","Cleave+1"],"picked":"SKIP","floor":35.0},{"not_picked":["Perfected Strike+1","Anger+1"],"picked":"Seeing Red+1","floor":37.0},{"not_picked":["Heavy Blade","Evolve+1"],"picked":"Disarm","floor":37.0},{"not_picked":["Whirlwind","Twin Strike"],"picked":"Armaments+1","floor":39},{"not_picked":["Dual Wield","Armaments","True Grit"],"picked":"SKIP","floor":39}],"player_experience":166457,"relics_obtained":[{"floor":9.0,"key":"Prayer Wheel"},{"floor":10.0,"key":"Red Skull"},{"floor":13.0,"key":"Torii"},{"floor":22.0,"key":"Red Mask"},{"floor":23.0,"key":"WingedGreaves"},{"floor":25.0,"key":"Pear"},{"floor":26.0,"key":"Mummified Hand"}],"event_choices":[{"cards_removed":["Strike_R"],"damage_healed":0.0,"max_hp_gain":0.0,"max_hp_loss":0.0,"gold_gain":0.0,"event_name":"Purifier","player_choice":"Purged","floor":4.0,"gold_loss":0.0,"damage_taken":0.0},{"damage_healed":0.0,"max_hp_gain":0.0,"max_hp_loss":0.0,"gold_gain":0.0,"cards_transformed":["Strike_R"],"event_name":"Transmorgrifier","player_choice":"Transformed","floor":11.0,"gold_loss":0.0,"damage_taken":0.0,"cards_obtained":["Warcry"]},{"cards_removed":["Defend_R"],"damage_healed":0.0,"max_hp_gain":0.0,"max_hp_loss":0.0,"gold_gain":0.0,"event_name":"Back to Basics","player_choice":"Elegance","floor":19.0,"gold_loss":0.0,"damage_taken":0.0},{"damage_healed":0.0,"max_hp_gain":0.0,"max_hp_loss":0.0,"gold_gain":0.0,"event_name":"Colosseum","player_choice":"Fight","floor":20.0,"gold_loss":0.0,"damage_taken":0.0},{"damage_healed":0.0,"max_hp_gain":0.0,"max_hp_loss":0.0,"gold_gain":0.0,"event_name":"Colosseum","player_choice":"Fled From Nobs","floor":20.0,"gold_loss":0.0,"damage_taken":0.0},{"damage_healed":0.0,"max_hp_gain":0.0,"max_hp_loss":0.0,"gold_gain":0.0,"event_name":"Masked Bandits","player_choice":"Fought Bandits","floor":22.0,"gold_loss":0.0,"damage_taken":0.0},{"damage_healed":0.0,"max_hp_gain":0.0,"max_hp_loss":0.0,"gold_gain":0.0,"event_name":"WeMeetAgain","player_choice":"Paid Gold","floor":27.0,"gold_loss":120.0,"damage_taken":0.0,"relics_obtained":["Potion Belt"]},{"damage_healed":0.0,"max_hp_gain":0.0,"max_hp_loss":0.0,"gold_gain":0.0,"event_name":"Duplicator","player_choice":"Copied","floor":38.0,"gold_loss":0.0,"damage_taken":0.0,"cards_obtained":["Inflame"]}],"is_beta":false,"boss_relics":[{"not_picked":["Calling Bell","Pandora\u0027s Box"],"picked":"Empty Cage"},{"not_picked":["Eternal Feather","Orrery"],"picked":"Tiny House"}],"items_purged_floors":[3,31,36],"is_endless":false,"potions_floor_spawned":[12,13,20,21,29,39],"killed_by":"Reptomancer","ascension_level":2}