{"gold_per_floor":[118,42,42,42,54,54,66,66,66,141,141,316,316,326,326,426,426,436,436,22,22,36,68,85,85],"floor_reached":25,"playtime":717,"items_purged":[],"score":303,"play_id":"03e53fff-9d9d-4107-8c4d-0bcd95e20fe8","local_time":"20181107111321","is_ascension_mode":true,"campfire_choices":[{"data":"Body Slam","floor":6,"key":"SMITH"},{"data":"Spot Weakness","floor":8,"key":"SMITH"},{"floor":15,"key":"REST"}],"neow_cost":"NONE","seed_source_timestamp":2399404150279147,"circlet_count":0,"master_deck":["Strike_R","Strike_R","Defend_R","Defend_R","Defend_R","Defend_R","Bash+1","Inflame+1","Spot Weakness+1","Body Slam+1","Sword Boomerang","Heavy Blade","Double Tap","True Grit+1","Uppercut","Burning Pact+1","Flex"],"relics":["Burning Blood","Omamori","Nunchaku","GremlinMask","Mark of Pain","Unceasing Top","Regal Pillow"],"potions_floor_usage":[14,20,23],"damage_taken":[{"damage":10,"enemies":"2 Louse","floor":1,"turns":3},{"damage":12,"enemies":"Jaw Worm","floor":5,"turns":3},{"damage":6,"enemies":"Cultist","floor":7,"turns":4},{"damage":8,"enemies":"Large Slime","floor":14,"turns":5},{"damage":45,"enemies":"Slime Boss","floor":16,"turns":8},{"damage":16,"enemies":"Shell Parasite","floor":18,"turns":3},{"damage":22,"enemies":"Spheric Guardian","floor":22,"turns":4},{"damage":29,"enemies":"Gremlin Leader","floor":23,"turns":6},{"damage":13,"enemies":"Snecko","floor":24,"turns":3},{"damage":14,"enemies":"Shelled Parasite and Fungi","floor":25,"turns":2}],"seed_played":"6280491617407020918","potions_obtained":[{"floor":7,"key":"Block Potion"},{"floor":16,"key":"AttackPotion"},{"floor":22,"key":"Ancient Potion"}],"is_trial":false,"path_per_floor":["M","$","?","?","M","R","M","R","T","?","?","?","?","M","R","B",null,"M","?","$","?","M","E","M","M"],"character_chosen":"IRONCLAD","items_purchased":["Spot Weakness","Unceasing Top","Fruit Juice"],"campfire_rested":1,"item_purchase_floors":[2,20,20],"current_hp_per_floor":[68,68,68,68,62,62,62,62,62,51,35,35,35,33,57,18,65,55,55,60,60,44,21,14,0],"gold":85,"neow_bonus":"RANDOM_COMMON_RELIC","is_prod":false,"is_daily":false,"chose_seed":false,"campfire_upgraded":2,"win_rate":0,"timestamp":1541614401,"path_taken":["M","$","?","?","?","R","M","R","T","?","?","?","?","M","R","BOSS","M","?","?","?","M","E","M","M"],"build_version":"2018-11-01","purchased_purges":0,"victory":false,"max_hp_per_floor":[80,80,80,80,80,80,80,80,80,80,80,80,80,80,80,80,80,80,80,85,85,85,85,85,85],"card_choices":[{"not_picked":["Wild Strike","Iron Wave"],"picked":"Inflame","floor":1},{"not_picked":["True Grit","Pommel Strike"],"picked":"Body Slam","floor":5},{"not_picked":["Seeing Red","Burning Pact"],"picked":"Sword Boomerang","floor":7},{"not_picked":["Combust","Rage"],"picked":"Heavy Blade","floor":14},{"not_picked":["Brutality","Berserk"],"picked":"Double Tap","floor":16},{"not_picked":["Intimidate","Headbutt+1"],"picked":"True Grit+1","floor":18},{"not_picked":["Rupture","True Grit"],"picked":"Burning Pact+1","floor":22},{"not_picked":["Cleave","Anger","Headbutt"],"picked":"SKIP","floor":23},{"not_picked":["Rampage","Offering"],"picked":"Flex","floor":24}],"player_experience":1020906,"relics_obtained":[{"floor":9,"key":"Nunchaku"},{"floor":23,"key":"Regal Pillow"}],"event_choices":[{"damage_healed":0,"gold_gain":0,"player_choice":"Leave","damage_taken":0,"max_hp_gain":0,"max_hp_loss":0,"event_name":"The Cleric","floor":3,"gold_loss":0},{"cards_removed":["Strike_R"],"damage_healed":0,"gold_gain":0,"player_choice":"Offered Basic","damage_taken":0,"max_hp_gain":0,"max_hp_loss":0,"event_name":"Bonfire Elementals","floor":4,"gold_loss":0},{"damage_healed":0,"gold_gain":75,"player_choice":"Gather Gold","damage_taken":11,"max_hp_gain":0,"max_hp_loss":0,"event_name":"World of Goop","floor":10,"gold_loss":0},{"damage_healed":0,"gold_gain":0,"player_choice":"Entered Light","damage_taken":16,"max_hp_gain":0,"max_hp_loss":0,"event_name":"Shining Light","floor":11,"gold_loss":0,"cards_upgraded":["Bash","Inflame"]},{"damage_healed":0,"gold_gain":175,"player_choice":"AGREE","damage_taken":0,"max_hp_gain":0,"max_hp_loss":0,"event_name":"Liars Game","floor":12,"gold_loss":0,"cards_obtained":["Doubt"]},{"damage_healed":0,"gold_gain":0,"player_choice":"Trade","damage_taken":0,"relics_obtained":["GremlinMask"],"max_hp_gain":0,"max_hp_loss":0,"event_name":"FaceTrader","floor":13,"gold_loss":0},{"damage_healed":0,"gold_gain":0,"cards_transformed":["Strike_R"],"player_choice":"Transformed","damage_taken":0,"max_hp_gain":0,"max_hp_loss":0,"event_name":"Transmorgrifier","floor":19,"gold_loss":0,"cards_obtained":["Uppercut"]},{"cards_removed":["Strike_R"],"damage_healed":0,"gold_gain":0,"player_choice":"Elegance","damage_taken":0,"max_hp_gain":0,"max_hp_loss":0,"event_name":"Back to Basics","floor":21,"gold_loss":0}],"is_beta":false,"boss_relics":[{"not_picked":["Eternal Feather","Empty Cage"],"picked":"Mark of Pain"}],"items_purged_floors":[],"is_endless":false,"potions_floor_spawned":[7,16,22],"killed_by":"Shelled Parasite and Fungi","ascension_level":9}