{"gold_per_floor":[116,130,147,163,180,180,199,199,281,281,310,17,45,45,45,146,146,163,181,201,211,225,256,256,285,285,285,285,285,315,334,334,437,437,456,468,118,130,150,177,177,77,77,111,111,111,7,36,36,36,36,36,36,66,66],"floor_reached":55,"playtime":4511,"items_purged":["Pain","Strike_R","Strike_R","Strike_R"],"score":1333,"play_id":"0a39fe84-29f4-4d83-b43b-dcb35ed0cdd0","local_time":"20190330205501","is_ascension_mode":true,"campfire_choices":[{"data":"Carnage","floor":6,"key":"SMITH"},{"data":"Clothesline","floor":8,"key":"SMITH"},{"data":"Disarm","floor":15,"key":"SMITH"},{"data":"Disarm","floor":24,"key":"SMITH"},{"data":"Inflame","floor":27,"key":"SMITH"},{"data":"Disarm","floor":29,"key":"SMITH"},{"floor":32,"key":"REST"},{"floor":46,"key":"REST"},{"floor":49,"key":"RECALL"},{"data":"Metallicize","floor":52,"key":"SMITH"}],"neow_cost":"NONE","seed_source_timestamp":1283104205562808,"circlet_count":0,"master_deck":["AscendersBane","Strike_R","Strike_R+1","Defend_R","Defend_R","Defend_R","Defend_R","Bash","Thunderclap+1","Clothesline+1","Carnage+1","Impervious","Seeing Red","Disarm+1","Reaper","Seeing Red","Disarm+1","Shockwave","Corruption","Inflame+1","Disarm+1","Exhume","Exhume","Shockwave+1","Metallicize","Carnage","Pommel Strike+1","Uppercut","Shrug It Off","Intimidate","Apotheosis","The Bomb","Discovery","Shrug It Off","Metallicize+1","Corruption"],"relics":["Burning Blood","Bottled Flame","WarpedTongs","Smiling Mask","Singing Bowl","Unceasing Top","Snecko Eye","Whetstone","Bag of Marbles","Bottled Lightning","Potion Belt","Philosopher\u0027s Stone","Vajra","Question Card","Pen Nib","Darkstone Periapt","Red Skull"],"potions_floor_usage":[5,23,48,55,55,55,55],"damage_taken":[{"damage":4,"enemies":"Small Slimes","floor":1,"turns":4},{"damage":14,"enemies":"Cultist","floor":2,"turns":5},{"damage":9,"enemies":"Jaw Worm","floor":3,"turns":6},{"damage":23,"enemies":"Exordium Thugs","floor":4,"turns":5},{"damage":8,"enemies":"Blue Slaver","floor":5,"turns":3},{"damage":16,"enemies":"3 Louse","floor":7,"turns":4},{"damage":8,"enemies":"Gremlin Nob","floor":11,"turns":3},{"damage":22,"enemies":"3 Sentries","floor":13,"turns":8},{"damage":31,"enemies":"Hexaghost","floor":16,"turns":13},{"damage":44,"enemies":"2 Thieves","floor":18,"turns":4},{"damage":0,"enemies":"Chosen","floor":19,"turns":4},{"damage":2,"enemies":"Snecko","floor":20,"turns":4},{"damage":3,"enemies":"Cultist and Chosen","floor":21,"turns":4},{"damage":0,"enemies":"Snake Plant","floor":22,"turns":4},{"damage":40,"enemies":"Slavers","floor":23,"turns":5},{"damage":26,"enemies":"Book of Stabbing","floor":25,"turns":6},{"damage":4,"enemies":"Slavers","floor":30,"turns":5},{"damage":16,"enemies":"Chosen and Byrds","floor":31,"turns":8},{"damage":31,"enemies":"Automaton","floor":33,"turns":11},{"damage":0,"enemies":"3 Shapes","floor":35,"turns":4},{"damage":9,"enemies":"Orb Walker","floor":36,"turns":2},{"damage":0,"enemies":"Maw","floor":38,"turns":7},{"damage":21,"enemies":"Jaw Worm Horde","floor":39,"turns":4},{"damage":18,"enemies":"Giant Head","floor":40,"turns":7},{"damage":58,"enemies":"Reptomancer","floor":44,"turns":7},{"damage":0,"enemies":"Giant Head","floor":48,"turns":4},{"damage":20,"enemies":"Awakened One","floor":50,"turns":7},{"damage":39,"enemies":"Shield and Spear","floor":54,"turns":7},{"damage":110,"enemies":"The Heart","floor":55,"turns":8}],"seed_played":"-5960914467290170264","potions_obtained":[{"floor":2,"key":"BloodPotion"},{"floor":3,"key":"Energy Potion"},{"floor":5,"key":"Swift Potion"},{"floor":18,"key":"Fire Potion"},{"floor":23,"key":"FearPotion"},{"floor":31,"key":"LiquidBronze"},{"floor":36,"key":"Fruit Juice"},{"floor":48,"key":"LiquidBronze"}],"is_trial":false,"path_per_floor":["?","$","$","?","?","$","?"],"character_chosen":"IRONCLAD","items_purchased":["Singing Bowl","Vajra","Metallicize","Carnage","Shrug It Off","Shrug It Off"],"campfire_rested":2,"item_purchase_floors":[12,37,37,37,42,47],"current_hp_per_floor":[82,74,71,54,60,60,50,50,50,50,48,48,34,34,34,9,70,44,54,64,83,89,73,73,65,65,65,65,65,79,76,96,81,92,98,95,95,98,97,94,94,94,94,62,52,82,82,105,105,104,105,105,105,96,0],"gold":66,"neow_bonus":"TEN_PERCENT_HP_BONUS","is_prod":false,"is_daily":false,"chose_seed":false,"campfire_upgraded":7,"win_rate":0,"timestamp":1553993701,"path_taken":["M","M","M","M","M","R","M","R","T","?","E","?","E","?","R","BOSS","M","M","M","M","M","E","R","E","T","R","?","R","E","M","R","BOSS","M","M","$","M","M","E","?","?","T","E","?","R","$","E","R","BOSS","R","$","E","BOSS"],"build_version":"2019-01-23","purchased_purges":4,"victory":false,"max_hp_per_floor":[88,88,88,88,88,88,88,88,88,88,88,88,90,90,90,90,90,90,90,90,92,92,92,92,94,94,94,94,94,94,96,96,96,96,98,98,98,98,98,100,100,100,100,100,100,100,100,105,105,105,105,105,105,105,105],"card_choices":[{"not_picked":["Flex","Cleave"],"picked":"Thunderclap","floor":1},{"not_picked":["Bloodletting","Cleave","Dual Wield"],"picked":"SKIP","floor":2},{"not_picked":["Heavy Blade","Warcry"],"picked":"Clothesline","floor":3},{"not_picked":["Clash","Rampage"],"picked":"Carnage","floor":4},{"not_picked":["Havoc","Pummel"],"picked":"Impervious","floor":5},{"not_picked":["Heavy Blade","Thunderclap"],"picked":"Seeing Red","floor":7},{"not_picked":["Battle Trance","Flex"],"picked":"Disarm","floor":11},{"not_picked":["Entrench","Perfected Strike","Thunderclap"],"picked":"Singing Bowl","floor":13},{"not_picked":["Immolate","Brutality"],"picked":"Reaper","floor":16},{"not_picked":["Flex","Perfected Strike"],"picked":"Seeing Red","floor":18},{"not_picked":["Uppercut","Havoc"],"picked":"Disarm","floor":19},{"not_picked":["Warcry+1","Brutality"],"picked":"Shockwave","floor":20},{"not_picked":["True Grit","Bloodletting+1","Body Slam"],"picked":"Singing Bowl","floor":21},{"not_picked":["Rupture","True Grit"],"picked":"Corruption","floor":22},{"not_picked":["Pummel","Armaments"],"picked":"Inflame","floor":23},{"not_picked":["Clash","Body Slam","Infernal Blade"],"picked":"Singing Bowl","floor":25},{"not_picked":["Evolve+1","Blood for Blood"],"picked":"Exhume","floor":30},{"not_picked":["Body Slam","Perfected Strike","Cleave"],"picked":"Singing Bowl","floor":31},{"not_picked":["Barricade","Brutality"],"picked":"Exhume","floor":33},{"not_picked":["Cleave","Battle Trance","Searing Blow"],"picked":"Singing Bowl","floor":35},{"not_picked":["Iron Wave","Battle Trance"],"picked":"Shockwave+1","floor":36},{"not_picked":["Body Slam+1","Rage"],"picked":"Pommel Strike+1","floor":38},{"not_picked":["Clash","Warcry"],"picked":"Uppercut","floor":39},{"not_picked":["Anger","Combust+1","Wild Strike"],"picked":"Singing Bowl","floor":40},{"not_picked":["Searing Blow","Fire Breathing+1","Heavy Blade"],"picked":"Intimidate","floor":44},{"not_picked":["Good Instincts","Violence","Swift Strike"],"picked":"Apotheosis","floor":45},{"not_picked":["Finesse","Jack Of All Trades","Panacea"],"picked":"The Bomb","floor":45},{"not_picked":["Good Instincts","Enlightenment","Blind"],"picked":"Discovery","floor":45},{"not_picked":["Heavy Blade","Twin Strike+1","Flex"],"picked":"Metallicize","floor":48},{"not_picked":["Wild Strike","Pommel Strike","Iron Wave+1"],"picked":"Corruption","floor":54}],"player_experience":1305420,"relics_obtained":[{"floor":9,"key":"Bottled Flame"},{"floor":11,"key":"Smiling Mask"},{"floor":13,"key":"Unceasing Top"},{"floor":23,"key":"Whetstone"},{"floor":25,"key":"Bag of Marbles"},{"floor":26,"key":"Bottled Lightning"},{"floor":30,"key":"Potion Belt"},{"floor":40,"key":"Question Card"},{"floor":44,"key":"Pen Nib"},{"floor":48,"key":"Darkstone Periapt"},{"floor":54,"key":"Red Skull"}],"event_choices":[{"damage_healed":0,"gold_gain":0,"player_choice":"Rummage","damage_taken":0,"relics_obtained":["WarpedTongs"],"max_hp_gain":0,"max_hp_loss":0,"event_name":"Accursed Blacksmith","floor":10,"gold_loss":0,"cards_obtained":["Pain"]},{"damage_healed":0,"gold_gain":0,"player_choice":"Read","damage_taken":0,"max_hp_gain":0,"max_hp_loss":0,"event_name":"The Library","floor":28,"gold_loss":0,"cards_obtained":["Disarm"]},{"damage_healed":0,"gold_gain":0,"player_choice":"Got Potions","damage_taken":0,"max_hp_gain":0,"max_hp_loss":0,"event_name":"Lab","floor":41,"gold_loss":0},{"damage_healed":0,"gold_gain":0,"player_choice":"Memory 3","damage_taken":10,"max_hp_gain":0,"max_hp_loss":0,"event_name":"SensoryStone","floor":45,"gold_loss":0}],"is_beta":false,"boss_relics":[{"not_picked":["Ectoplasm","Mark of Pain"],"picked":"Snecko Eye"},{"not_picked":["Black Star","Runic Pyramid"],"picked":"Philosopher\u0027s Stone"}],"items_purged_floors":[12,37,42,47],"is_endless":false,"potions_floor_spawned":[2,3,5,16,18,21,22,23,31,36,48,54],"killed_by":"The Heart","ascension_level":12}