{"gold_per_floor":[119,137,137,137,150,150,183,183,183,196,212,224,253,88,88,190,190,207,222,236,247,260,260,591,607,607,621,640,730,730,746,746,848,848],"floor_reached":34,"playtime":2037,"items_purged":["Strike_R"],"score":415,"play_id":"a4a31d64-db00-4a6b-974a-7c0c43a54da8","local_time":"20190210154059","is_ascension_mode":false,"campfire_choices":[{"floor":6,"key":"REST"},{"data":"Anger","floor":8,"key":"SMITH"},{"data":"Deep Breath","floor":15,"key":"SMITH"},{"data":"Power Through","floor":23,"key":"PURGE"},{"floor":30,"key":"REST"},{"floor":32,"key":"REST"}],"neow_cost":"PERCENT_DAMAGE","seed_source_timestamp":269192827089253,"circlet_count":0,"master_deck":["Bash+1","Clash+1","Anger+1","Headbutt","Bludgeon","Deep Breath+1","Feed","Clash","Reaper","Entrench","Wild Strike","Fiend Fire","Armaments+1","True Grit","Iron Wave","Clash","Forethought"],"relics":["Burning Blood","Ice Cream","Peace Pipe","Meat on the Bone","Pandora\u0027s Box","Old Coin","Mercury Hourglass","Fusion Hammer"],"potions_floor_usage":[21,24,27,28,31,33,33],"damage_taken":[{"damage":5,"enemies":"Jaw Worm","floor":1,"turns":6},{"damage":0,"enemies":"2 Louse","floor":2,"turns":2},{"damage":0,"enemies":"Cultist","floor":5,"turns":2},{"damage":2,"enemies":"3 Sentries","floor":7,"turns":7},{"damage":0,"enemies":"Lots of Slimes","floor":10,"turns":3},{"damage":2,"enemies":"Looter","floor":11,"turns":2},{"damage":0,"enemies":"Large Slime","floor":12,"turns":3},{"damage":8,"enemies":"Gremlin Nob","floor":13,"turns":3},{"damage":11,"enemies":"Slime Boss","floor":16,"turns":5},{"damage":30,"enemies":"3 Byrds","floor":18,"turns":4},{"damage":24,"enemies":"Shell Parasite","floor":19,"turns":3},{"damage":27,"enemies":"Snake Plant","floor":20,"turns":3},{"damage":30,"enemies":"Snecko","floor":21,"turns":4},{"damage":28,"enemies":"Centurion and Healer","floor":22,"turns":5},{"damage":57,"enemies":"Slavers","floor":24,"turns":4},{"damage":16,"enemies":"Snake Plant","floor":25,"turns":3},{"damage":4,"enemies":"Shelled Parasite and Fungi","floor":27,"turns":4},{"damage":5,"enemies":"Centurion and Healer","floor":28,"turns":2},{"damage":21,"enemies":"Snake Plant","floor":31,"turns":4},{"damage":87,"enemies":"Automaton","floor":33,"turns":8}],"seed_played":"-4845567791896025047","potions_obtained":[{"floor":1,"key":"Ancient Potion"},{"floor":12,"key":"SkillPotion"},{"floor":13,"key":"PowerPotion"},{"floor":16,"key":"SpeedPotion"},{"floor":18,"key":"Regen Potion"},{"floor":22,"key":"Explosive Potion"},{"floor":25,"key":"EssenceOfSteel"},{"floor":27,"key":"Poison Potion"},{"floor":28,"key":"SkillPotion"}],"is_trial":false,"path_per_floor":["?","?","M","M","M","?","M"],"character_chosen":"IRONCLAD","items_purchased":["Deep Breath"],"campfire_rested":3,"item_purchase_floors":[14],"current_hp_per_floor":[57,63,47,47,53,77,80,80,80,80,80,80,78,78,78,73,80,65,59,50,54,44,44,24,29,29,47,60,33,60,60,88,19,96],"gold":848,"neow_bonus":"REMOVE_TWO","is_prod":false,"is_daily":false,"chose_seed":false,"campfire_upgraded":2,"win_rate":0,"timestamp":1549831259,"path_taken":["M","M","?","?","M","R","E","R","T","M","M","M","E","$","R","BOSS","M","?","?","M","?","R","E","M","T","M","M","?","R","?","R","BOSS"],"build_version":"2019-01-23","purchased_purges":1,"victory":false,"max_hp_per_floor":[80,80,80,80,80,80,80,80,80,80,80,80,80,80,80,80,80,83,83,83,86,86,86,90,93,93,93,93,93,93,96,96,96,96],"card_choices":[{"not_picked":["Armaments","Cleave"],"picked":"Clash","floor":1},{"not_picked":["Spot Weakness","Sever Soul"],"picked":"Anger","floor":2},{"not_picked":["Heavy Blade","Corruption"],"picked":"Headbutt","floor":5},{"not_picked":["Twin Strike","Carnage"],"picked":"Bludgeon","floor":7},{"not_picked":["Flex","Warcry","Seeing Red"],"picked":"SKIP","floor":10},{"not_picked":["Perfected Strike","True Grit","Armaments"],"picked":"SKIP","floor":11},{"not_picked":["True Grit","Fire Breathing","Pummel"],"picked":"SKIP","floor":12},{"not_picked":["Thunderclap","Power Through","Impervious"],"picked":"SKIP","floor":13},{"not_picked":["Demon Form","Immolate"],"picked":"Feed","floor":16},{"not_picked":["Rupture","Thunderclap+1","Headbutt"],"picked":"SKIP","floor":18},{"not_picked":["Thunderclap","Sword Boomerang","Headbutt"],"picked":"SKIP","floor":19},{"not_picked":["Iron Wave","Pommel Strike","Cleave"],"picked":"SKIP","floor":20},{"not_picked":["Ghostly Armor","Flex+1"],"picked":"Armaments+1","floor":21},{"not_picked":["Limit Break","Body Slam"],"picked":"True Grit","floor":22},{"not_picked":["Power Through","Entrench","Armaments+1"],"picked":"SKIP","floor":24},{"not_picked":["Headbutt","Wild Strike"],"picked":"Iron Wave","floor":25},{"not_picked":["True Grit+1","Burning Pact"],"picked":"Clash","floor":27},{"not_picked":["Dual Wield+1","Combust","True Grit"],"picked":"SKIP","floor":28},{"not_picked":["Body Slam+1","Clothesline+1","Rage"],"picked":"SKIP","floor":31}],"player_experience":381154,"relics_obtained":[{"floor":7,"key":"Ice Cream"},{"floor":9,"key":"Peace Pipe"},{"floor":13,"key":"Meat on the Bone"},{"floor":24,"key":"Old Coin"},{"floor":26,"key":"Mercury Hourglass"}],"event_choices":[{"damage_healed":0,"gold_gain":0,"player_choice":"Entered Light","damage_taken":16,"max_hp_gain":0,"max_hp_loss":0,"event_name":"Shining Light","floor":3,"gold_loss":0,"cards_upgraded":["Defend_R","Bash"]},{"damage_healed":0,"gold_gain":0,"player_choice":"Upgraded","damage_taken":0,"max_hp_gain":0,"max_hp_loss":0,"event_name":"Upgrade Shrine","floor":4,"gold_loss":0,"cards_upgraded":["Clash"]},{"damage_healed":0,"gold_gain":90,"player_choice":"CARD GOLD ","damage_taken":27,"max_hp_gain":0,"max_hp_loss":0,"event_name":"Knowing Skull","floor":29,"potions_obtained":[],"gold_loss":0,"cards_obtained":["Forethought"]}],"is_beta":false,"boss_relics":[{"not_picked":["Busted Crown","Mark of Pain"],"picked":"Pandora\u0027s Box"},{"not_picked":["Runic Pyramid","Coffee Dripper"],"picked":"Fusion Hammer"}],"items_purged_floors":[14],"is_endless":false,"potions_floor_spawned":[1,12,13,16,18,22,25,27,28],"ascension_level":0}