{"gold_per_floor":[111,42,52,65,79,79,79,95,145,145,159,234,234,275,275,401,401,424,424,449,449,548,548,46,46,46,46,0,14,33,73,73,199,199,223,223,348,362,362,405,405,166,166,182,200,220,220,200,200,200],"floor_reached":51,"playtime":2366,"items_purged":["Regret"],"score":1021,"play_id":"890288d0-475c-4214-a35d-ec1add94c34d","local_time":"20190125211049","is_ascension_mode":true,"campfire_choices":[{"data":"White Noise","floor":6.0,"key":"SMITH"},{"data":"Compile Driver","floor":13.0,"key":"SMITH"},{"data":"White Noise","floor":15.0,"key":"SMITH"},{"floor":23.0,"key":"REST"},{"floor":25.0,"key":"REST"},{"floor":32.0,"key":"REST"},{"floor":47,"key":"REST"},{"floor":49,"key":"REST"}],"neow_cost":"NONE","seed_source_timestamp":0,"circlet_count":0,"master_deck":["Strike_B","Strike_B","Strike_B","Strike_B","Defend_B","Defend_B","Defend_B","Defend_B","Zap","Dualcast","Cold Snap","White Noise+1","Self Repair+1","Leap","Compile Driver+1","White Noise+1","Rebound","Echo Form","Cold Snap+1","Redo+1","Writhe","Glacier+1","Conserve Battery","Steam Power","Streamline+1","Decay","Parasite","Finesse","Chrysalis","Master of Strategy+1","White Noise+1","Leap+1","Madness+1","Madness","Consume+1","Apotheosis","Coolheaded","Compile Driver","Chaos+1","Ball Lightning"],"special_seed":0,"relics":["Cracked Core","Dream Catcher","Golden Idol","Kunai","Fusion Hammer","Centennial Puzzle","PreservedInsect","Runic Capacitor","Bronze Scales","Happy Flower","Darkstone Periapt","Calling Bell","Boot","Pantograph","Du-Vu Doll","FossilizedHelix","War Paint","Lantern"],"potions_floor_usage":[46,50,50,50],"damage_taken":[{"damage":5.0,"enemies":"Cultist","floor":1.0,"turns":4.0},{"damage":0.0,"enemies":"2 Louse","floor":3.0,"turns":3.0},{"damage":7.0,"enemies":"Small Slimes","floor":4.0,"turns":3.0},{"damage":9.0,"enemies":"Looter","floor":5.0,"turns":4.0},{"damage":0.0,"enemies":"2 Fungi Beasts","floor":8.0,"turns":3.0},{"damage":5.0,"enemies":"3 Louse","floor":11.0,"turns":4.0},{"damage":7.0,"enemies":"Lagavulin","floor":14.0,"turns":8.0},{"damage":18.0,"enemies":"The Guardian","floor":16.0,"turns":13.0},{"damage":28.0,"enemies":"3 Byrds","floor":18.0,"turns":3.0},{"damage":21.0,"enemies":"Colosseum Slavers","floor":19.0,"turns":5.0},{"damage":8.0,"enemies":"Shell Parasite","floor":20.0,"turns":4.0},{"damage":14.0,"enemies":"Snake Plant","floor":29.0,"turns":6.0},{"damage":0.0,"enemies":"Sentry and Sphere","floor":30.0,"turns":5.0},{"damage":11.0,"enemies":"Book of Stabbing","floor":31.0,"turns":5.0},{"damage":62.0,"enemies":"Collector","floor":33.0,"turns":10.0},{"damage":7.0,"enemies":"3 Shapes","floor":35.0,"turns":4.0},{"damage":53.0,"enemies":"Mind Bloom Boss Battle","floor":37.0,"turns":6.0},{"damage":3.0,"enemies":"Orb Walker","floor":38.0,"turns":4.0},{"damage":24.0,"enemies":"Nemesis","floor":40.0,"turns":6.0},{"damage":15.0,"enemies":"Sphere and 2 Shapes","floor":44.0,"turns":6.0},{"damage":12.0,"enemies":"Spire Growth","floor":45.0,"turns":8.0},{"damage":34,"enemies":"Transient","floor":46,"turns":5},{"damage":30,"enemies":"Donu and Deca","floor":50,"turns":9}],"seed_played":"-8260497671361808446","potions_obtained":[{"floor":3.0,"key":"Ancient Potion"},{"floor":8.0,"key":"EssenceOfSteel"},{"floor":14.0,"key":"Block Potion"},{"floor":20.0,"key":"FocusPotion"},{"floor":31.0,"key":"AttackPotion"},{"floor":40.0,"key":"EssenceOfSteel"},{"floor":44.0,"key":"GamblersBrew"},{"floor":48,"key":"Weak Potion"}],"is_trial":false,"path_per_floor":["M","$","M","M","M","R","?","M","T","?","M","?","R","E","R","B",null,"M","?","M","?","?","R","$","R","T","$","?","M","M","E","R","B",null,"M","?","?","M","?","E","?","$","T","M","M","M","R","?","R","B",null],"character_chosen":"DEFECT","items_purchased":["White Noise","PreservedInsect","Runic Capacitor","Bronze Scales","Apotheosis"],"campfire_rested":5,"item_purchase_floors":[2,24,24,24,42],"current_hp_per_floor":[70,70,70,70,68,68,68,78,78,58,63,52,52,55,55,47,73,55,44,46,46,46,70,70,82,82,82,82,78,82,71,82,40,90,93,83,67,84,71,57,57,57,57,52,50,26,56,56,86,80],"gold":200,"neow_bonus":"TEN_PERCENT_HP_BONUS","is_prod":false,"is_daily":false,"chose_seed":false,"campfire_upgraded":3,"win_rate":0,"timestamp":1548479449,"path_taken":["M","$","?","M","M","R","?","?","T","?","M","?","R","E","R","BOSS","M","?","M","?","?","R","$","R","T","$","?","M","M","E","R","BOSS","M","?","?","M","?","E","?","$","T","?","M","M","R","?","R","BOSS"],"build_version":"2019-01-23","purchased_purges":1,"victory":true,"max_hp_per_floor":[82,82,82,82,82,82,82,82,82,82,82,82,82,82,82,82,82,82,82,82,82,82,82,82,82,82,82,82,82,82,82,82,82,100,100,100,100,100,100,100,100,100,100,100,100,100,100,100,100,100],"card_choices":[{"not_picked":["Gash","Turbo"],"picked":"Cold Snap","floor":1.0},{"not_picked":["Stack","Storm"],"picked":"Self Repair","floor":3.0},{"not_picked":["Redo","Tempest","Turbo"],"picked":"SKIP","floor":4.0},{"not_picked":["Turbo","Skim"],"picked":"Leap","floor":5.0},{"not_picked":["Streamline","Consume"],"picked":"Compile Driver","floor":8.0},{"not_picked":["Turbo","Sunder"],"picked":"White Noise","floor":11.0},{"not_picked":["Steam Power","Stack"],"picked":"Rebound","floor":14.0},{"not_picked":["Creative AI","Thunder Strike"],"picked":"Echo Form","floor":16.0},{"not_picked":["Scrape+1","Leap"],"picked":"Cold Snap+1","floor":18.0},{"not_picked":["Turbo","Steam Power"],"picked":"Redo+1","floor":20.0},{"not_picked":["Chaos+1","Reinforced Body"],"picked":"Glacier+1","floor":25.0},{"not_picked":["Go for the Eyes","Barrage"],"picked":"Conserve Battery","floor":29.0},{"not_picked":["Creative AI","Gash"],"picked":"Steam Power","floor":30.0},{"not_picked":["Undo+1","Sweeping Beam"],"picked":"Streamline+1","floor":31.0},{"not_picked":["Self Repair+1","Sunder+1","Streamline+1"],"picked":"SKIP","floor":35.0},{"not_picked":["Deep Breath","Panache"],"picked":"Finesse","floor":36.0},{"not_picked":["Blind","Master of Strategy"],"picked":"Chrysalis","floor":36.0},{"not_picked":["Trip","Thinking Ahead"],"picked":"Master of Strategy","floor":36.0},{"not_picked":["Fusion+1","Sunder+1"],"picked":"White Noise+1","floor":37.0},{"not_picked":["Beam Cell","Go for the Eyes+1"],"picked":"Leap+1","floor":38.0},{"not_picked":["Reprogram","Static Discharge+1"],"picked":"Consume+1","floor":40.0},{"not_picked":["Go for the Eyes+1","Darkness"],"picked":"Coolheaded","floor":44.0},{"not_picked":["Fusion","Sunder"],"picked":"Compile Driver","floor":45.0},{"not_picked":["Leap+1","Chill+1"],"picked":"Chaos+1","floor":46},{"not_picked":["Go for the Eyes+1","White Noise"],"picked":"Ball Lightning","floor":49}],"player_experience":305298,"relics_obtained":[{"floor":9.0,"key":"Dream Catcher"},{"floor":14.0,"key":"Kunai"},{"floor":26.0,"key":"Happy Flower"},{"floor":31.0,"key":"Darkstone Periapt"},{"floor":34.0,"key":"Boot"},{"floor":34.0,"key":"Pantograph"},{"floor":34.0,"key":"Du-Vu Doll"},{"floor":37.0,"key":"FossilizedHelix"},{"floor":40.0,"key":"War Paint"},{"floor":43.0,"key":"Lantern"}],"event_choices":[{"damage_healed":0.0,"max_hp_gain":0.0,"max_hp_loss":0.0,"gold_gain":0.0,"event_name":"Upgrade Shrine","player_choice":"Upgraded","floor":7.0,"gold_loss":0.0,"damage_taken":0.0,"cards_upgraded":["Self Repair"]},{"damage_healed":0.0,"max_hp_gain":0.0,"max_hp_loss":0.0,"gold_gain":0.0,"event_name":"Golden Idol","player_choice":"Take Damage","floor":10.0,"gold_loss":0.0,"damage_taken":20.0,"relics_obtained":["Golden Idol"]},{"damage_healed":0.0,"max_hp_gain":0.0,"max_hp_loss":0.0,"gold_gain":75.0,"event_name":"World of Goop","player_choice":"Gather Gold","floor":12.0,"gold_loss":0.0,"damage_taken":11.0},{"damage_healed":0.0,"max_hp_gain":0.0,"max_hp_loss":0.0,"gold_gain":0.0,"event_name":"Colosseum","player_choice":"Fight","floor":19.0,"gold_loss":0.0,"damage_taken":0.0},{"damage_healed":0.0,"max_hp_gain":0.0,"max_hp_loss":0.0,"gold_gain":0.0,"event_name":"Colosseum","player_choice":"Fled From Nobs","floor":19.0,"gold_loss":0.0,"damage_taken":0.0},{"damage_healed":0.0,"max_hp_gain":0.0,"max_hp_loss":0.0,"gold_gain":0.0,"event_name":"The Mausoleum","player_choice":"Opened","floor":21.0,"gold_loss":0.0,"damage_taken":0.0,"relics_obtained":["Centennial Puzzle"],"cards_obtained":["Writhe"]},{"damage_healed":0.0,"max_hp_gain":0.0,"max_hp_loss":0.0,"gold_gain":99.0,"event_name":"Nest","player_choice":"Stole From Cult","floor":22.0,"gold_loss":0.0,"damage_taken":0.0},{"damage_healed":0.0,"max_hp_gain":0.0,"max_hp_loss":0.0,"gold_gain":0.0,"event_name":"Masked Bandits","player_choice":"Paid Fearfully","floor":28.0,"gold_loss":46.0,"damage_taken":0.0},{"damage_healed":0.0,"max_hp_gain":0.0,"max_hp_loss":0.0,"gold_gain":0.0,"event_name":"SensoryStone","player_choice":"Memory 3","floor":36.0,"gold_loss":0.0,"damage_taken":10.0},{"damage_healed":0.0,"max_hp_gain":0.0,"max_hp_loss":0.0,"gold_gain":0.0,"event_name":"MindBloom","player_choice":"Fight","floor":37.0,"gold_loss":0.0,"damage_taken":0.0},{"damage_healed":0.0,"max_hp_gain":0.0,"max_hp_loss":0.0,"gold_gain":0.0,"event_name":"Winding Halls","player_choice":"Embrace Madness","floor":39.0,"gold_loss":0.0,"damage_taken":13.0,"cards_obtained":["Madness","Madness"]},{"damage_healed":0.0,"max_hp_gain":0.0,"max_hp_loss":0.0,"gold_gain":0.0,"event_name":"Tomb of Lord Red Mask","player_choice":"Ignored","floor":41.0,"gold_loss":0.0,"damage_taken":0.0},{"damage_healed":0,"gold_gain":0,"player_choice":"Bought 1 Potion","damage_taken":0,"max_hp_gain":0,"max_hp_loss":0,"event_name":"The Woman in Blue","floor":48,"gold_loss":0}],"is_beta":false,"boss_relics":[{"not_picked":["White Beast Statue","Tiny House"],"picked":"Fusion Hammer"},{"not_picked":["Pandora\u0027s Box","Velvet Choker"],"picked":"Calling Bell"}],"items_purged_floors":[42],"is_endless":false,"potions_floor_spawned":[3,8,14,18,20,31,35,40,44],"ascension_level":7}