{"gold_per_floor":[118,130,140,140,140,165,179,197,223,223,238,238,248,264,264,366,366,384,384,396,311,328,353,365,365,365,365,384,403,433,433,433,433],"floor_reached":33,"playtime":1920,"items_purged":[],"score":273,"play_id":"e3f54978-65d4-4224-a57f-94ee64adb2bd","local_time":"20190207014526","is_ascension_mode":false,"campfire_choices":[{"data":"Rampage","floor":10,"key":"SMITH"},{"data":"Iron Wave","floor":15,"key":"SMITH"},{"floor":25,"key":"REST"},{"floor":32,"key":"REST"}],"neow_cost":"TEN_PERCENT_HP_LOSS","seed_source_timestamp":787102497789452,"circlet_count":0,"master_deck":["Strike_R","Strike_R","Strike_R","Defend_R","Defend_R","Bash","Rampage+1","Iron Wave+1","Cleave","Anger","Cleave","Iron Wave","Feed","Clash","Shrug It Off","Anger","Writhe"],"relics":["Burning Blood","Ice Cream","Kunai","Orichalcum","Black Star","Red Skull","Juzu Bracelet","Bottled Lightning","Mummified Hand","Red Mask","Bird Faced Urn"],"potions_floor_usage":[22,23,23,33,33],"damage_taken":[{"damage":4,"enemies":"Jaw Worm","floor":1,"turns":6},{"damage":0,"enemies":"Small Slimes","floor":2,"turns":3},{"damage":1,"enemies":"Cultist","floor":3,"turns":3},{"damage":49,"enemies":"Lagavulin","floor":6,"turns":6},{"damage":10,"enemies":"Lots of Slimes","floor":7,"turns":3},{"damage":1,"enemies":"2 Fungi Beasts","floor":8,"turns":3},{"damage":6,"enemies":"Red Slaver","floor":11,"turns":3},{"damage":8,"enemies":"Blue Slaver","floor":13,"turns":4},{"damage":3,"enemies":"Large Slime","floor":14,"turns":5},{"damage":19,"enemies":"Slime Boss","floor":16,"turns":11},{"damage":2,"enemies":"3 Byrds","floor":18,"turns":7},{"damage":22,"enemies":"Spheric Guardian","floor":20,"turns":5},{"damage":33,"enemies":"Centurion and Healer","floor":22,"turns":4},{"damage":28,"enemies":"Book of Stabbing","floor":23,"turns":6},{"damage":17,"enemies":"Snecko","floor":24,"turns":5},{"damage":8,"enemies":"3 Cultists","floor":28,"turns":5},{"damage":13,"enemies":"Cultist and Chosen","floor":29,"turns":7},{"damage":0,"enemies":"Masked Bandits","floor":30,"turns":2},{"damage":87,"enemies":"Automaton","floor":33,"turns":10}],"seed_played":"41612071474976194","potions_obtained":[{"floor":3,"key":"Regen Potion"},{"floor":6,"key":"Explosive Potion"},{"floor":14,"key":"SpeedPotion"},{"floor":22,"key":"Fire Potion"},{"floor":24,"key":"Ancient Potion"},{"floor":28,"key":"SteroidPotion"}],"is_trial":false,"path_per_floor":["?","?","M","M","?","M","?","?","?","?","?"],"character_chosen":"IRONCLAD","items_purchased":[],"campfire_rested":2,"item_purchase_floors":[],"current_hp_per_floor":[72,72,72,72,72,29,25,30,30,30,30,30,28,31,31,18,72,75,75,62,62,35,28,20,44,44,44,45,41,50,50,77,0],"gold":433,"neow_bonus":"ONE_RARE_RELIC","is_prod":false,"is_daily":false,"chose_seed":false,"campfire_upgraded":2,"win_rate":0,"timestamp":1549521926,"path_taken":["M","M","M","?","?","E","?","?","T","R","M","?","?","M","R","BOSS","M","?","M","?","M","E","M","R","T","?","M","M","?","?","R","BOSS"],"build_version":"2019-01-23","purchased_purges":0,"victory":false,"max_hp_per_floor":[72,72,72,72,72,72,72,72,72,72,72,72,72,72,72,72,72,75,75,78,78,78,78,81,81,81,81,84,87,90,90,90,90],"card_choices":[{"not_picked":["Havoc","Sword Boomerang"],"picked":"Rampage","floor":1},{"not_picked":["Clothesline","Perfected Strike","Flame Barrier"],"picked":"SKIP","floor":2},{"not_picked":["Heavy Blade","Dual Wield"],"picked":"Iron Wave","floor":3},{"not_picked":["Hemokinesis","Demon Form"],"picked":"Anger","floor":6},{"not_picked":["Seeing Red","Armaments","Warcry"],"picked":"SKIP","floor":7},{"not_picked":["Flex","Pummel"],"picked":"Cleave","floor":8},{"not_picked":["Infernal Blade","Clothesline","Wild Strike"],"picked":"SKIP","floor":11},{"not_picked":["Heavy Blade","Rupture","Perfected Strike"],"picked":"SKIP","floor":13},{"not_picked":["Combust","Pommel Strike"],"picked":"Iron Wave","floor":14},{"not_picked":["Immolate","Bludgeon"],"picked":"Feed","floor":16},{"not_picked":["Perfected Strike","Corruption","True Grit"],"picked":"SKIP","floor":18},{"not_picked":["Inflame","Shrug It Off+1"],"picked":"Clash","floor":20},{"not_picked":["Clothesline+1","Body Slam+1"],"picked":"Shrug It Off","floor":22},{"not_picked":["Seeing Red","Clothesline","Thunderclap+1"],"picked":"SKIP","floor":23},{"not_picked":["Hemokinesis","Clothesline","Spot Weakness"],"picked":"SKIP","floor":24},{"not_picked":["Warcry","Headbutt","Hemokinesis"],"picked":"SKIP","floor":28},{"not_picked":["Armaments","Exhume","Flex+1"],"picked":"SKIP","floor":29},{"not_picked":["Wild Strike","Body Slam"],"picked":"Anger","floor":30}],"player_experience":340921,"relics_obtained":[{"floor":6,"key":"Kunai"},{"floor":9,"key":"Orichalcum"},{"floor":23,"key":"Juzu Bracelet"},{"floor":23,"key":"Bottled Lightning"},{"floor":26,"key":"Mummified Hand"},{"floor":30,"key":"Red Mask"}],"event_choices":[{"cards_removed":["Strike_R"],"damage_healed":0,"gold_gain":0,"player_choice":"Forget","damage_taken":0,"max_hp_gain":0,"max_hp_loss":0,"event_name":"Living Wall","floor":4,"gold_loss":0},{"damage_healed":0,"gold_gain":0,"cards_transformed":["Defend_R"],"player_choice":"Transformed","damage_taken":0,"max_hp_gain":0,"max_hp_loss":0,"event_name":"Transmorgrifier","floor":5,"gold_loss":0,"cards_obtained":["Cleave"]},{"cards_removed":["Strike_R"],"damage_healed":0,"gold_gain":0,"player_choice":"Purged","damage_taken":0,"max_hp_gain":0,"max_hp_loss":0,"event_name":"Purifier","floor":12,"gold_loss":0},{"damage_healed":0,"gold_gain":0,"player_choice":"Ignored","damage_taken":0,"max_hp_gain":0,"max_hp_loss":0,"event_name":"Cursed Tome","floor":19,"gold_loss":0},{"damage_healed":0,"gold_gain":0,"player_choice":"Obtained Relic","damage_taken":0,"relics_obtained":["Red Skull"],"max_hp_gain":0,"max_hp_loss":0,"event_name":"Addict","floor":21,"gold_loss":85},{"cards_removed":["Defend_R"],"damage_healed":0,"gold_gain":0,"player_choice":"Purged","damage_taken":0,"max_hp_gain":0,"max_hp_loss":0,"event_name":"Purifier","floor":27,"gold_loss":0},{"damage_healed":0,"gold_gain":0,"player_choice":"Fought Bandits","damage_taken":0,"max_hp_gain":0,"max_hp_loss":0,"event_name":"Masked Bandits","floor":30,"gold_loss":0},{"damage_healed":0,"gold_gain":0,"player_choice":"Opened","damage_taken":0,"relics_obtained":["Bird Faced Urn"],"max_hp_gain":0,"max_hp_loss":0,"event_name":"The Mausoleum","floor":31,"gold_loss":0,"cards_obtained":["Writhe"]}],"is_beta":false,"boss_relics":[{"not_picked":["White Beast Statue","Mark of Pain"],"picked":"Black Star"}],"items_purged_floors":[],"is_endless":false,"potions_floor_spawned":[3,6,14,16,22,24,28,29],"killed_by":"Automaton","ascension_level":0}