{"gold_per_floor":[114,4,4,4,4,18,35,35,59,70,70,80,54,69,69,143,143,159,159,159,159,171,171,171,186,209,13,13],"floor_reached":28,"playtime":1004,"items_purged":["Normality","Clash"],"score":368,"play_id":"52645f15-89cc-4dea-9d4a-85817e647a7b","local_time":"20190131130235","is_ascension_mode":true,"campfire_choices":[{"data":"Reckless Charge","floor":15,"key":"SMITH"},{"floor":23,"key":"REST"}],"neow_cost":"CURSE","seed_source_timestamp":175189261692761,"circlet_count":0,"master_deck":["AscendersBane","Strike_R+1","Strike_R","Strike_R","Defend_R","Defend_R","Defend_R","Bash+1","Pommel Strike","Reckless Charge+1","Battle Trance","Ghostly Armor","Flex","Power Through","True Grit","Reaper","Brutality","Power Through","Wild Strike","Feed","True Grit","Flex","Writhe","Disarm","Feed","Shrug It Off","Pain","True Grit","Swift Strike"],"relics":["Burning Blood","Orichalcum","Dodecahedron","Orrery","Mummified Hand","WarpedTongs","Bronze Scales"],"potions_floor_usage":[16,18,25],"damage_taken":[{"damage":5,"enemies":"Cultist","floor":1,"turns":4},{"damage":8,"enemies":"2 Louse","floor":6,"turns":2},{"damage":2,"enemies":"Jaw Worm","floor":7,"turns":3},{"damage":3,"enemies":"Blue Slaver","floor":10,"turns":3},{"damage":8,"enemies":"Exordium Thugs","floor":12,"turns":4},{"damage":2,"enemies":"2 Fungi Beasts","floor":14,"turns":4},{"damage":55,"enemies":"The Guardian","floor":16,"turns":14},{"damage":53,"enemies":"Shell Parasite","floor":18,"turns":10},{"damage":64,"enemies":"3 Byrds","floor":22,"turns":12},{"damage":46,"enemies":"Centurion and Healer","floor":25,"turns":10},{"damage":38,"enemies":"Snake Plant","floor":28,"turns":4}],"seed_played":"-7438376897593644153","potions_obtained":[{"floor":10,"key":"Fire Potion"},{"floor":14,"key":"Regen Potion"},{"floor":22,"key":"PowerPotion"},{"floor":25,"key":"SteroidPotion"}],"is_trial":false,"path_per_floor":["M","$","?","$","?","M","M","$","T","M","T","M","$","M","R","B",null,"M","?","?","?","M","R","?","M","T","$","M"],"character_chosen":"IRONCLAD","items_purchased":["Reckless Charge","True Grit","Swift Strike"],"campfire_rested":1,"item_purchase_floors":[2,13,27],"current_hp_per_floor":[89,89,89,89,70,68,72,72,72,75,75,73,73,77,77,49,84,43,75,75,75,24,53,53,35,35,35,0],"gold":13,"neow_bonus":"TWENTY_PERCENT_HP_BONUS","is_prod":false,"is_daily":false,"chose_seed":false,"campfire_upgraded":1,"win_rate":0,"timestamp":1548964955,"path_taken":["M","$","?","?","?","M","M","?","T","?","?","M","$","M","R","BOSS","M","?","?","?","M","R","?","M","T","$","?"],"build_version":"2019-01-23","purchased_purges":2,"victory":false,"max_hp_per_floor":[96,96,96,96,96,96,96,96,96,96,96,96,96,96,96,96,96,96,96,96,96,99,99,99,99,99,99,99],"card_choices":[{"not_picked":["Warcry","Perfected Strike"],"picked":"Pommel Strike","floor":1},{"not_picked":["Metallicize","Headbutt"],"picked":"Battle Trance","floor":6},{"not_picked":["Pommel Strike","Headbutt"],"picked":"Ghostly Armor","floor":7},{"not_picked":["Rampage","Anger"],"picked":"Flex","floor":10},{"not_picked":["True Grit","Shockwave"],"picked":"Power Through","floor":12},{"not_picked":["Pummel","Warcry"],"picked":"Reaper","floor":14},{"not_picked":["Berserk","Limit Break"],"picked":"Brutality","floor":16},{"not_picked":["Feel No Pain","True Grit"],"picked":"Power Through","floor":17},{"not_picked":["Warcry","Body Slam"],"picked":"Wild Strike","floor":17},{"not_picked":["Heavy Blade","Sword Boomerang"],"picked":"Feed","floor":17},{"not_picked":["Shockwave","Clothesline"],"picked":"Clash","floor":17},{"not_picked":["Heavy Blade","Iron Wave"],"picked":"True Grit","floor":17},{"not_picked":["Headbutt","Bloodletting"],"picked":"Flex","floor":18},{"not_picked":["Heavy Blade","Brutality"],"picked":"Shrug It Off","floor":22},{"not_picked":["Anger","Heavy Blade+1"],"picked":"True Grit","floor":25}],"player_experience":1349310,"relics_obtained":[{"floor":9,"key":"Orichalcum"},{"floor":11,"key":"Dodecahedron"},{"floor":26,"key":"Bronze Scales"}],"event_choices":[{"cards_removed":["Strike_R"],"damage_healed":0,"gold_gain":0,"player_choice":"Offered Basic","damage_taken":0,"max_hp_gain":0,"max_hp_loss":0,"event_name":"Bonfire Elementals","floor":3,"gold_loss":0},{"damage_healed":0,"gold_gain":0,"player_choice":"Entered Light","damage_taken":19,"max_hp_gain":0,"max_hp_loss":0,"event_name":"Shining Light","floor":5,"gold_loss":0,"cards_upgraded":["Strike_R","Bash"]},{"damage_healed":32,"gold_gain":0,"player_choice":"Heal","damage_taken":0,"max_hp_gain":0,"max_hp_loss":0,"event_name":"The Library","floor":19,"gold_loss":0},{"damage_healed":0,"gold_gain":0,"player_choice":"Opened","damage_taken":0,"relics_obtained":["Mummified Hand"],"max_hp_gain":0,"max_hp_loss":0,"event_name":"The Mausoleum","floor":20,"gold_loss":0,"cards_obtained":["Writhe"]},{"damage_healed":0,"gold_gain":0,"cards_transformed":["Strike_R","Defend_R"],"player_choice":"Became Test Subject","damage_taken":0,"max_hp_gain":0,"max_hp_loss":0,"event_name":"Drug Dealer","floor":21,"gold_loss":0,"cards_obtained":["Disarm","Feed"]},{"damage_healed":0,"gold_gain":0,"player_choice":"Rummage","damage_taken":0,"relics_obtained":["WarpedTongs"],"max_hp_gain":0,"max_hp_loss":0,"event_name":"Accursed Blacksmith","floor":24,"gold_loss":0,"cards_obtained":["Pain"]}],"is_beta":false,"boss_relics":[{"not_picked":["Philosopher\u0027s Stone","White Beast Statue"],"picked":"Orrery"}],"items_purged_floors":[2,27],"is_endless":false,"potions_floor_spawned":[10,14,22,25],"killed_by":"Snake Plant","ascension_level":13}