{"gold_per_floor":[109,109,122,122,198,198,232,232,258,258],"floor_reached":10,"playtime":275,"items_purged":[],"score":128,"play_id":"b39aa394-646b-4f82-aada-2969baf991e6","local_time":"20190409214944","is_ascension_mode":true,"campfire_choices":[{"data":"Bash","floor":6.0,"key":"SMITH"},{"floor":8.0,"key":"REST"}],"neow_cost":"CURSE","seed_source_timestamp":2395725108678433,"circlet_count":0,"master_deck":["AscendersBane","Strike_R","Strike_R","Strike_R","Strike_R","Strike_R","Defend_R","Defend_R","Defend_R","Defend_R","Bash+1","Decay","Intimidate","Shrug It Off","Reaper"],"special_seed":0,"relics":["Burning Blood","Gambling Chip","Toxic Egg 2","Singing Bowl"],"potions_floor_usage":[10],"damage_taken":[{"damage":1.0,"enemies":"2 Louse","floor":1.0,"turns":4.0},{"damage":12.0,"enemies":"Jaw Worm","floor":3.0,"turns":6.0},{"damage":70.0,"enemies":"Lagavulin","floor":7.0,"turns":8.0},{"damage":31,"enemies":"Gremlin Nob","floor":10,"turns":4}],"seed_played":"-7645958665373248551","potions_obtained":[{"floor":1.0,"key":"Dexterity Potion"},{"floor":3.0,"key":"GamblersBrew"}],"is_trial":false,"path_per_floor":["M","?","M","?","T","R","E","R","T","E"],"character_chosen":"IRONCLAD","items_purchased":[],"campfire_rested":1,"item_purchase_floors":[],"current_hp_per_floor":[73,78,72,72,72,72,8,32,32,7],"gold":258,"neow_bonus":"ONE_RARE_RELIC","is_prod":false,"is_daily":false,"chose_seed":false,"campfire_upgraded":1,"win_rate":0,"timestamp":1554860984,"path_taken":["M","?","M","?","?","R","E","R","T","E"],"build_version":"2019-04-04","purchased_purges":0,"victory":false,"max_hp_per_floor":[75,80,80,80,80,80,80,80,80,80],"card_choices":[{"not_picked":["True Grit","Sword Boomerang"],"picked":"Intimidate","floor":1.0},{"not_picked":["Headbutt","Warcry"],"picked":"Shrug It Off","floor":3.0},{"not_picked":["True Grit+1","Body Slam"],"picked":"Reaper","floor":7.0}],"player_experience":1499877,"relics_obtained":[{"floor":5.0,"key":"Toxic Egg 2"},{"floor":7.0,"key":"Singing Bowl"}],"event_choices":[{"damage_healed":0.0,"max_hp_gain":5.0,"max_hp_loss":0.0,"gold_gain":0.0,"event_name":"Big Fish","player_choice":"Donut","floor":2.0,"gold_loss":0.0,"damage_taken":0.0},{"damage_healed":0.0,"max_hp_gain":0.0,"max_hp_loss":0.0,"gold_gain":0.0,"event_name":"Liars Game","player_choice":"Ignored","floor":4.0,"gold_loss":0.0,"damage_taken":0.0}],"is_beta":true,"boss_relics":[],"items_purged_floors":[],"is_endless":false,"potions_floor_spawned":[1,3],"killed_by":"Gremlin Nob","ascension_level":20}