{"gold_per_floor":[363,17,192,209,224,224,250,276,276,14,289,320,340,357,357,357],"floor_reached":16,"playtime":725,"items_purged":[],"score":132,"play_id":"44e671a1-d217-4fc2-8c49-1e2820c7925f","local_time":"20181018161625","is_ascension_mode":true,"campfire_choices":[{"data":"True Grit","floor":6,"key":"SMITH"},{"data":"Inflame","floor":15,"key":"SMITH"}],"neow_cost":"CURSE","seed_source_timestamp":685939454811837,"circlet_count":0,"master_deck":["Strike_R","Strike_R","Strike_R","Strike_R","Strike_R","Defend_R","Defend_R","Defend_R","Defend_R","Bash","Parasite","Shrug It Off","Shrug It Off","Swift Strike","True Grit","Immolate","Doubt","True Grit+1","Inflame+1","Flex","Heavy Blade","Sword Boomerang","Sentinel","Regret","Shrug It Off","Sever Soul","Battle Trance"],"relics":["Burning Blood","Incense Burner","Odd Mushroom","Champion Belt","Blood Vial","Strawberry"],"potions_floor_usage":[14,14,16,16],"damage_taken":[{"damage":1,"enemies":"Small Slimes","floor":1,"turns":5},{"damage":0,"enemies":"2 Louse","floor":4,"turns":1},{"damage":0,"enemies":"Cultist","floor":5,"turns":3},{"damage":28,"enemies":"Gremlin Nob","floor":7,"turns":4},{"damage":8,"enemies":"The Mushroom Lair","floor":8,"turns":4},{"damage":22,"enemies":"Lagavulin","floor":12,"turns":6},{"damage":6,"enemies":"Blue Slaver","floor":13,"turns":4},{"damage":11,"enemies":"Looter","floor":14,"turns":3},{"damage":94,"enemies":"The Guardian","floor":16,"turns":17}],"seed_played":"4982318090821757823","potions_obtained":[{"floor":7,"key":"GamblersBrew"},{"floor":8,"key":"SteroidPotion"},{"floor":13,"key":"Regen Potion"},{"floor":14,"key":"Weak Potion"}],"is_trial":false,"path_per_floor":["M","$","?","M","M","R","E","?","T","$","?","E","M","M","R"],"character_chosen":"IRONCLAD","items_purchased":["Shrug It Off","Swift Strike","True Grit","Immolate","Sword Boomerang","Blood Vial","Sentinel"],"campfire_rested":0,"item_purchase_floors":[2,2,2,2,10,10,10],"current_hp_per_floor":[80,80,80,80,80,80,58,56,56,56,56,49,51,57,57,0],"gold":357,"neow_bonus":"TWO_FIFTY_GOLD","is_prod":false,"is_daily":false,"chose_seed":false,"campfire_upgraded":2,"win_rate":0,"timestamp":1539900985,"path_taken":["M","$","?","M","M","R","E","?","T","$","?","E","M","M","R","BOSS"],"build_version":"2018-10-11","purchased_purges":0,"victory":false,"max_hp_per_floor":[80,80,80,80,80,80,80,80,80,80,80,87,87,87,87,87],"card_choices":[{"not_picked":["Power Through","Reckless Charge"],"picked":"Shrug It Off","floor":1},{"not_picked":["Ghostly Armor","Thunderclap"],"picked":"True Grit","floor":4},{"not_picked":["Clash","Carnage"],"picked":"Inflame","floor":5},{"not_picked":["Thunderclap","Fiend Fire"],"picked":"Flex","floor":7},{"not_picked":["Uppercut","Bloodletting"],"picked":"Heavy Blade","floor":8},{"not_picked":["Corruption","Twin Strike"],"picked":"Shrug It Off","floor":12},{"not_picked":["Rage","Pommel Strike"],"picked":"Sever Soul","floor":13},{"not_picked":["Iron Wave","Infernal Blade"],"picked":"Battle Trance","floor":14}],"player_experience":700572,"relics_obtained":[{"floor":7,"key":"Incense Burner"},{"floor":8,"key":"Odd Mushroom"},{"floor":9,"key":"Champion Belt"},{"floor":12,"key":"Strawberry"}],"event_choices":[{"event_name":"Liars Game","player_choice":"agreed","floor":3,"damage_taken":0},{"event_name":"Mushrooms","player_choice":"Fought Mushrooms","floor":8,"damage_taken":0},{"event_name":"Golden Shrine","player_choice":"Desecrate","floor":11,"damage_taken":0}],"is_beta":false,"boss_relics":[],"items_purged_floors":[],"is_endless":false,"potions_floor_spawned":[7,8,13,14],"killed_by":"The Guardian","ascension_level":4}