{"gold_per_floor":[211,225,237,247,27,58,58,69,96,110,110],"floor_reached":11,"playtime":829,"items_purged":[],"score":119,"play_id":"4bb52dec-09d0-463b-afbc-2c70af6bbc4a","local_time":"20190329141506","is_ascension_mode":true,"campfire_choices":[{"data":"Body Slam","floor":7,"key":"SMITH"}],"neow_cost":"NONE","seed_source_timestamp":1176389853504679,"circlet_count":0,"master_deck":["AscendersBane","Strike_R","Strike_R","Strike_R","Strike_R","Strike_R","Defend_R","Defend_R","Defend_R","Defend_R","Bash","Reckless Charge","Feel No Pain","Clothesline","Warcry","Barricade","Intimidate","Body Slam+1","Shrug It Off"],"relics":["Burning Blood","Juzu Bracelet","Art of War"],"potions_floor_usage":[11,11],"damage_taken":[{"damage":6,"enemies":"Cultist","floor":1,"turns":4},{"damage":7,"enemies":"Jaw Worm","floor":2,"turns":3},{"damage":9,"enemies":"Small Slimes","floor":3,"turns":4},{"damage":9,"enemies":"Red Slaver","floor":4,"turns":5},{"damage":31,"enemies":"3 Sentries","floor":6,"turns":12},{"damage":30,"enemies":"Exordium Thugs","floor":8,"turns":7},{"damage":14,"enemies":"Large Slime","floor":10,"turns":8},{"damage":26,"enemies":"Gremlin Nob","floor":11,"turns":3}],"seed_played":"-151915957682990915","potions_obtained":[{"floor":2,"key":"Swift Potion"},{"floor":4,"key":"Swift Potion"}],"is_trial":false,"path_per_floor":["$"],"character_chosen":"IRONCLAD","items_purchased":["Barricade","Intimidate"],"campfire_rested":0,"item_purchase_floors":[5,5],"current_hp_per_floor":[72,71,68,65,65,40,40,16,16,8,0],"gold":110,"neow_bonus":"HUNDRED_GOLD","is_prod":false,"is_daily":false,"chose_seed":false,"campfire_upgraded":1,"win_rate":0,"timestamp":1553883306,"path_taken":["M","M","M","M","?","E","R","M","T","M","E"],"build_version":"2019-01-23","purchased_purges":0,"victory":false,"max_hp_per_floor":[80,80,80,80,80,80,80,80,80,80,80],"card_choices":[{"not_picked":["Iron Wave","True Grit"],"picked":"Reckless Charge","floor":1},{"not_picked":["Wild Strike","Armaments"],"picked":"Feel No Pain","floor":2},{"not_picked":["Power Through","Iron Wave"],"picked":"Clothesline","floor":3},{"not_picked":["Twin Strike","Rage"],"picked":"Warcry","floor":4},{"not_picked":["Clash","Sever Soul"],"picked":"Body Slam","floor":6},{"not_picked":["Whirlwind","Hemokinesis"],"picked":"Shrug It Off","floor":8},{"not_picked":["Perfected Strike","Combust","Berserk"],"picked":"SKIP","floor":10}],"player_experience":1205421,"relics_obtained":[{"floor":6,"key":"Juzu Bracelet"},{"floor":9,"key":"Art of War"}],"event_choices":[],"is_beta":false,"boss_relics":[],"items_purged_floors":[],"is_endless":false,"potions_floor_spawned":[2,4,6,8],"killed_by":"Gremlin Nob","ascension_level":11}