{"gold_per_floor":[114,189,111,126,182,182,182,152,152,51,51,81,31,46,46,146,196,211,211,211,211,226,226,226,226],"floor_reached":25,"playtime":635,"items_purged":[],"score":245,"play_id":"f6d01f5b-1073-45c9-ac9d-5e2c785e9d07","local_time":"20180916185333","daily_mods":["Specialized","Lethality","Terminal"],"is_ascension_mode":false,"campfire_choices":[{"data":"Gash","floor":6,"key":"SMITH"},{"data":"Steam","floor":11,"key":"SMITH"},{"data":"Zap","floor":15,"key":"SMITH"},{"floor":23,"key":"REST"}],"neow_cost":"","seed_source_timestamp":0,"circlet_count":0,"master_deck":["Strike_B","Strike_B","Strike_B","Defend_B","Defend_B","Defend_B","Defend_B","Zap+1","Dualcast","All For One","All For One","All For One","All For One","All For One","Steam+1","Genetic Algorithm","Gash+1","Swift Strike","Turbo","Defragment","Buffer+1","Stack","Capacitor+1","Redo"],"special_seed":17791,"relics":["Cracked Core","Cables","Gambling Chip","Happy Flower","Tiny House","Ice Cream","MutagenicStrength"],"potions_floor_usage":[8,12,16,21,22],"damage_taken":[{"damage":0,"enemies":"Cultist","floor":1,"turns":3},{"damage":0,"enemies":"2 Louse","floor":4,"turns":2},{"damage":0,"enemies":"Gremlin Nob","floor":12,"turns":4},{"damage":5,"enemies":"Small Slimes","floor":14,"turns":2},{"damage":34,"enemies":"Hexaghost","floor":16,"turns":5},{"damage":13,"enemies":"2 Thieves","floor":18,"turns":4},{"damage":11,"enemies":"Colosseum Slavers","floor":21,"turns":3},{"damage":25,"enemies":"3 Byrds","floor":22,"turns":3},{"damage":31,"enemies":"Snake Plant","floor":25,"turns":3}],"seed_played":"2472854970281595153","potions_obtained":[{"floor":4,"key":"Block Potion"},{"floor":8,"key":"Fruit Juice"},{"floor":8,"key":"FocusPotion"},{"floor":17,"key":"GamblersBrew"},{"floor":18,"key":"AttackPotion"}],"is_trial":false,"path_per_floor":["M","T","$","M","?","R","?","?","T","$","R","E","?","M","R","B",null,"M","?","?","?","M","R","?"],"character_chosen":"DEFECT","items_purchased":["Genetic Algorithm","Swift Strike"],"campfire_rested":1,"item_purchase_floors":[3,10],"current_hp_per_floor":[73,72,71,70,69,68,72,76,75,74,73,72,71,66,66,32,72,59,59,46,35,10,31,31,0],"gold":226,"neow_bonus":"","is_prod":false,"is_daily":true,"chose_seed":false,"campfire_upgraded":3,"win_rate":0,"timestamp":1537145613,"path_taken":["M","?","$","M","?","R","?","?","T","$","R","E","?","?","R","BOSS","M","?","?","?","?","R","?","M"],"build_version":"2018-09-06","purchased_purges":0,"victory":false,"max_hp_per_floor":[73,72,71,70,69,68,72,76,75,74,73,72,71,70,69,68,72,71,70,74,73,72,71,70,70],"card_choices":[{"not_picked":["Leap","Undo"],"picked":"Steam","floor":1},{"not_picked":["Chaos","Hello World"],"picked":"Gash","floor":4},{"not_picked":["Double Energy","Leap"],"picked":"Turbo","floor":12},{"not_picked":["Reinforced Body","Leap"],"picked":"Defragment","floor":14},{"not_picked":["Seek","Thunder Strike"],"picked":"Buffer","floor":16},{"not_picked":["Chaos","BootSequence"],"picked":"Stack","floor":17},{"not_picked":["Stack","Recycle"],"picked":"Capacitor+1","floor":18},{"not_picked":["Rebound","Ball Lightning"],"picked":"Redo","floor":22}],"player_experience":532638,"relics_obtained":[{"floor":2,"key":"Cables"},{"floor":9,"key":"Gambling Chip"},{"floor":12,"key":"Happy Flower"}],"event_choices":[{"event_name":"Golden Wing","player_choice":"Gained Gold","floor":5,"damage_taken":0},{"event_name":"Big Fish","player_choice":"Donut","floor":7,"damage_taken":0},{"event_name":"The Woman in Blue","player_choice":"Bought 2 Potions","floor":8,"damage_taken":0},{"event_name":"The Cleric","player_choice":"Card Removal","floor":13,"damage_taken":0},{"event_name":"The Mausoleum","player_choice":"Yes","floor":19,"damage_taken":0},{"event_name":"Forgotten Altar","player_choice":"Shed Blood","floor":20,"damage_taken":0},{"event_name":"Colosseum","player_choice":"Fight","floor":21,"damage_taken":0},{"event_name":"Colosseum","player_choice":"Fled From Nobs","floor":21,"damage_taken":0},{"event_name":"Drug Dealer","player_choice":"Inject Mutagens","floor":24,"damage_taken":0}],"is_beta":false,"boss_relics":[{"not_picked":["Empty Cage","Runic Pyramid"],"picked":"Tiny House"}],"items_purged_floors":[],"is_endless":false,"potions_floor_spawned":[4,18,21],"killed_by":"Snake Plant","ascension_level":0}