{"gold_per_floor":[111,186,186,58,69,98,98,113,139,167,185,185,203,215,215,215],"floor_reached":16,"playtime":714,"items_purged":["Strike_B"],"score":112,"play_id":"24acdb51-2072-4108-b591-09bdade9f46b","local_time":"20190331194645","is_ascension_mode":false,"campfire_choices":[{"floor":15,"key":"REST"}],"neow_cost":"NONE","seed_source_timestamp":1369204144442834,"circlet_count":0,"master_deck":["Strike_B","Strike_B","Defend_B","Defend_B","Defend_B+1","Defend_B+1","Zap","Dualcast","Gash","Gash"],"relics":["Cracked Core","War Paint","Boot","Calipers"],"potions_floor_usage":[6,16,16],"damage_taken":[{"damage":2,"enemies":"Small Slimes","floor":1,"turns":4},{"damage":5,"enemies":"Jaw Worm","floor":5,"turns":4},{"damage":37,"enemies":"Gremlin Nob","floor":6,"turns":5},{"damage":0,"enemies":"2 Louse","floor":8,"turns":3},{"damage":12,"enemies":"Lagavulin","floor":10,"turns":9},{"damage":0,"enemies":"Large Slime","floor":11,"turns":5},{"damage":2,"enemies":"Looter","floor":13,"turns":3},{"damage":0,"enemies":"Exordium Wildlife","floor":14,"turns":4},{"damage":34,"enemies":"Slime Boss","floor":16,"turns":8}],"seed_played":"-4572666213660484406","potions_obtained":[{"floor":5,"key":"Ancient Potion"},{"floor":6,"key":"Ancient Potion"},{"floor":11,"key":"Dexterity Potion"},{"floor":14,"key":"Explosive Potion"}],"is_trial":false,"path_per_floor":["?","?","$","?","?","M"],"character_chosen":"DEFECT","items_purchased":["Gash"],"campfire_rested":1,"item_purchase_floors":[4],"current_hp_per_floor":[73,62,62,62,57,20,20,20,20,8,8,8,6,6,28,0],"gold":215,"neow_bonus":"REMOVE_CARD","is_prod":false,"is_daily":false,"chose_seed":false,"campfire_upgraded":0,"win_rate":0,"timestamp":1554076005,"path_taken":["M","?","?","?","M","E","?","M","T","E","M","?","?","M","R","BOSS"],"build_version":"2019-01-23","purchased_purges":1,"victory":false,"max_hp_per_floor":[75,75,75,75,75,75,75,75,75,75,75,75,75,75,75,75],"card_choices":[{"not_picked":["Conserve Battery","Turbo","Heatsinks"],"picked":"SKIP","floor":1},{"not_picked":["Sweeping Beam","Cold Snap","Redo"],"picked":"SKIP","floor":5},{"not_picked":["Streamline","Beam Cell","Ball Lightning"],"picked":"SKIP","floor":6},{"not_picked":["Hologram","Cold Snap","Thunder Strike"],"picked":"SKIP","floor":8},{"not_picked":["Steam","FTL"],"picked":"Gash","floor":10},{"not_picked":["Go for the Eyes","Turbo","Streamline"],"picked":"SKIP","floor":11},{"not_picked":["Leap","Sweeping Beam","Auto Shields"],"picked":"SKIP","floor":13},{"not_picked":["Compile Driver","Coolheaded","Turbo"],"picked":"SKIP","floor":14}],"player_experience":1349189,"relics_obtained":[{"floor":6,"key":"War Paint"},{"floor":9,"key":"Boot"},{"floor":10,"key":"Calipers"}],"event_choices":[{"damage_healed":0,"gold_gain":75,"player_choice":"Gather Gold","damage_taken":11,"max_hp_gain":0,"max_hp_loss":0,"event_name":"World of Goop","floor":2,"gold_loss":0},{"damage_healed":0,"gold_gain":0,"player_choice":"Ignored","damage_taken":0,"max_hp_gain":0,"max_hp_loss":0,"event_name":"Liars Game","floor":3,"gold_loss":0},{"damage_healed":0,"gold_gain":0,"player_choice":"Ignored","damage_taken":0,"max_hp_gain":0,"max_hp_loss":0,"event_name":"Shining Light","floor":7,"gold_loss":0},{"damage_healed":0,"gold_gain":0,"player_choice":"Searched \u00271\u0027 times","damage_taken":0,"max_hp_gain":0,"max_hp_loss":0,"event_name":"Dead Adventurer","floor":12,"gold_loss":0}],"is_beta":false,"boss_relics":[],"items_purged_floors":[4],"is_endless":false,"potions_floor_spawned":[5,6,11,14],"killed_by":"Slime Boss","ascension_level":0}