{"gold_per_floor":[361,361,21,96,171,171,207,228,228,228,247,286,286,23,23,152,152,171,195,215,140,159,159,202,202,202,240,240,274,298,314,314,437,437,450,450,142,142,0,44,67,80,380,416,416,436,450,57,57,57,57,57,6,46,46],"floor_reached":56,"playtime":5616,"items_purged":["Strike_G"],"score":1533,"play_id":"cac92966-786b-410f-8815-a147011c47b4","local_time":"20190318225913","is_ascension_mode":true,"campfire_choices":[{"floor":6,"key":"REST"},{"floor":10,"key":"REST"},{"floor":15,"key":"REST"},{"data":"Bouncing Flask","floor":25,"key":"SMITH"},{"floor":28,"key":"REST"},{"data":"Catalyst","floor":32,"key":"SMITH"},{"data":"Poisoned Stab","floor":45,"key":"SMITH"},{"floor":49,"key":"RECALL"},{"data":"Malaise","floor":52,"key":"SMITH"}],"neow_cost":"PERCENT_DAMAGE","seed_source_timestamp":252639255009066,"circlet_count":0,"master_deck":["Defend_G","Defend_G","Defend_G","Survivor","Neutralize","Dodge and Roll","Well Laid Plans+1","Poisoned Stab+1","Bouncing Flask+1","Malaise+1","Sadistic Nature+1","Well Laid Plans+1","After Image+1","All Out Attack+1","Slice+1","Wraith Form v2+1","Catalyst+1","Infinite Blades+1","Crippling Poison+1","Wraith Form v2+1","Mayhem+1","Footwork+1","Madness+1","Madness+1","After Image+1","Escape Plan+1","Escape Plan+1","Noxious Fumes+1","Blur+1"],"relics":["Ring of the Snake","Golden Idol","Frozen Egg 2","Snake Skull","Mummified Hand","Potion Belt","Astrolabe","Boot","Mercury Hourglass","Toxic Egg 2","Philosopher\u0027s Stone","Red Mask","Ancient Tea Set","Old Coin","Strawberry","Unceasing Top","Shuriken"],"potions_floor_usage":[22,24,27,30,50,54,55,55,55],"damage_taken":[{"damage":0,"enemies":"Cultist","floor":1,"turns":5},{"damage":38,"enemies":"3 Sentries","floor":7,"turns":18},{"damage":0,"enemies":"Small Slimes","floor":8,"turns":5},{"damage":0,"enemies":"Jaw Worm","floor":11,"turns":3},{"damage":7,"enemies":"Lagavulin","floor":12,"turns":5},{"damage":1,"enemies":"Hexaghost","floor":16,"turns":8},{"damage":0,"enemies":"Shell Parasite","floor":18,"turns":4},{"damage":0,"enemies":"Chosen","floor":19,"turns":5},{"damage":0,"enemies":"Sentry and Sphere","floor":20,"turns":6},{"damage":1,"enemies":"Shelled Parasite and Fungi","floor":22,"turns":6},{"damage":18,"enemies":"Slavers","floor":24,"turns":5},{"damage":1,"enemies":"Gremlin Leader","floor":27,"turns":5},{"damage":21,"enemies":"Slavers","floor":29,"turns":5},{"damage":3,"enemies":"Centurion and Healer","floor":30,"turns":4},{"damage":4,"enemies":"3 Cultists","floor":31,"turns":4},{"damage":26,"enemies":"Collector","floor":33,"turns":7},{"damage":7,"enemies":"Orb Walker","floor":35,"turns":4},{"damage":3,"enemies":"Giant Head","floor":40,"turns":7},{"damage":0,"enemies":"3 Shapes","floor":41,"turns":4},{"damage":0,"enemies":"Transient","floor":42,"turns":5},{"damage":0,"enemies":"Reptomancer","floor":44,"turns":5},{"damage":0,"enemies":"Spire Growth","floor":46,"turns":5},{"damage":0,"enemies":"Writhing Mass","floor":47,"turns":6},{"damage":0,"enemies":"Time Eater","floor":50,"turns":8},{"damage":9,"enemies":"Shield and Spear","floor":54,"turns":5},{"damage":1,"enemies":"The Heart","floor":55,"turns":8}],"seed_played":"8717143829674873055","potions_obtained":[{"floor":1,"key":"Swift Potion"},{"floor":11,"key":"Swift Potion"},{"floor":16,"key":"Block Potion"},{"floor":20,"key":"Poison Potion"},{"floor":22,"key":"EssenceOfSteel"},{"floor":24,"key":"Regen Potion"},{"floor":27,"key":"Energy Potion"},{"floor":30,"key":"Strength Potion"},{"floor":41,"key":"GamblersBrew"},{"floor":42,"key":"SkillPotion"},{"floor":47,"key":"GhostInAJar"}],"is_trial":false,"path_per_floor":["?","?","?","M","?","?","?","?","?","?"],"character_chosen":"THE_SILENT","items_purchased":["Frozen Egg 2","Well Laid Plans+1","Sadistic Nature+1","Well Laid Plans+1","Mayhem+1","Footwork+1","Unceasing Top","Noxious Fumes+1","Swift Potion"],"campfire_rested":4,"item_purchase_floors":[3,3,14,14,37,37,48,48,53],"current_hp_per_floor":[49,49,49,38,32,51,13,13,13,32,32,25,18,18,37,36,65,65,65,65,65,64,53,35,35,35,34,55,34,45,41,41,15,70,63,63,63,54,54,51,51,51,51,58,58,58,58,58,58,58,77,77,77,68,67],"gold":46,"neow_bonus":"TWO_FIFTY_GOLD","is_prod":false,"is_daily":false,"chose_seed":false,"campfire_upgraded":4,"win_rate":0,"timestamp":1552964353,"path_taken":["M","?","$","?","?","R","E","?","T","R","M","E","?","$","R","BOSS","M","M","M","?","M","?","E","R","T","E","R","E","M","M","R","BOSS","M","?","$","?","?","E","M","M","T","E","R","M","M","$","R","BOSS","R","$","E","BOSS"],"build_version":"2019-01-23","purchased_purges":1,"victory":true,"max_hp_per_floor":[70,65,65,65,65,65,65,65,65,65,65,65,65,65,65,65,65,65,65,65,65,65,70,70,70,70,70,70,70,70,70,70,70,70,70,70,70,70,70,70,70,70,70,77,77,77,77,77,77,77,77,77,77,77,77],"card_choices":[{"not_picked":["Flechettes","Deadly Poison"],"picked":"Dodge and Roll","floor":1},{"not_picked":["Acrobatics","Deflect"],"picked":"Poisoned Stab","floor":7},{"not_picked":["Riddle With Holes","Flying Knee","Skewer"],"picked":"SKIP","floor":8},{"not_picked":["Accuracy+1","Backstab"],"picked":"Bouncing Flask","floor":11},{"not_picked":["Dagger Spray","Backflip"],"picked":"Malaise","floor":12},{"not_picked":["Unload","Burst"],"picked":"After Image+1","floor":16},{"not_picked":["Deflect","PiercingWail"],"picked":"Catalyst","floor":18},{"not_picked":["Prepared+1","Eviscerate+1","Well Laid Plans+1"],"picked":"SKIP","floor":19},{"not_picked":["Slice","PiercingWail","All Out Attack"],"picked":"SKIP","floor":20},{"not_picked":["Bane","Flying Knee+1"],"picked":"Infinite Blades+1","floor":22},{"not_picked":["Expertise","Bane","All Out Attack+1"],"picked":"SKIP","floor":24},{"not_picked":["Bane","Prepared","Calculated Gamble"],"picked":"SKIP","floor":27},{"not_picked":["Flying Knee","Acrobatics"],"picked":"Crippling Poison+1","floor":29},{"not_picked":["Underhanded Strike","Riddle With Holes","Prepared+1"],"picked":"SKIP","floor":30},{"not_picked":["Deflect+1","Slice","Sucker Punch"],"picked":"SKIP","floor":31},{"not_picked":["Tools of the Trade+1","Unload"],"picked":"Wraith Form v2+1","floor":33},{"not_picked":["Sucker Punch+1","Reflex+1","Slice+1"],"picked":"SKIP","floor":35},{"not_picked":["PiercingWail+1","Unload"],"picked":"After Image+1","floor":40},{"not_picked":["Outmaneuver+1","Underhanded Strike","Finisher"],"picked":"SKIP","floor":41},{"not_picked":["Bane+1","Quick Slash","Deadly Poison+1"],"picked":"SKIP","floor":42},{"not_picked":["Deadly Poison+1","Acrobatics+1"],"picked":"Escape Plan+1","floor":44},{"not_picked":["Choke+1","Backstab+1"],"picked":"Escape Plan+1","floor":46},{"not_picked":["PiercingWail+1","Prepared+1","Flechettes+1"],"picked":"SKIP","floor":47},{"not_picked":["Slice+1","Distraction+1"],"picked":"Blur+1","floor":54}],"player_experience":774183,"relics_obtained":[{"floor":7,"key":"Snake Skull"},{"floor":9,"key":"Mummified Hand"},{"floor":12,"key":"Potion Belt"},{"floor":24,"key":"Boot"},{"floor":27,"key":"Mercury Hourglass"},{"floor":29,"key":"Toxic Egg 2"},{"floor":40,"key":"Ancient Tea Set"},{"floor":43,"key":"Old Coin"},{"floor":44,"key":"Strawberry"},{"floor":54,"key":"Shuriken"}],"event_choices":[{"damage_healed":0,"gold_gain":0,"player_choice":"Lose Max HP","damage_taken":0,"relics_obtained":["Golden Idol"],"max_hp_gain":0,"max_hp_loss":5,"event_name":"Golden Idol","floor":2,"gold_loss":0},{"damage_healed":0,"gold_gain":75,"player_choice":"Gather Gold","damage_taken":11,"max_hp_gain":0,"max_hp_loss":0,"event_name":"World of Goop","floor":4,"gold_loss":0},{"damage_healed":0,"gold_gain":75,"player_choice":"Touch","damage_taken":6,"max_hp_gain":0,"max_hp_loss":0,"event_name":"FaceTrader","floor":5,"gold_loss":0},{"cards_removed":["Defend_G"],"damage_healed":0,"gold_gain":0,"player_choice":"Card Removal","damage_taken":7,"max_hp_gain":0,"max_hp_loss":0,"event_name":"Golden Wing","floor":13,"gold_loss":0},{"cards_removed":["Strike_G"],"damage_healed":0,"gold_gain":0,"player_choice":"Gave Gold","damage_taken":0,"max_hp_gain":0,"max_hp_loss":0,"event_name":"Beggar","floor":21,"gold_loss":75},{"damage_healed":0,"gold_gain":0,"player_choice":"Shed Blood","damage_taken":16,"max_hp_gain":5,"max_hp_loss":0,"event_name":"Forgotten Altar","floor":23,"gold_loss":0},{"cards_removed":["Strike_G"],"damage_healed":0,"gold_gain":0,"player_choice":"Removed Attack","damage_taken":0,"max_hp_gain":0,"max_hp_loss":0,"event_name":"Falling","floor":36,"gold_loss":0},{"damage_healed":0,"gold_gain":0,"player_choice":"Embrace Madness","damage_taken":9,"max_hp_gain":0,"max_hp_loss":0,"event_name":"Winding Halls","floor":38,"gold_loss":0,"cards_obtained":["Madness","Madness"]},{"damage_healed":0,"gold_gain":0,"player_choice":"Paid","damage_taken":0,"relics_obtained":["Red Mask"],"max_hp_gain":0,"max_hp_loss":0,"event_name":"Tomb of Lord Red Mask","floor":39,"gold_loss":142}],"is_beta":false,"boss_relics":[{"not_picked":["Sozu","Eternal Feather"],"picked":"Astrolabe"},{"not_picked":["WristBlade","Cursed Key"],"picked":"Philosopher\u0027s Stone"}],"items_purged_floors":[37],"is_endless":false,"potions_floor_spawned":[1,11,16,20,22,24,27,30,41,42,47],"ascension_level":4}