{"gold_per_floor":[115,115,190,190,190,223,223,254,254,24,41,59,86,102,102,180,180,195,214,234,234,253,253,279,279,302,302,327,116,134,94,94,165,165,177,177,177,177,228,258,269,269,269,298,312,312,338,338,338,338,338,338,95,128,128],"floor_reached":55,"playtime":3044,"items_purged":["Strike_B","Strike_B+1"],"score":1500,"play_id":"2f0fc295-003a-44cb-84db-c4fbaa7ad072","local_time":"20190404114445","is_ascension_mode":true,"campfire_choices":[{"floor":15,"key":"REST"},{"data":"Defragment","floor":23,"key":"SMITH"},{"data":"Defragment","floor":25,"key":"SMITH"},{"data":"Consume","floor":27,"key":"SMITH"},{"data":"Buffer","floor":32,"key":"SMITH"},{"floor":42,"key":"DIG"},{"floor":46,"key":"DIG"},{"floor":49,"key":"RECALL"},{"floor":52,"key":"DIG"}],"neow_cost":"NONE","seed_source_timestamp":1683552781594886,"circlet_count":0,"master_deck":["AscendersBane","Defend_B","Defend_B","Defend_B","Defend_B","Zap","Dualcast","Cold Snap","Defragment+1","Static Discharge","Electrodynamics","Defragment+1","Consume+1","Echo Form","Glacier+1","White Noise","Buffer+1","Capacitor","Genetic Algorithm","Biased Cognition","Impatience","Apotheosis","Loop","White Noise"],"relics":["Cracked Core","NeowsBlessing","Mercury Hourglass","Pen Nib","Dream Catcher","Omamori","Bird Faced Urn","Bronze Scales","Calipers","Coffee Dripper","Juzu Bracelet","Vajra","FossilizedHelix","Sozu","Shovel","Regal Pillow","Letter Opener","Art of War","Oddly Smooth Stone","Boot","Dodecahedron","Blood Vial","DataDisk"],"potions_floor_usage":[16,22,24,28,33,33],"damage_taken":[{"damage":0,"enemies":"2 Louse","floor":1,"turns":1},{"damage":0,"enemies":"Gremlin Nob","floor":6,"turns":1},{"damage":0,"enemies":"Lagavulin","floor":8,"turns":1},{"damage":0,"enemies":"Jaw Worm","floor":11,"turns":3},{"damage":0,"enemies":"Small Slimes","floor":12,"turns":3},{"damage":25,"enemies":"3 Sentries","floor":13,"turns":2},{"damage":16,"enemies":"3 Louse","floor":14,"turns":2},{"damage":6,"enemies":"The Guardian","floor":16,"turns":8},{"damage":14,"enemies":"Chosen","floor":18,"turns":4},{"damage":27,"enemies":"Shell Parasite","floor":19,"turns":6},{"damage":3,"enemies":"Cultist and Chosen","floor":20,"turns":6},{"damage":23,"enemies":"Snecko","floor":22,"turns":7},{"damage":26,"enemies":"Slavers","floor":24,"turns":3},{"damage":25,"enemies":"Gremlin Leader","floor":28,"turns":4},{"damage":27,"enemies":"Shelled Parasite and Fungi","floor":30,"turns":4},{"damage":32,"enemies":"Automaton","floor":33,"turns":7},{"damage":0,"enemies":"Orb Walker","floor":35,"turns":3},{"damage":31,"enemies":"2 Orb Walkers","floor":39,"turns":4},{"damage":6,"enemies":"Giant Head","floor":40,"turns":7},{"damage":0,"enemies":"3 Darklings","floor":41,"turns":2},{"damage":0,"enemies":"Reptomancer","floor":44,"turns":6},{"damage":0,"enemies":"Spire Growth","floor":45,"turns":7},{"damage":0,"enemies":"Nemesis","floor":47,"turns":8},{"damage":0,"enemies":"Time Eater","floor":50,"turns":27},{"damage":50,"enemies":"Shield and Spear","floor":54,"turns":8},{"damage":61,"enemies":"The Heart","floor":55,"turns":2}],"seed_played":"8371355708751342538","potions_obtained":[{"floor":6,"key":"Fruit Juice"},{"floor":14,"key":"FocusPotion"},{"floor":18,"key":"LiquidBronze"},{"floor":22,"key":"AttackPotion"},{"floor":30,"key":"Swift Potion"},{"floor":31,"key":"Regen Potion"},{"floor":31,"key":"Regen Potion"}],"is_trial":false,"path_per_floor":["?","?","?","?","?","M","?","M","?","?","?","?","?","?"],"character_chosen":"DEFECT","items_purchased":["Bronze Scales","Static Discharge","Capacitor","Genetic Algorithm","Blood Vial"],"campfire_rested":1,"item_purchase_floors":[10,10,29,29,53],"current_hp_per_floor":[68,61,50,35,28,28,28,28,28,28,30,34,15,1,23,25,63,61,50,57,57,51,51,33,33,33,33,20,20,5,5,5,36,69,79,69,69,80,59,77,80,80,80,80,80,80,80,80,80,80,80,80,80,52,0],"gold":128,"neow_bonus":"THREE_ENEMY_KILL","is_prod":false,"is_daily":false,"chose_seed":false,"campfire_upgraded":4,"win_rate":0,"timestamp":1554392685,"path_taken":["M","?","?","?","?","E","?","E","T","$","?","M","E","M","R","BOSS","M","M","M","?","?","R","E","R","T","R","E","$","M","?","R","BOSS","M","?","?","?","?","E","M","R","T","E","M","R","E","?","R","BOSS","R","$","E","BOSS"],"build_version":"2019-01-23","purchased_purges":2,"victory":false,"max_hp_per_floor":[75,75,75,75,75,75,75,75,75,75,75,75,75,75,75,75,75,75,75,75,75,80,80,80,80,80,80,80,80,80,80,80,80,80,80,80,80,80,80,80,80,80,80,80,80,80,80,80,80,80,80,80,80,80,80],"card_choices":[{"not_picked":["Go for the Eyes","Steam"],"picked":"Sweeping Beam","floor":1},{"not_picked":["Streamline","Hologram"],"picked":"Cold Snap","floor":6},{"not_picked":["Consume","Gash"],"picked":"Defragment","floor":8},{"not_picked":["Steam Power","Barrage"],"picked":"Electrodynamics","floor":11},{"not_picked":["Redo","Hologram"],"picked":"Defragment","floor":12},{"not_picked":["Double Energy","Meteor Strike","Rebound"],"picked":"SKIP","floor":13},{"not_picked":["Force Field","Storm","Redo"],"picked":"SKIP","floor":14},{"not_picked":["Reprogram","Gash"],"picked":"Consume","floor":15},{"not_picked":["Fission","Electrodynamics"],"picked":"Echo Form","floor":16},{"not_picked":["Melter","Barrage"],"picked":"Glacier+1","floor":18},{"not_picked":["Hologram","Leap","Streamline+1"],"picked":"SKIP","floor":19},{"not_picked":["Ball Lightning","Rebound","Stack"],"picked":"SKIP","floor":20},{"not_picked":["Gash","Compile Driver"],"picked":"White Noise","floor":22},{"not_picked":["Redo","Coolheaded"],"picked":"Buffer","floor":24},{"not_picked":["Streamline","Conserve Battery","Steam"],"picked":"SKIP","floor":28},{"not_picked":["Tempest","Double Energy","Leap"],"picked":"SKIP","floor":30},{"not_picked":["All For One","Rainbow"],"picked":"Biased Cognition","floor":33},{"not_picked":["Barrage","Stack","Lockon+1"],"picked":"SKIP","floor":35},{"not_picked":["Enlightenment","Swift Strike"],"picked":"Impatience","floor":36},{"not_picked":["Madness","Panacea"],"picked":"Apotheosis","floor":36},{"not_picked":["Auto Shields","Ball Lightning"],"picked":"Loop","floor":39},{"not_picked":["Turbo","Fission","Steam"],"picked":"SKIP","floor":40},{"not_picked":["Lockon","Coolheaded","Leap"],"picked":"SKIP","floor":41},{"not_picked":["Double Energy","Chaos","Scrape+1"],"picked":"SKIP","floor":44},{"not_picked":["Cold Snap","Conserve Battery"],"picked":"White Noise","floor":45},{"not_picked":["Conserve Battery","Cold Snap","Compile Driver"],"picked":"SKIP","floor":47},{"not_picked":["Ball Lightning","Sweeping Beam","Self Repair"],"picked":"SKIP","floor":54}],"player_experience":1468641,"relics_obtained":[{"floor":6,"key":"Pen Nib"},{"floor":8,"key":"Omamori"},{"floor":9,"key":"Bird Faced Urn"},{"floor":13,"key":"Calipers"},{"floor":24,"key":"Juzu Bracelet"},{"floor":26,"key":"Vajra"},{"floor":28,"key":"FossilizedHelix"},{"floor":39,"key":"Shovel"},{"floor":40,"key":"Regal Pillow"},{"floor":42,"key":"Letter Opener"},{"floor":44,"key":"Art of War"},{"floor":46,"key":"Oddly Smooth Stone"},{"floor":47,"key":"Boot"},{"floor":52,"key":"Dodecahedron"},{"floor":54,"key":"DataDisk"}],"event_choices":[{"cards_removed":["Strike_B"],"damage_healed":0,"gold_gain":0,"player_choice":"Card Removal","damage_taken":7,"max_hp_gain":0,"max_hp_loss":0,"event_name":"Golden Wing","floor":2,"gold_loss":0},{"damage_healed":0,"gold_gain":75,"player_choice":"Gather Gold","damage_taken":11,"max_hp_gain":0,"max_hp_loss":0,"event_name":"World of Goop","floor":3,"gold_loss":0},{"damage_healed":0,"gold_gain":0,"player_choice":"Entered Light","damage_taken":15,"max_hp_gain":0,"max_hp_loss":0,"event_name":"Shining Light","floor":4,"gold_loss":0,"cards_upgraded":["Strike_B","Strike_B"]},{"damage_healed":0,"gold_gain":0,"player_choice":"Success","damage_taken":7,"relics_obtained":["Mercury Hourglass"],"max_hp_gain":0,"max_hp_loss":0,"event_name":"Scrap Ooze","floor":5,"gold_loss":0},{"damage_healed":0,"gold_gain":0,"player_choice":"Searched \u00271\u0027 times","damage_taken":0,"relics_obtained":["Dream Catcher"],"max_hp_gain":0,"max_hp_loss":0,"event_name":"Dead Adventurer","floor":7,"gold_loss":0},{"damage_healed":0,"gold_gain":0,"player_choice":"Ignored","damage_taken":0,"max_hp_gain":0,"max_hp_loss":0,"event_name":"N\u0027loth","floor":21,"gold_loss":0},{"damage_healed":0,"gold_gain":0,"player_choice":"Bought 3 Potions","damage_taken":0,"max_hp_gain":0,"max_hp_loss":0,"event_name":"The Woman in Blue","floor":31,"gold_loss":0},{"damage_healed":0,"gold_gain":0,"player_choice":"Memory 3","damage_taken":10,"max_hp_gain":0,"max_hp_loss":0,"event_name":"SensoryStone","floor":36,"gold_loss":0},{"cards_removed":["Strike_B"],"damage_healed":0,"gold_gain":0,"player_choice":"Offered Basic","damage_taken":0,"max_hp_gain":0,"max_hp_loss":0,"event_name":"Bonfire Elementals","floor":37,"gold_loss":0},{"damage_healed":20,"gold_gain":0,"player_choice":"Writhe","damage_taken":0,"max_hp_gain":0,"max_hp_loss":0,"event_name":"Winding Halls","floor":38,"gold_loss":0,"cards_obtained":["Writhe"]},{"damage_healed":0,"gold_gain":0,"player_choice":"Fight","damage_taken":0,"max_hp_gain":0,"max_hp_loss":0,"event_name":"Mysterious Sphere","floor":39,"gold_loss":0},{"cards_removed":["Sweeping Beam"],"damage_healed":0,"gold_gain":0,"player_choice":"Removed Attack","damage_taken":0,"max_hp_gain":0,"max_hp_loss":0,"event_name":"Falling","floor":48,"gold_loss":0}],"is_beta":false,"boss_relics":[{"not_picked":["Lizard Tail","Empty Cage"],"picked":"Coffee Dripper"},{"not_picked":["Black Star","Fusion Hammer"],"picked":"Sozu"}],"items_purged_floors":[29,53],"is_endless":false,"potions_floor_spawned":[6,14,18,22,30,39,40,41],"killed_by":"The Heart","ascension_level":13}