{"path_per_floor":["M","?","M","?","?","E","M","M","T","M","E","M","M","M","R"],"character_chosen":"IRONCLAD","items_purchased":[],"gold_per_floor":[118,118,137,137,137,173,186,202,274,288,332,355,375,398,398],"floor_reached":16,"campfire_rested":0,"playtime":764,"current_hp_per_floor":[80,80,75,74,74,62,60,50,60,54,44,40,44,52,52],"items_purged":[],"gold":398,"play_id":"b13edab8-e81a-4445-a2dc-ef0019d54d7f","is_prod":false,"is_daily":false,"is_ascension_mode":false,"campfire_upgraded":1,"path_taken":["M","?","M","?","?","E","M","M","T","M","E","M","M","M","R","BOSS"],"build_version":"2018-02-01-PROD3","purchased_purges":0,"victory":false,"master_deck":["Strike_R","Strike_R","Strike_R","Strike_R","Defend_R","Defend_R","Defend_R","Bash","Fiend Fire+1","Wild Strike","Fiend Fire","Spot Weakness","Armaments","Flex","Anger","Dual Wield","Reckless Charge","Metallicize","Cleave","Bloodletting"],"max_hp_per_floor":[80,80,80,74,74,74,74,74,84,84,84,84,84,84,84],"relics":["Burning Blood","Golden Idol","Gremlin Horn","Pear","Magic Flower"],"card_choices":[{"not_picked":["Sword Boomerang","Thunderclap"],"picked":"Wild Strike"},{"not_picked":["Sword Boomerang","Thunderclap"],"picked":"Spot Weakness"},{"not_picked":["Sever Soul","Heavy Blade"],"picked":"Armaments"},{"not_picked":["Burning Pact","Rampage"],"picked":"Flex"},{"not_picked":["Sword Boomerang","Twin Strike"],"picked":"Anger"},{"not_picked":["Rampage","Heavy Blade"],"picked":"Dual Wield"},{"not_picked":["Heavy Blade","Juggernaut"],"picked":"Reckless Charge"},{"not_picked":["Cleave","Havoc"],"picked":"Metallicize"},{"not_picked":["Whirlwind","True Grit"],"picked":"Cleave"},{"not_picked":["Havoc","Second Wind"],"picked":"Bloodletting"}],"player_experience":101197,"potions_floor_usage":[6,8,16],"damage_taken":[{"damage":0,"enemies":"Small Slimes","floor":1,"turns":3},{"damage":11,"enemies":"Jaw Worm","floor":3,"turns":2},{"damage":18,"enemies":"Lagavulin","floor":6,"turns":3},{"damage":8,"enemies":"2 Louse","floor":7,"turns":2},{"damage":16,"enemies":"Exordium Thugs","floor":8,"turns":4},{"damage":12,"enemies":"3 Louse","floor":10,"turns":3},{"damage":16,"enemies":"Gremlin Nob","floor":11,"turns":3},{"damage":13,"enemies":"Red Slaver","floor":12,"turns":2},{"damage":5,"enemies":"Looter","floor":13,"turns":2},{"damage":1,"enemies":"3 Louse","floor":14,"turns":3},{"damage":52,"enemies":"The Guardian","floor":16,"turns":7}],"event_choices":[{"event_name":"Living Wall","player_choice":"Change","floor":2,"damage_taken":0},{"event_name":"Golden Idol","player_choice":"Lose Max HP","floor":4,"damage_taken":0},{"event_name":"Purifier","player_choice":"One Purge","floor":5,"damage_taken":0}],"boss_relics":[],"potions_floor_spawned":[3,6,12],"seed_played":"-2110465976911785560","killed_by":"The Guardian","ascension_level":0,"is_trial":false}