{"gold_per_floor":[116,10,10,85,99,99,127,127,151,167,192,210,210,228,228,330,330,349,349,360,33,33,33,65,78,78,78,108,31,31,66,66,164,164,180,180],"floor_reached":36,"playtime":1707,"items_purged":[],"score":526,"play_id":"1eee2677-7169-41da-b664-7148d5bc478c","local_time":"20180805130844","is_ascension_mode":true,"campfire_choices":[{"data":"Flex","floor":6,"key":"SMITH"},{"data":"Heavy Blade","floor":8,"key":"SMITH"},{"floor":15,"key":"REST"},{"floor":23,"key":"REST"},{"floor":27,"key":"REST"},{"data":"Limit Break","floor":30,"key":"SMITH"},{"data":"Inflame","floor":32,"key":"SMITH"}],"neow_cost":"NONE","seed_source_timestamp":356591047642576,"circlet_count":0,"master_deck":["Strike_R","Strike_R","Strike_R","Strike_R","Strike_R","Defend_R","Defend_R","Defend_R","Defend_R","Bash","Heavy Blade+1","Flex+1","Shrug It Off","Headbutt","Twin Strike","Iron Wave","Havoc","Inflame+1","Armaments","Limit Break+1","Sword Boomerang+1","Seeing Red","Normality","Armaments+1","Uppercut+1","Twin Strike","J.A.X.","Twin Strike","Demon Form","Rage+1","Shockwave+1","Thunderclap","Twin Strike","Double Tap","Flex+1"],"relics":["Eternal Feather","The Courier","Gambling Chip","Regal Pillow","Singing Bowl","Mummified Hand","Runic Cube","Enchiridion","Bag of Marbles","Paper Frog","Darkstone Periapt","Champion Belt","Meat on the Bone","Question Card","Blood Vial","Orrery"],"potions_floor_usage":[11,20,20,24,28],"damage_taken":[{"damage":1,"enemies":"Cultist","floor":1,"turns":3},{"damage":3,"enemies":"Jaw Worm","floor":5,"turns":3},{"damage":20,"enemies":"3 Sentries","floor":7,"turns":9},{"damage":6,"enemies":"2 Louse","floor":10,"turns":2},{"damage":8,"enemies":"Gremlin Nob","floor":11,"turns":3},{"damage":8,"enemies":"2 Fungi Beasts","floor":12,"turns":3},{"damage":0,"enemies":"Exordium Wildlife","floor":14,"turns":2},{"damage":39,"enemies":"Slime Boss","floor":16,"turns":8},{"damage":26,"enemies":"Spheric Guardian","floor":18,"turns":5},{"damage":12,"enemies":"2 Thieves","floor":20,"turns":2},{"damage":38,"enemies":"Slavers","floor":24,"turns":5},{"damage":13,"enemies":"Centurion and Healer","floor":25,"turns":3},{"damage":31,"enemies":"Book of Stabbing","floor":28,"turns":6},{"damage":26,"enemies":"Gremlin Leader","floor":31,"turns":4},{"damage":31,"enemies":"Champ","floor":33,"turns":8},{"damage":37,"enemies":"3 Shapes","floor":35,"turns":5},{"damage":63,"floor":36,"turns":5}],"seed_played":"-5605793219944994339","potions_obtained":[{"floor":10,"key":"Energy Potion"},{"floor":11,"key":"Ancient Potion"},{"floor":16,"key":"LiquidBronze"},{"floor":18,"key":"Fire Potion"},{"floor":24,"key":"EssenceOfSteel"}],"is_trial":false,"path_per_floor":["M","$","?","?","M","R","E","R","T","M","E","M","T","M","R","B",null,"M","?","M","$","?","R","E","M","T","R","E","?","R","E","R","B",null,"M"],"character_chosen":"IRONCLAD","items_purchased":["Flex","Shrug It Off","Bag of Marbles","Paper Frog"],"campfire_rested":3,"item_purchase_floors":[2,2,21,21],"current_hp_per_floor":[79,79,76,65,62,68,48,57,57,51,43,35,35,35,80,41,80,54,38,26,26,32,84,46,33,33,86,55,55,70,44,59,42,86,49,0],"gold":180,"neow_bonus":"BOSS_RELIC","is_prod":false,"is_daily":false,"chose_seed":false,"campfire_upgraded":4,"win_rate":0,"timestamp":1533496124,"path_taken":["M","$","?","?","M","R","E","R","T","M","E","M","?","M","R","BOSS","M","?","M","$","?","R","E","M","T","R","E","?","R","E","R","BOSS","M","?"],"build_version":"2018-08-02","purchased_purges":0,"victory":false,"max_hp_per_floor":[80,80,80,80,80,80,80,80,80,80,80,80,80,80,80,80,80,80,80,80,80,86,86,86,86,86,86,86,86,86,86,86,86,86,86,86],"card_choices":[{"not_picked":["Body Slam","Clothesline"],"picked":"Heavy Blade","floor":1},{"not_picked":["Intimidate","Pommel Strike"],"picked":"Headbutt","floor":5},{"not_picked":["Fire Breathing","Ghostly Armor"],"picked":"Twin Strike","floor":7},{"not_picked":["Anger","True Grit"],"picked":"Iron Wave","floor":10},{"not_picked":["Hemokinesis","Bloodletting"],"picked":"Havoc","floor":11},{"not_picked":["Clothesline","Heavy Blade"],"picked":"Inflame","floor":12},{"not_picked":["Twin Strike","Heavy Blade"],"picked":"Armaments","floor":14},{"not_picked":["Offering","Brutality"],"picked":"Limit Break","floor":16},{"not_picked":["Shrug It Off+1","Uppercut"],"picked":"Sword Boomerang+1","floor":18},{"not_picked":["Warcry","Clash"],"picked":"Seeing Red","floor":20},{"not_picked":["Barricade","Combust"],"picked":"Armaments+1","floor":24},{"not_picked":["Pommel Strike","Havoc"],"picked":"Uppercut+1","floor":25},{"not_picked":["Bloodletting","Dark Embrace"],"picked":"Twin Strike","floor":28},{"not_picked":["Offering","Burning Pact","Perfected Strike+1"],"picked":"Twin Strike","floor":31},{"not_picked":["Juggernaut","Reaper","Offering"],"picked":"Demon Form","floor":33},{"not_picked":["Body Slam","Reckless Charge","Cleave"],"picked":"Rage+1","floor":34},{"not_picked":["Armaments","Wild Strike+1","Searing Blow"],"picked":"Shockwave+1","floor":34},{"not_picked":["Combust","Battle Trance","Warcry+1"],"picked":"Thunderclap","floor":34},{"not_picked":["True Grit","Dropkick","Warcry"],"picked":"Twin Strike","floor":34},{"not_picked":["Pommel Strike","Heavy Blade","Havoc"],"picked":"Double Tap","floor":34},{"not_picked":["Perfected Strike","Burning Pact","Warcry+1"],"picked":"Flex+1","floor":35}],"player_experience":199603,"relics_obtained":[{"floor":7,"key":"Gambling Chip"},{"floor":9,"key":"Regal Pillow"},{"floor":11,"key":"Singing Bowl"},{"floor":13,"key":"Mummified Hand"},{"floor":19,"key":"Enchiridion"},{"floor":24,"key":"Champion Belt"},{"floor":26,"key":"Meat on the Bone"},{"floor":28,"key":"Question Card"},{"floor":31,"key":"Blood Vial"}],"event_choices":[{"event_name":"Scrap Ooze","player_choice":"success","floor":3,"damage_taken":3},{"event_name":"World of Goop","player_choice":"Gather Gold","floor":4,"damage_taken":0},{"event_name":"Cursed Tome","player_choice":"Obtained Book","floor":19,"damage_taken":0},{"event_name":"Accursed Blacksmith","player_choice":"Rummage","floor":22,"damage_taken":0},{"event_name":"Drug Dealer","player_choice":"Got JAXXED","floor":29,"damage_taken":0},{"event_name":"Mysterious Sphere","player_choice":"Fight","floor":36,"damage_taken":0}],"is_beta":false,"boss_relics":[{"not_picked":["Ectoplasm","Coffee Dripper"],"picked":"Runic Cube"},{"not_picked":["Astrolabe","Runic Pyramid"],"picked":"Orrery"}],"items_purged_floors":[],"is_endless":false,"potions_floor_spawned":[10,11,16,18,24],"ascension_level":1}