{"gold_per_floor":[113,113,113,124,139,171,186,186,211,239,239,164,196,213,213,314,314,325,339,339,351,374,374,387,387],"floor_reached":25,"playtime":1255,"items_purged":["Defend_R"],"score":223,"play_id":"af5af58a-4f9f-41ab-823b-5abfe144c3ef","local_time":"20190315173010","is_ascension_mode":false,"campfire_choices":[{"floor":8,"key":"REST"},{"floor":15,"key":"REST"},{"floor":23,"key":"REST"}],"neow_cost":"NONE","seed_source_timestamp":191765490024978,"circlet_count":0,"master_deck":["Strike_R","Strike_R","Strike_R","Strike_R","Defend_R","Defend_R","Defend_R","Bash","Pommel Strike","Dropkick","Cleave","Headbutt+1"],"relics":["Burning Blood","Omamori","Dodecahedron","Centennial Puzzle","Red Skull","Bottled Flame","Ancient Tea Set","Black Star","Nilry\u0027s Codex","Bag of Preparation"],"potions_floor_usage":[16,18,24,25],"damage_taken":[{"damage":1,"enemies":"Cultist","floor":1,"turns":4},{"damage":5,"enemies":"Jaw Worm","floor":4,"turns":4},{"damage":0,"enemies":"2 Louse","floor":5,"turns":2},{"damage":36,"enemies":"Lagavulin","floor":6,"turns":5},{"damage":27,"enemies":"Exordium Thugs","floor":7,"turns":7},{"damage":15,"enemies":"Gremlin Nob","floor":10,"turns":4},{"damage":26,"enemies":"3 Sentries","floor":13,"turns":6},{"damage":14,"enemies":"3 Louse","floor":14,"turns":2},{"damage":38,"enemies":"Hexaghost","floor":16,"turns":6},{"damage":5,"enemies":"Chosen","floor":18,"turns":4},{"damage":41,"enemies":"Shell Parasite","floor":19,"turns":8},{"damage":20,"enemies":"Centurion and Healer","floor":21,"turns":7},{"damage":24,"enemies":"Sentry and Sphere","floor":24,"turns":5},{"damage":23,"enemies":"Shelled Parasite and Fungi","floor":25,"turns":2}],"seed_played":"-4918144116572980344","potions_obtained":[{"floor":5,"key":"Fire Potion"},{"floor":10,"key":"Fire Potion"},{"floor":14,"key":"Strength Potion"},{"floor":24,"key":"AttackPotion"}],"is_trial":false,"path_per_floor":["$","T","M","?","?","T","M"],"character_chosen":"IRONCLAD","items_purchased":[],"campfire_rested":3,"item_purchase_floors":[],"current_hp_per_floor":[80,80,80,80,80,50,29,53,53,44,44,44,24,16,40,8,80,80,45,29,15,15,39,21,0],"gold":387,"neow_bonus":"RANDOM_COMMON_RELIC","is_prod":false,"is_daily":false,"chose_seed":false,"campfire_upgraded":0,"win_rate":0,"timestamp":1552685410,"path_taken":["M","?","?","?","M","E","M","R","T","E","?","$","E","M","R","BOSS","M","M","?","M","?","R","?","M"],"build_version":"2019-01-23","purchased_purges":1,"victory":false,"max_hp_per_floor":[80,80,80,80,80,80,80,80,80,80,80,80,80,80,80,80,80,80,80,80,80,80,80,80,80],"card_choices":[{"not_picked":["Wild Strike","Warcry"],"picked":"Pommel Strike","floor":1},{"not_picked":["Perfected Strike","Iron Wave"],"picked":"Dropkick","floor":4},{"not_picked":["Armaments","Warcry","True Grit"],"picked":"SKIP","floor":5},{"not_picked":["Heavy Blade","Iron Wave","Blood for Blood"],"picked":"SKIP","floor":6},{"not_picked":["Anger","Exhume"],"picked":"Cleave","floor":7},{"not_picked":["Bloodletting","Wild Strike","Entrench"],"picked":"SKIP","floor":10},{"not_picked":["Infernal Blade","Warcry","Reckless Charge"],"picked":"SKIP","floor":13},{"not_picked":["Reckless Charge","Havoc","Seeing Red"],"picked":"SKIP","floor":14},{"not_picked":["Body Slam+1","Clothesline+1","Rage"],"picked":"SKIP","floor":18},{"not_picked":["Warcry","Blood for Blood","Anger+1"],"picked":"SKIP","floor":19},{"not_picked":["Iron Wave","Cleave","Evolve"],"picked":"SKIP","floor":21},{"not_picked":["Limit Break","Shrug It Off"],"picked":"Headbutt+1","floor":24}],"player_experience":655360,"relics_obtained":[{"floor":3,"key":"Dodecahedron"},{"floor":6,"key":"Centennial Puzzle"},{"floor":9,"key":"Red Skull"},{"floor":10,"key":"Bottled Flame"},{"floor":13,"key":"Ancient Tea Set"},{"floor":20,"key":"Nilry\u0027s Codex"},{"floor":22,"key":"Bag of Preparation"}],"event_choices":[{"cards_removed":["Strike_R"],"damage_healed":0,"gold_gain":0,"player_choice":"Forget","damage_taken":0,"max_hp_gain":0,"max_hp_loss":0,"event_name":"Living Wall","floor":11,"gold_loss":0},{"damage_healed":0,"gold_gain":0,"player_choice":"Obtained Book","damage_taken":16,"max_hp_gain":0,"max_hp_loss":0,"event_name":"Cursed Tome","floor":20,"gold_loss":0}],"is_beta":false,"boss_relics":[{"not_picked":["Velvet Choker","Snecko Eye"],"picked":"Black Star"}],"items_purged_floors":[12],"is_endless":false,"potions_floor_spawned":[5,10,14,24],"killed_by":"Shelled Parasite and Fungi","ascension_level":0}