{"path_per_floor":["M","M","?","?","$","R","E","R","T","?","M","$","R","M","R","B",null,"M","M","?","?","M","R","M"],"character_chosen":"IRONCLAD","items_purchased":["Demon Form","Apotheosis"],"gold_per_floor":[116,130,305,383,11,11,41,41,41,41,61,61,61,77,77,177,177,192,203,103,103,120,120,138],"floor_reached":25,"campfire_rested":2,"playtime":1326,"current_hp_per_floor":[80,80,80,80,80,80,80,80,80,80,80,80,80,68,80,38,80,56,39,39,39,24,63,10],"items_purged":[],"gold":138,"score":251,"play_id":"d5499b8f-8052-4415-9ff1-1254f982a19f","is_prod":false,"is_daily":false,"is_ascension_mode":false,"campfire_upgraded":3,"path_taken":["M","M","?","?","$","R","E","R","T","?","M","$","R","?","R","BOSS","M","M","?","?","M","R","M","M"],"build_version":"2018-02-15-PROD1","purchased_purges":0,"victory":false,"master_deck":["Strike_R","Strike_R","Strike_R","Strike_R","Strike_R","Defend_R","Defend_R","Defend_R","Defend_R","Bash","Power Through","Heavy Blade","Doubt","Demon Form+1","Apotheosis+1","Inflame","Spot Weakness+1","Twin Strike","Double Tap+1","Evolve+1","Inflame","J.A.X.","Cleave+1","Seeing Red+1"],"max_hp_per_floor":[80,80,80,80,80,80,80,80,80,80,80,80,80,80,80,80,80,80,80,80,80,80,80,80],"relics":["Burning Blood","NeowsBlessing","Pen Nib","Regal Pillow","Sozu"],"card_choices":[{"not_picked":["Armaments","Ghostly Armor"],"picked":"Power Through"},{"not_picked":["Rage","Twin Strike"],"picked":"Heavy Blade"},{"not_picked":["Clash","Spot Weakness"],"picked":"Inflame"},{"not_picked":["Sever Soul","Cleave"],"picked":"Spot Weakness"},{"not_picked":["Clothesline","True Grit"],"picked":"Twin Strike"},{"not_picked":["Barricade","Brutality"],"picked":"Double Tap"},{"not_picked":["Warcry","Blood for Blood"],"picked":"Evolve"},{"not_picked":["Anger","Pommel Strike"],"picked":"Inflame"},{"not_picked":["Anger","Hemokinesis"],"picked":"Cleave"},{"not_picked":["Inflame","Entrench"],"picked":"Seeing Red"}],"player_experience":160865,"potions_floor_usage":[14],"damage_taken":[{"damage":0,"enemies":"Jaw Worm","floor":1,"turns":1},{"damage":0,"enemies":"Small Slimes","floor":2,"turns":1},{"damage":0,"enemies":"Gremlin Nob","floor":7,"turns":1},{"damage":2,"enemies":"2 Louse","floor":11,"turns":3},{"damage":20,"enemies":"2 Fungi Beasts","floor":14,"turns":4},{"damage":48,"enemies":"Hexaghost","floor":16,"turns":6},{"damage":30,"enemies":"2 Thieves","floor":18,"turns":3},{"damage":23,"enemies":"Spheric Guardian","floor":19,"turns":5},{"damage":21,"enemies":"Centurion and Healer","floor":22,"turns":4},{"damage":59,"enemies":"Cultist and Chosen","floor":24,"turns":4},{"damage":16,"enemies":"Snake Plant","floor":25,"turns":1}],"event_choices":[{"event_name":"Liars Game","player_choice":"agreed","floor":3,"damage_taken":0},{"event_name":"Golden Wing","player_choice":"Gained Gold","floor":4,"damage_taken":0},{"event_name":"The Cleric","player_choice":"Leave","floor":10,"damage_taken":0},{"event_name":"Drug Dealer","player_choice":"Got JAXXED","floor":20,"damage_taken":0},{"event_name":"Accursed Blacksmith","player_choice":"Forge","floor":21,"damage_taken":0}],"boss_relics":[{"not_picked":["White Beast Statue","Runic Cube"],"picked":"Sozu"}],"potions_floor_spawned":[7,11,14,16,22],"seed_played":"-2266836433040929843","killed_by":"Snake Plant","ascension_level":0,"is_trial":false}