{"gold_per_floor":[117,117,117,117,117,117,158,196,208,220,232,268,280,317,329,341],"floor_reached":16,"playtime":784,"items_purged":[],"score":96,"play_id":"81ef7bbf-773f-4400-aa95-72d9e7238a36","local_time":"20190102082035","is_ascension_mode":false,"campfire_choices":[{"floor":6,"key":"REST"},{"floor":11,"key":"REST"},{"floor":15,"key":"REST"}],"neow_cost":"NONE","seed_source_timestamp":421545736985313,"circlet_count":0,"master_deck":["Strike_R+1","Strike_R+1","Strike_R","Strike_R","Defend_R","Defend_R","Defend_R","Defend_R","Bash","Dual Wield","Iron Wave+1","Anger","Seeing Red"],"relics":["Burning Blood","Bag of Preparation","Golden Idol","MawBank","Anchor","Potion Belt"],"potions_floor_usage":[16],"damage_taken":[{"damage":13,"enemies":"Jaw Worm","floor":1,"turns":3},{"damage":50,"enemies":"Gremlin Nob","floor":7,"turns":5},{"damage":8,"enemies":"2 Louse","floor":12,"turns":3},{"damage":0,"enemies":"Small Slimes","floor":14,"turns":2},{"damage":69,"enemies":"Slime Boss","floor":16,"turns":10}],"seed_played":"6541258383658812617","potions_obtained":[{"floor":1,"key":"GamblersBrew"}],"is_trial":false,"path_per_floor":["M","?","?","?","?","R","E","T","T","$","R","M","?","M","R","B"],"character_chosen":"IRONCLAD","items_purchased":[],"campfire_rested":3,"item_purchase_floors":[],"current_hp_per_floor":[73,73,57,50,30,54,10,10,10,10,34,32,32,38,62,0],"gold":341,"neow_bonus":"RANDOM_COMMON_RELIC","is_prod":false,"is_daily":false,"chose_seed":false,"campfire_upgraded":0,"win_rate":0.0,"timestamp":1546438835,"path_taken":["M","?","?","?","?","R","E","?","T","?","R","M","?","M","R","BOSS"],"build_version":"2018-12-20","purchased_purges":0,"victory":false,"max_hp_per_floor":[80,80,80,80,80,80,80,80,80,80,80,80,80,80,80,80],"card_choices":[{"not_picked":["Uppercut","Headbutt"],"picked":"Dual Wield","floor":1},{"not_picked":["Pommel Strike","Shrug It Off"],"picked":"Iron Wave","floor":7},{"not_picked":["Uppercut","Feel No Pain"],"picked":"Anger","floor":12},{"not_picked":["Armaments","Clothesline"],"picked":"Seeing Red","floor":14}],"player_experience":7615,"relics_obtained":[{"floor":7,"key":"MawBank"},{"floor":8,"key":"Anchor"},{"floor":9,"key":"Potion Belt"}],"event_choices":[{"damage_healed":0,"gold_gain":0,"player_choice":"Ignored","damage_taken":0,"max_hp_gain":0,"max_hp_loss":0,"event_name":"Liars Game","floor":2,"gold_loss":0},{"damage_healed":0,"gold_gain":0,"player_choice":"Entered Light","damage_taken":16,"max_hp_gain":0,"max_hp_loss":0,"event_name":"Shining Light","floor":3,"gold_loss":0,"cards_upgraded":["Strike_R","Strike_R"]},{"cards_removed":["Strike_R"],"damage_healed":0,"gold_gain":0,"player_choice":"Card Removal","damage_taken":7,"max_hp_gain":0,"max_hp_loss":0,"event_name":"Golden Wing","floor":4,"gold_loss":0},{"damage_healed":0,"gold_gain":0,"player_choice":"Take Damage","damage_taken":20,"relics_obtained":["Golden Idol"],"max_hp_gain":0,"max_hp_loss":0,"event_name":"Golden Idol","floor":5,"gold_loss":0},{"damage_healed":0,"gold_gain":0,"player_choice":"Grow","damage_taken":0,"max_hp_gain":0,"max_hp_loss":0,"event_name":"Living Wall","floor":13,"gold_loss":0,"cards_upgraded":["Iron Wave"]}],"is_beta":false,"boss_relics":[],"items_purged_floors":[],"is_endless":false,"potions_floor_spawned":[1],"killed_by":"Slime Boss","ascension_level":0}