{"gold_per_floor":[209,209,227,227,227,256,274,274,326,326,339,370,385,89,89,166,166,152,152,169,114,114,149,149,161,161,173,200,83,116,76,76,148,148,161,161,52,69,140,140,160,160,160,15,88,118,118,131,131,131],"floor_reached":51,"playtime":2384,"items_purged":["Normality"],"score":1455,"play_id":"fd3ce94a-84c9-4388-a456-54bf88ba1609","local_time":"20181019003635","is_ascension_mode":true,"campfire_choices":[{"data":"Blade Dance","floor":8,"key":"SMITH"},{"floor":10,"key":"REST"},{"data":"Caltrops","floor":15,"key":"SMITH"},{"data":"After Image","floor":24,"key":"SMITH"},{"floor":32,"key":"REST"},{"data":"Caltrops","floor":40,"key":"SMITH"},{"floor":42,"key":"REST"},{"floor":49,"key":"REST"}],"neow_cost":"NONE","seed_source_timestamp":56022625475804,"circlet_count":0,"master_deck":["Defend_G+1","Defend_G+1","Defend_G+1","Defend_G+1","Defend_G+1","Strike_G+1","Strike_G+1","Strike_G+1","Strike_G+1","Strike_G+1","Survivor","Neutralize+1","AscendersBane","Blade Dance+1","Caltrops+1","After Image+1","Terror","Caltrops+1","Backflip","Adrenaline","Backflip","Tools of the Trade","Caltrops","Caltrops+1","Concentrate","Tools of the Trade+1","Regret","Writhe","Caltrops+1","After Image+1"],"relics":["Ring of the Snake","Happy Flower","FossilizedHelix","Singing Bowl","Whetstone","Boot","Lee\u0027s Waffle","Runic Dome","Tiny Chest","Sundial","Dead Branch","Strawberry","Frozen Egg 2","Calling Bell","Vajra","Ornamental Fan","Incense Burner","Ninja Scroll","Pear","Oddly Smooth Stone","The Courier","Regal Pillow","Gremlin Horn"],"potions_floor_usage":[16,23,30,33,33,50],"damage_taken":[{"damage":6,"enemies":"2 Louse","floor":1,"turns":3},{"damage":2,"enemies":"Small Slimes","floor":3,"turns":4},{"damage":29,"enemies":"3 Sentries","floor":6,"turns":10},{"damage":0,"enemies":"Jaw Worm","floor":7,"turns":4},{"damage":2,"enemies":"3 Louse","floor":11,"turns":3},{"damage":9,"enemies":"Gremlin Nob","floor":12,"turns":5},{"damage":0,"enemies":"Large Slime","floor":13,"turns":6},{"damage":0,"enemies":"Slime Boss","floor":16,"turns":9},{"damage":0,"enemies":"2 Thieves","floor":18,"turns":4},{"damage":0,"enemies":"Spheric Guardian","floor":20,"turns":3},{"damage":10,"enemies":"Slavers","floor":23,"turns":5},{"damage":15,"enemies":"Shelled Parasite and Fungi","floor":25,"turns":4},{"damage":0,"enemies":"Snake Plant","floor":27,"turns":3},{"damage":16,"enemies":"Gremlin Leader","floor":28,"turns":6},{"damage":11,"enemies":"Book of Stabbing","floor":30,"turns":4},{"damage":0,"enemies":"Collector","floor":33,"turns":11},{"damage":7,"enemies":"3 Shapes","floor":35,"turns":8},{"damage":1,"enemies":"3 Darklings","floor":38,"turns":5},{"damage":65,"enemies":"Transient","floor":41,"turns":5},{"damage":28,"enemies":"Nemesis","floor":46,"turns":9},{"damage":0,"enemies":"4 Shapes","floor":48,"turns":4},{"damage":79,"enemies":"Time Eater","floor":50,"turns":17}],"seed_played":"-6423988055710127373","potions_obtained":[{"floor":3,"key":"LiquidBronze"},{"floor":6,"key":"Ancient Potion"},{"floor":12,"key":"Fire Potion"},{"floor":18,"key":"Fire Potion"},{"floor":28,"key":"SkillPotion"},{"floor":30,"key":"FearPotion"},{"floor":38,"key":"Strength Potion"}],"is_trial":false,"path_per_floor":["M","?","M","?","?","E","M","R","T","R","M","E","M","$","R","B",null,"M","?","M","?","$","E","R","M","T","M","E","$","E","?","R","B",null,"M","?","$","M","T","R","M","R","T","$","T","E","T","M","R","B"],"character_chosen":"THE_SILENT","items_purchased":["Caltrops","Lee\u0027s Waffle","Backflip","Concentrate","Dexterity Potion","Caltrops+1","Oddly Smooth Stone"],"campfire_rested":4,"item_purchase_floors":[14,14,14,29,29,37,44],"current_hp_per_floor":[57,50,48,48,48,21,23,23,23,45,43,36,36,83,83,83,83,83,83,85,85,85,75,75,62,62,62,53,53,44,44,72,72,90,85,85,85,86,86,86,23,53,63,63,63,37,37,37,86,7],"gold":131,"neow_bonus":"HUNDRED_GOLD","is_prod":false,"is_daily":false,"chose_seed":false,"campfire_upgraded":4,"win_rate":0,"timestamp":1539923795,"path_taken":["M","?","M","?","?","E","M","R","T","R","M","E","M","$","R","BOSS","M","?","?","?","$","E","R","M","T","?","E","$","E","?","R","BOSS","M","?","?","M","?","R","M","R","T","?","?","E","?","?","R","BOSS"],"build_version":"2018-10-18","purchased_purges":1,"victory":true,"max_hp_per_floor":[70,70,70,70,70,72,74,74,74,74,74,76,76,83,83,83,83,83,83,85,85,85,85,85,87,87,87,94,94,96,96,96,96,96,98,98,98,100,100,100,102,102,112,112,112,114,114,114,114,114],"card_choices":[{"not_picked":["Flying Knee","Backflip"],"picked":"Blade Dance","floor":1},{"not_picked":["Riddle With Holes","Escape Plan"],"picked":"Caltrops","floor":3},{"not_picked":["Finisher","All Out Attack","Expertise"],"picked":"Singing Bowl","floor":6},{"not_picked":["Backflip","Outmaneuver","Dagger Spray"],"picked":"Singing Bowl","floor":7},{"not_picked":["Footwork","Masterful Stab"],"picked":"After Image","floor":11},{"not_picked":["Deflect","Quick Slash","Dodge and Roll"],"picked":"Singing Bowl","floor":12},{"not_picked":["Choke","Tactician"],"picked":"Terror","floor":13},{"not_picked":["Tools of the Trade","Wraith Form v2"],"picked":"Adrenaline","floor":16},{"not_picked":["Acrobatics","Prepared+1"],"picked":"Backflip","floor":18},{"not_picked":["Flying Knee","Acrobatics","Sucker Punch"],"picked":"Singing Bowl","floor":20},{"not_picked":["Eviscerate","Reflex"],"picked":"Tools of the Trade","floor":23},{"not_picked":["Calculated Gamble","Dagger Throw+1","Riddle With Holes"],"picked":"Singing Bowl","floor":25},{"not_picked":["Slice","Blade Dance"],"picked":"Caltrops","floor":27},{"not_picked":["Slice","Blur"],"picked":"Caltrops","floor":28},{"not_picked":["Quick Slash","Deflect","Prepared"],"picked":"Singing Bowl","floor":30},{"not_picked":["Malaise","Unload"],"picked":"Tools of the Trade+1","floor":33},{"not_picked":["Quick Slash","Bouncing Flask","Dagger Throw"],"picked":"Singing Bowl","floor":35},{"not_picked":["Prepared","Expertise","Quick Slash+1"],"picked":"Singing Bowl","floor":38},{"not_picked":["Calculated Gamble","Sucker Punch","Blade Dance"],"picked":"Singing Bowl","floor":41},{"not_picked":["Flying Knee","Acrobatics","Concentrate"],"picked":"Singing Bowl","floor":46},{"not_picked":["PiercingWail+1","Flying Knee"],"picked":"After Image+1","floor":48}],"player_experience":372115,"relics_obtained":[{"floor":6,"key":"Singing Bowl"},{"floor":9,"key":"Whetstone"},{"floor":12,"key":"Boot"},{"floor":23,"key":"Sundial"},{"floor":26,"key":"Dead Branch"},{"floor":28,"key":"Strawberry"},{"floor":30,"key":"Frozen Egg 2"},{"floor":34,"key":"Vajra"},{"floor":34,"key":"Ornamental Fan"},{"floor":34,"key":"Incense Burner"},{"floor":39,"key":"Ninja Scroll"},{"floor":43,"key":"Pear"},{"floor":45,"key":"The Courier"},{"floor":46,"key":"Regal Pillow"},{"floor":47,"key":"Gremlin Horn"}],"event_choices":[{"damage_healed":0,"gold_gain":0,"player_choice":"Success","damage_taken":7,"relics_obtained":["Happy Flower"],"max_hp_gain":0,"max_hp_loss":0,"event_name":"Scrap Ooze","floor":2,"gold_loss":0},{"damage_healed":0,"gold_gain":0,"player_choice":"Grow","damage_taken":0,"max_hp_gain":0,"max_hp_loss":0,"event_name":"Living Wall","floor":4,"gold_loss":0,"cards_upgraded":["Caltrops"]},{"damage_healed":0,"gold_gain":0,"player_choice":"Gave Potion","damage_taken":0,"relics_obtained":["FossilizedHelix"],"max_hp_gain":0,"max_hp_loss":0,"event_name":"WeMeetAgain","floor":5,"gold_loss":0},{"damage_healed":0,"gold_gain":0,"player_choice":"Simplicity","damage_taken":0,"max_hp_gain":0,"max_hp_loss":0,"event_name":"Back to Basics","floor":19,"gold_loss":0,"cards_upgraded":["Defend_G","Defend_G","Defend_G","Defend_G","Defend_G","Strike_G","Strike_G","Strike_G","Strike_G"]},{"damage_healed":0,"gold_gain":0,"player_choice":"Obtained Relic","damage_taken":0,"relics_obtained":["Tiny Chest"],"max_hp_gain":0,"max_hp_loss":0,"event_name":"Addict","floor":21,"gold_loss":85},{"damage_healed":0,"gold_gain":0,"player_choice":"Bought 3 Potions","damage_taken":0,"max_hp_gain":0,"max_hp_loss":0,"event_name":"The Woman in Blue","floor":31,"gold_loss":0},{"damage_healed":0,"gold_gain":0,"player_choice":"Ignored","damage_taken":0,"max_hp_gain":0,"max_hp_loss":0,"event_name":"Tomb of Lord Red Mask","floor":36,"gold_loss":0}],"is_beta":true,"boss_relics":[{"not_picked":["Black Star","Eternal Feather"],"picked":"Runic Dome"},{"not_picked":["Lizard Tail","Runic Pyramid"],"picked":"Calling Bell"}],"items_purged_floors":[37],"is_endless":false,"potions_floor_spawned":[3,6,12,18,28,30,38],"ascension_level":13}