{"path_per_floor":["M","?","?","$","M","E","M","R","T","E","?","E","M","T","R","B",null,"M","?","M","$","M","R","$","E","T","R","M","?","?","M","R","B",null,"M","?","T","M","M","R","M","?","T","?","?","R","?","E","R","B"],"character_chosen":"IRONCLAD","items_purchased":["Corruption","Strength Potion","Sadistic Nature","Spot Weakness"],"gold_per_floor":[117,90,90,2,22,56,67,67,93,121,121,155,169,169,169,269,269,269,269,269,81,81,81,10,10,10,10,10,10,10,10,10,10,10,10,10,10,10,10,10,10,10,10,10,10,10,10,10,10,10],"floor_reached":51,"campfire_rested":3,"playtime":2916,"current_hp_per_floor":[79,79,79,79,76,72,75,75,75,65,53,57,55,55,80,28,80,72,75,76,76,79,79,79,56,56,56,55,40,40,45,85,49,85,79,79,79,65,65,65,64,64,64,85,85,85,85,23,63,81],"items_purged":[],"gold":10,"score":711,"play_id":"acc2ee83-99ee-4df6-9594-d2d7a6ef9ea2","local_time":"20180306002239","is_prod":false,"is_daily":false,"is_ascension_mode":false,"campfire_upgraded":5,"timestamp":1520313759,"path_taken":["M","?","?","$","?","E","M","R","T","E","?","E","M","?","R","BOSS","M","?","M","$","?","R","$","E","T","R","M","?","?","M","R","BOSS","M","?","?","M","M","R","M","?","T","?","?","R","?","E","R","BOSS"],"build_version":"2018-03-02-BETA2","purchased_purges":0,"victory":true,"master_deck":["Strike_R","Strike_R","Strike_R","Strike_R","Strike_R","Defend_R+1","Defend_R+1","Defend_R","Bash+1","Spot Weakness+1","Corruption+1","Uppercut","Clothesline+1","Infernal Blade","Intimidate","Ghostly Armor","Limit Break","Warcry+1","Rupture","Flex","Sadistic Nature+1","Cleave+1","Spot Weakness","Thunderclap","Pommel Strike","Heavy Blade+1","Barricade","True Grit+1","Clothesline","Shrug It Off+1","Power Through+1","Writhe","Thunderclap","Thunderclap"],"max_hp_per_floor":[80,80,80,80,80,80,80,80,80,80,80,80,80,80,80,80,80,80,80,80,80,80,80,80,80,80,80,80,85,85,85,85,85,85,85,85,85,85,85,85,85,85,85,85,85,85,85,85,85,85],"relics":["Burning Blood","Champion Belt","Orichalcum","Regal Pillow","Pantograph","War Paint","Bag of Preparation","Torii","Ectoplasm","Red Mask","Juzu Bracelet","Whetstone","Velvet Choker","Pen Nib","Happy Flower","Magic Flower","Mummified Hand"],"card_choices":[{"not_picked":["Evolve","Body Slam"],"picked":"Spot Weakness"},{"not_picked":["Twin Strike","Headbutt"],"picked":"Uppercut"},{"not_picked":["Second Wind","Fire Breathing"],"picked":"Clothesline"},{"not_picked":["Fire Breathing","Headbutt"],"picked":"Infernal Blade"},{"not_picked":["Pummel","Cleave"],"picked":"Intimidate"},{"not_picked":["Rampage","Perfected Strike"],"picked":"Ghostly Armor"},{"not_picked":["Juggernaut","Impervious"],"picked":"Limit Break"},{"not_picked":["Pommel Strike","Anger"],"picked":"Warcry"},{"not_picked":["Combust","Fire Breathing"],"picked":"Rupture"},{"not_picked":["True Grit","Anger"],"picked":"Flex"},{"not_picked":["Havoc","Iron Wave"],"picked":"Cleave"},{"not_picked":["Fire Breathing","Barricade"],"picked":"Thunderclap"},{"not_picked":["Searing Blow","Wild Strike"],"picked":"Pommel Strike"},{"not_picked":["Iron Wave","Evolve"],"picked":"Heavy Blade"},{"not_picked":["Limit Break","Immolate"],"picked":"Barricade"},{"not_picked":["Sever Soul","Carnage"],"picked":"True Grit"},{"not_picked":["Fire Breathing","Iron Wave"],"picked":"Clothesline"},{"not_picked":["Sever Soul","Anger"],"picked":"Shrug It Off"},{"not_picked":["Body Slam","Searing Blow"],"picked":"Power Through"},{"not_picked":["Infernal Blade","Twin Strike"],"picked":"Thunderclap"},{"not_picked":["Cleave","Perfected Strike"],"picked":"Thunderclap"}],"player_experience":57592,"potions_floor_usage":[5,6,10,12,16,18,28,33,45,50,50,50],"damage_taken":[{"damage":7,"enemies":"Jaw Worm","floor":1,"turns":4},{"damage":9,"enemies":"Small Slimes","floor":5,"turns":4},{"damage":10,"enemies":"Gremlin Nob","floor":6,"turns":3},{"damage":3,"enemies":"2 Louse","floor":7,"turns":2},{"damage":16,"enemies":"Lagavulin","floor":10,"turns":5},{"damage":2,"enemies":"3 Sentries","floor":12,"turns":5},{"damage":8,"enemies":"Exordium Wildlife","floor":13,"turns":4},{"damage":58,"enemies":"Slime Boss","floor":16,"turns":14},{"damage":14,"enemies":"Chosen","floor":18,"turns":6},{"damage":3,"enemies":"Masked Bandits","floor":19,"turns":4},{"damage":5,"enemies":"Spheric Guardian","floor":20,"turns":5},{"damage":3,"enemies":"Snake Plant","floor":22,"turns":5},{"damage":29,"enemies":"Gremlin Leader","floor":25,"turns":7},{"damage":7,"enemies":"Chosen and Byrds","floor":28,"turns":4},{"damage":1,"enemies":"Centurion and Healer","floor":31,"turns":5},{"damage":42,"enemies":"Automaton","floor":33,"turns":8},{"damage":12,"enemies":"Orb Walker","floor":35,"turns":4},{"damage":20,"enemies":"3 Shapes","floor":38,"turns":6},{"damage":6,"enemies":"Maw","floor":39,"turns":6},{"damage":7,"enemies":"Spire Growth","floor":41,"turns":4},{"damage":2,"enemies":"Mysterious Sphere","floor":45,"turns":4},{"damage":71,"enemies":"Giant Head","floor":48,"turns":11},{"damage":13,"enemies":"Time Eater","floor":50,"turns":11}],"event_choices":[{"event_name":"World of Goop","player_choice":"Left","floor":2,"damage_taken":0},{"event_name":"The Cleric","player_choice":"Leave","floor":3,"damage_taken":0},{"event_name":"Scrap Ooze","player_choice":"success","floor":11,"damage_taken":12},{"event_name":"Masked Bandits","player_choice":"Fought over 269 gold","floor":19,"damage_taken":0},{"event_name":"Forgotten Altar","player_choice":"Shed Blood","floor":29,"damage_taken":0},{"event_name":"Back to Basics","player_choice":"Elegance","floor":30,"damage_taken":0},{"event_name":"Tomb of Lord Red Mask","player_choice":"Ignored","floor":36,"damage_taken":0},{"event_name":"Bonfire Elementals","player_choice":"BASIC","floor":42,"damage_taken":0},{"event_name":"Winding Halls","player_choice":"Writhe","floor":44,"damage_taken":0},{"event_name":"Mysterious Sphere","player_choice":"Fight","floor":45,"damage_taken":0},{"event_name":"The Lab","player_choice":"Got Potions","floor":47,"damage_taken":0}],"boss_relics":[{"not_picked":["Question Card","Cursed Key"],"picked":"Ectoplasm"},{"not_picked":["White Beast Statue","Tiny House"],"picked":"Velvet Choker"}],"potions_floor_spawned":[1,5,6,13,16,22,25,31,35,39,41],"seed_played":"1182823714067524692","ascension_level":0,"is_trial":false}