{"gold_per_floor":[218,299,311,37,48,48,75,75,123,123,158,176,190,201,201,299,299,318,318,337,124,124,34,51,84,84,102,134,134,147,159,159,261,261,274,124,176,176,186,186,203,203,230,230,230,262,276,286,286,286],"floor_reached":50,"playtime":3154,"items_purged":["Strike_B+1"],"score":812,"play_id":"65002f4e-1951-4bc4-b850-01fd1b9571c4","local_time":"20190403140139","is_ascension_mode":true,"campfire_choices":[{"data":"Defragment","floor":6,"key":"SMITH"},{"data":"Zap","floor":8,"key":"SMITH"},{"data":"Dash","floor":15,"key":"SMITH"},{"floor":32,"key":"REST"},{"data":"Loop","floor":40,"key":"SMITH"},{"data":"Wraith Form v2","floor":42,"key":"SMITH"},{"data":"Loop","floor":45,"key":"SMITH"},{"floor":49,"key":"RECALL"}],"neow_cost":"NONE","seed_source_timestamp":1605257895244977,"circlet_count":0,"master_deck":["AscendersBane","Strike_B+1","Strike_B+1","Defend_B+1","Defend_B+1","Defend_B+1","Defend_B+1","Zap+1","Defragment+1","Capacitor","Well Laid Plans","Dash+1","Coolheaded","Shrug It Off","Go for the Eyes+1","Loop+1","Clothesline","Iron Wave","Wraith Form v2+1","Flash of Steel+1","Loop+1","Headbutt","Reinforced Body+1","Regret","Flash of Steel+1"],"relics":["Cracked Core","Meat on the Bone","PrismaticShard","Pen Nib","Orichalcum","Pantograph","Nuclear Battery","Bronze Scales","Dodecahedron","DataDisk","Juzu Bracelet","Cursed Key","Turnip","Strawberry","PreservedInsect"],"potions_floor_usage":[28,33,33,46],"damage_taken":[{"damage":0,"enemies":"Cultist","floor":1,"turns":4},{"damage":1,"enemies":"2 Louse","floor":3,"turns":3},{"damage":0,"enemies":"Small Slimes","floor":5,"turns":2},{"damage":22,"enemies":"Gremlin Nob","floor":7,"turns":4},{"damage":24,"enemies":"3 Sentries","floor":11,"turns":7},{"damage":0,"enemies":"2 Fungi Beasts","floor":12,"turns":3},{"damage":9,"enemies":"Exordium Thugs","floor":13,"turns":6},{"damage":0,"enemies":"Large Slime","floor":14,"turns":5},{"damage":34,"enemies":"Hexaghost","floor":16,"turns":11},{"damage":9,"enemies":"3 Byrds","floor":18,"turns":6},{"damage":4,"enemies":"Chosen","floor":20,"turns":5},{"damage":19,"enemies":"Sentry and Sphere","floor":24,"turns":5},{"damage":11,"enemies":"Book of Stabbing","floor":25,"turns":5},{"damage":8,"enemies":"Snecko","floor":27,"turns":5},{"damage":25,"enemies":"Slavers","floor":28,"turns":5},{"damage":13,"enemies":"Shelled Parasite and Fungi","floor":30,"turns":6},{"damage":5,"enemies":"Snake Plant","floor":31,"turns":4},{"damage":9,"enemies":"Champ","floor":33,"turns":10},{"damage":0,"enemies":"3 Shapes","floor":35,"turns":7},{"damage":59,"enemies":"2 Orb Walkers","floor":37,"turns":7},{"damage":1,"enemies":"Orb Walker","floor":39,"turns":3},{"damage":5,"enemies":"Spire Growth","floor":41,"turns":6},{"damage":24,"enemies":"Nemesis","floor":46,"turns":9},{"damage":8,"enemies":"Maw","floor":47,"turns":7},{"damage":8,"enemies":"Sphere and 2 Shapes","floor":48,"turns":6},{"damage":69,"enemies":"Awakened One","floor":50,"turns":5}],"seed_played":"-3555071357836433644","potions_obtained":[{"floor":5,"key":"Energy Potion"},{"floor":25,"key":"Fire Potion"},{"floor":31,"key":"Strength Potion"},{"floor":39,"key":"Energy Potion"},{"floor":41,"key":"Swift Potion"},{"floor":47,"key":"GamblersBrew"}],"is_trial":false,"path_per_floor":["T","?","?","?","?","M","?","?","?","?"],"character_chosen":"DEFECT","items_purchased":["PrismaticShard","FocusPotion","Bronze Scales","Loop","Loop"],"campfire_rested":1,"item_purchase_floors":[4,4,21,21,36],"current_hp_per_floor":[68,68,67,67,67,67,45,45,45,30,18,30,33,45,45,48,68,59,59,55,55,55,55,48,49,49,41,28,14,13,20,44,60,75,75,75,28,70,69,69,64,64,71,71,71,47,39,43,43,0],"gold":286,"neow_bonus":"HUNDRED_GOLD","is_prod":false,"is_daily":false,"chose_seed":false,"campfire_upgraded":6,"win_rate":0,"timestamp":1554314499,"path_taken":["M","?","M","$","M","R","E","R","T","?","E","M","M","M","R","BOSS","M","?","M","$","?","?","M","E","T","?","E","?","M","M","R","BOSS","M","$","?","?","M","R","M","R","T","?","R","E","M","M","R","BOSS"],"build_version":"2019-01-23","purchased_purges":1,"victory":false,"max_hp_per_floor":[75,75,75,75,75,75,75,75,75,75,75,75,75,75,75,75,75,75,75,75,75,75,75,75,75,75,75,75,80,80,80,80,80,80,80,80,80,70,70,70,70,70,77,77,77,77,77,77,77,77],"card_choices":[{"not_picked":["Stack","Loop"],"picked":"Defragment","floor":1},{"not_picked":["Beam Cell","Rebound"],"picked":"Capacitor","floor":3},{"not_picked":["Slice","Jack Of All Trades"],"picked":"Well Laid Plans","floor":5},{"not_picked":["Heel Hook","Deflect","Gash"],"picked":"SKIP","floor":7},{"not_picked":["Warcry","Cleave","Perfected Strike"],"picked":"SKIP","floor":11},{"not_picked":["Finisher","Flex"],"picked":"Dash","floor":12},{"not_picked":["HandOfGreed","Shrug It Off"],"picked":"Coolheaded","floor":13},{"not_picked":["Forethought","Calculated Gamble"],"picked":"Shrug It Off","floor":14},{"not_picked":["Scrape","Cleave"],"picked":"Go for the Eyes+1","floor":18},{"not_picked":["Seeing Red","Dash","Entrench+1"],"picked":"SKIP","floor":20},{"not_picked":["Tactician+1","Clash","Go for the Eyes"],"picked":"SKIP","floor":24},{"not_picked":["Enlightenment","Cleave+1"],"picked":"Clothesline","floor":25},{"not_picked":["Sword Boomerang","Body Slam","Lockon"],"picked":"SKIP","floor":27},{"not_picked":["Compile Driver","Sword Boomerang","Lockon+1"],"picked":"SKIP","floor":28},{"not_picked":["Heavy Blade","Armaments","Warcry"],"picked":"SKIP","floor":30},{"not_picked":["Distraction","Meteor Strike"],"picked":"Iron Wave","floor":31},{"not_picked":["Fission","Sadistic Nature"],"picked":"Wraith Form v2","floor":33},{"not_picked":["Reprogram+1","Poisoned Stab+1"],"picked":"Flash of Steel+1","floor":35},{"not_picked":["Cleave+1","Inflame"],"picked":"Headbutt","floor":37},{"not_picked":["Tactician","Twin Strike"],"picked":"Reinforced Body+1","floor":39},{"not_picked":["Anger","Acrobatics+1","Dagger Throw+1"],"picked":"SKIP","floor":41},{"not_picked":["Rip and Tear","Acrobatics+1"],"picked":"Flash of Steel+1","floor":46},{"not_picked":["Rampage+1","Underhanded Strike+1","Clash"],"picked":"SKIP","floor":47},{"not_picked":["Deadly Poison","Dagger Throw","Gash"],"picked":"SKIP","floor":48}],"player_experience":1421733,"relics_obtained":[{"floor":2,"key":"Meat on the Bone"},{"floor":7,"key":"Pen Nib"},{"floor":9,"key":"Orichalcum"},{"floor":11,"key":"Pantograph"},{"floor":25,"key":"DataDisk"},{"floor":28,"key":"Juzu Bracelet"},{"floor":37,"key":"Turnip"},{"floor":43,"key":"Strawberry"},{"floor":46,"key":"PreservedInsect"}],"event_choices":[{"damage_healed":0,"gold_gain":0,"player_choice":"Entered Light","damage_taken":15,"max_hp_gain":0,"max_hp_loss":0,"event_name":"Shining Light","floor":10,"gold_loss":0,"cards_upgraded":["Defend_B","Defend_B"]},{"damage_healed":0,"gold_gain":0,"player_choice":"Simplicity","damage_taken":0,"max_hp_gain":0,"max_hp_loss":0,"event_name":"Back to Basics","floor":19,"gold_loss":0,"cards_upgraded":["Strike_B","Strike_B","Strike_B","Strike_B","Defend_B","Defend_B"]},{"damage_healed":0,"gold_gain":0,"player_choice":"Opened","damage_taken":0,"relics_obtained":["Dodecahedron"],"max_hp_gain":0,"max_hp_loss":0,"event_name":"The Mausoleum","floor":22,"gold_loss":0},{"cards_removed":["Strike_B"],"damage_healed":0,"gold_gain":0,"player_choice":"Upgrade and Remove","damage_taken":0,"max_hp_gain":0,"max_hp_loss":0,"event_name":"Designer","floor":23,"gold_loss":90,"cards_upgraded":["Dualcast"]},{"damage_healed":0,"gold_gain":0,"player_choice":"Shed Blood","damage_taken":19,"max_hp_gain":5,"max_hp_loss":0,"event_name":"Forgotten Altar","floor":29,"gold_loss":0},{"damage_healed":0,"gold_gain":0,"player_choice":"Fight","damage_taken":0,"max_hp_gain":0,"max_hp_loss":0,"event_name":"Mysterious Sphere","floor":37,"gold_loss":0},{"damage_healed":70,"gold_gain":0,"player_choice":"Heal","damage_taken":0,"max_hp_gain":0,"max_hp_loss":10,"event_name":"The Moai Head","floor":38,"gold_loss":0},{"cards_removed":["Dualcast"],"damage_healed":0,"gold_gain":0,"player_choice":"Removed Skill","damage_taken":0,"max_hp_gain":0,"max_hp_loss":0,"event_name":"Falling","floor":44,"gold_loss":0}],"is_beta":false,"boss_relics":[{"not_picked":["Eternal Feather","Inserter"],"picked":"Nuclear Battery"},{"not_picked":["Coffee Dripper","Runic Dome"],"picked":"Cursed Key"}],"items_purged_floors":[36],"is_endless":false,"potions_floor_spawned":[5,7,11,14,20,25,27,31,39,41,47,48],"killed_by":"Awakened One","ascension_level":11}