{"gold_per_floor":[115,80,80,91,91,91,91,121,121,121,121,131,150,59,59,158,158,158,9,9,9,9,9,9,9,9,9,9,9,9,9,9,9],"floor_reached":33,"playtime":981,"items_purged":[],"score":390,"play_id":"36808b12-baaa-4507-a11e-6e640bf5cc74","local_time":"20181027153105","is_ascension_mode":true,"campfire_choices":[{"data":"Bash","floor":6,"key":"SMITH"},{"floor":10,"key":"REST"},{"data":"Rampage","floor":15,"key":"SMITH"},{"data":"Shrug It Off","floor":24,"key":"SMITH"},{"floor":28,"key":"REST"},{"data":"Armaments","floor":30,"key":"SMITH"},{"floor":32,"key":"REST"}],"neow_cost":"PERCENT_DAMAGE","seed_source_timestamp":1460578299524840,"circlet_count":0,"master_deck":["Strike_R","Strike_R","Strike_R","Strike_R","Strike_R","Defend_R","Defend_R","Defend_R+1","Defend_R+1","Bash+1","Sword Boomerang","Power Through+1","Spot Weakness+1","True Grit","Heavy Blade","Rampage+1","Shrug It Off+1","Bludgeon","Perfected Strike+1","Feel No Pain","Entrench+1","Armaments+1","Body Slam+1","Flex+1"],"relics":["Burning Blood","NlothsMask","WingedGreaves","War Paint","Ectoplasm","Blood Vial","Regal Pillow","Molten Egg 2","Unceasing Top"],"potions_floor_usage":[16,16,22,23,23,27,31],"damage_taken":[{"damage":8,"enemies":"2 Louse","floor":1,"turns":4},{"damage":15,"enemies":"Small Slimes","floor":4,"turns":3},{"damage":37,"enemies":"Lagavulin","floor":8,"turns":9},{"damage":0,"enemies":"Cultist","floor":12,"turns":3},{"damage":6,"enemies":"Blue Slaver","floor":13,"turns":4},{"damage":28,"enemies":"Slime Boss","floor":16,"turns":8},{"damage":11,"enemies":"Spheric Guardian","floor":18,"turns":4},{"damage":7,"enemies":"Chosen","floor":22,"turns":4},{"damage":31,"enemies":"Gremlin Leader","floor":23,"turns":5},{"damage":10,"enemies":"Snecko","floor":25,"turns":4},{"damage":49,"enemies":"Slavers","floor":27,"turns":6},{"damage":41,"enemies":"Centurion and Healer","floor":31,"turns":10},{"damage":115,"enemies":"Champ","floor":33,"turns":11}],"seed_played":"7508875797328593952","potions_obtained":[{"floor":1,"key":"PowerPotion"},{"floor":8,"key":"LiquidBronze"},{"floor":13,"key":"GamblersBrew"},{"floor":16,"key":"Strength Potion"},{"floor":18,"key":"Regen Potion"},{"floor":23,"key":"SmokeBomb"},{"floor":25,"key":"Strength Potion"},{"floor":27,"key":"Swift Potion"}],"is_trial":false,"path_per_floor":["M","?","?","M","?","R","?","E","T","R","?","M","M","$","R","B",null,"M","$","?","?","M","E","R","M","T","E","R","$","R","M","R"],"character_chosen":"IRONCLAD","items_purchased":["Rampage","Shrug It Off","Blood Vial"],"campfire_rested":3,"item_purchase_floors":[14,14,19],"current_hp_per_floor":[65,89,89,80,80,80,68,37,37,65,65,71,71,71,71,49,84,79,79,96,77,90,67,67,65,65,24,69,69,69,36,81,0],"gold":9,"neow_bonus":"TWENTY_PERCENT_HP_BONUS","is_prod":false,"is_daily":false,"chose_seed":false,"campfire_upgraded":4,"win_rate":0,"timestamp":1540675865,"path_taken":["M","?","?","M","?","R","?","E","T","R","?","M","?","?","R","BOSS","M","$","?","?","M","E","R","M","T","E","R","?","R","M","R","BOSS"],"build_version":"2018-10-25v2","purchased_purges":0,"victory":false,"max_hp_per_floor":[96,96,96,96,96,96,96,96,96,96,96,96,96,96,96,96,96,96,96,96,101,101,101,101,101,101,101,101,101,101,101,101,101],"card_choices":[{"not_picked":["Entrench","Feel No Pain"],"picked":"Sword Boomerang","floor":1},{"not_picked":["Sword Boomerang","Sever Soul"],"picked":"Power Through","floor":4},{"not_picked":["Shrug It Off","Clothesline"],"picked":"Spot Weakness","floor":8},{"not_picked":["Pommel Strike","Infernal Blade"],"picked":"True Grit","floor":12},{"not_picked":["Iron Wave","Seeing Red"],"picked":"Heavy Blade","floor":13},{"not_picked":["Feed","Berserk"],"picked":"Bludgeon","floor":16},{"not_picked":["Spot Weakness+1","Battle Trance"],"picked":"Perfected Strike+1","floor":18},{"not_picked":["Corruption","Carnage+1"],"picked":"Feel No Pain","floor":22},{"not_picked":["Hemokinesis+1","Clash"],"picked":"Entrench+1","floor":23},{"not_picked":["Spot Weakness","Ghostly Armor"],"picked":"Armaments","floor":25},{"not_picked":["Shrug It Off","Perfected Strike+1"],"picked":"Body Slam+1","floor":27},{"not_picked":["Corruption","Feel No Pain+1"],"picked":"Flex+1","floor":31}],"player_experience":907613,"relics_obtained":[{"floor":8,"key":"War Paint"},{"floor":23,"key":"Regal Pillow"},{"floor":26,"key":"Molten Egg 2"},{"floor":27,"key":"Unceasing Top"}],"event_choices":[{"damage_healed":24,"gold_gain":0,"player_choice":"Healed","damage_taken":0,"max_hp_gain":0,"max_hp_loss":0,"event_name":"The Cleric","floor":2,"gold_loss":35},{"damage_healed":0,"gold_gain":0,"player_choice":"Trade","damage_taken":0,"relics_obtained":["NlothsMask"],"max_hp_gain":0,"max_hp_loss":0,"event_name":"FaceTrader","floor":3,"gold_loss":0},{"damage_healed":0,"gold_gain":0,"player_choice":"Grow","damage_taken":0,"max_hp_gain":0,"max_hp_loss":0,"event_name":"Living Wall","floor":5,"gold_loss":0,"cards_upgraded":["Power Through"]},{"damage_healed":0,"gold_gain":0,"player_choice":"Success","damage_taken":12,"relics_obtained":["WingedGreaves"],"max_hp_gain":0,"max_hp_loss":0,"event_name":"Scrap Ooze","floor":7,"gold_loss":0},{"damage_healed":0,"gold_gain":0,"player_choice":"Upgraded","damage_taken":0,"max_hp_gain":0,"max_hp_loss":0,"event_name":"Upgrade Shrine","floor":11,"gold_loss":0,"cards_upgraded":["Spot Weakness"]},{"damage_healed":17,"gold_gain":0,"player_choice":"Full Heal","damage_taken":0,"max_hp_gain":0,"max_hp_loss":0,"event_name":"Wheel of Change","floor":20,"gold_loss":0},{"damage_healed":0,"gold_gain":0,"player_choice":"Shed Blood","damage_taken":24,"max_hp_gain":5,"max_hp_loss":0,"event_name":"Forgotten Altar","floor":21,"gold_loss":0}],"is_beta":false,"boss_relics":[{"not_picked":["Runic Pyramid","Runic Dome"],"picked":"Ectoplasm"}],"items_purged_floors":[],"is_endless":false,"potions_floor_spawned":[1,8,13,16,18,23,25,27],"killed_by":"Champ","ascension_level":6}