{"gold_per_floor":[10,23,39,39,54,54,88,104,104,123,142,142,155,98,98,198,198,208,234,252,96,96,126,140,173,198,53,53,3,18,35,35,35],"floor_reached":33,"playtime":1096,"items_purged":["Capacitor"],"score":349,"play_id":"5176f7fb-9924-482e-a55b-f665ef98441b","local_time":"20181111213548","is_ascension_mode":true,"campfire_choices":[{"data":"Gash","floor":6,"key":"SMITH"},{"data":"Streamline","floor":12,"key":"SMITH"},{"floor":15,"key":"REST"},{"floor":28,"key":"REST"},{"floor":32,"key":"REST"}],"neow_cost":"NO_GOLD","seed_source_timestamp":305478409409319,"circlet_count":0,"master_deck":["Zap","Dualcast","All For One","Hologram+1","White Noise","Gash+1","Streamline+1","Conserve Battery","Loop","BootSequence","All For One","Beam Cell","Streamline","Steam","Glacier","Barrage","Beam Cell","White Noise","Barrage","Conserve Battery+1","Force Field","Beam Cell","Trip","Hologram","J.A.X.","Auto Shields","Reinforced Body","Turbo"],"relics":["Cracked Core","Orichalcum","Emotion Chip","Blue Candle","Pandora\u0027s Box","Red Mask","Unceasing Top","Bronze Scales","Smiling Mask","Happy Flower"],"potions_floor_usage":[7,10,18,24,25,33],"damage_taken":[{"damage":0,"enemies":"Small Slimes","floor":1,"turns":3},{"damage":3,"enemies":"Cultist","floor":2,"turns":3},{"damage":7,"enemies":"Jaw Worm","floor":3,"turns":4},{"damage":18,"enemies":"Red Slaver","floor":5,"turns":4},{"damage":15,"enemies":"Lagavulin","floor":7,"turns":4},{"damage":7,"enemies":"Looter","floor":8,"turns":3},{"damage":6,"enemies":"Exordium Wildlife","floor":10,"turns":3},{"damage":4,"enemies":"Blue Slaver","floor":11,"turns":3},{"damage":3,"enemies":"Looter","floor":13,"turns":4},{"damage":33,"enemies":"Slime Boss","floor":16,"turns":5},{"damage":4,"enemies":"Spheric Guardian","floor":18,"turns":3},{"damage":6,"enemies":"Masked Bandits","floor":19,"turns":3},{"damage":0,"enemies":"Chosen","floor":20,"turns":3},{"damage":27,"enemies":"Book of Stabbing","floor":23,"turns":4},{"damage":17,"enemies":"Sentry and Sphere","floor":24,"turns":5},{"damage":10,"enemies":"Slavers","floor":25,"turns":4},{"damage":6,"enemies":"Centurion and Healer","floor":30,"turns":5},{"damage":9,"enemies":"Shelled Parasite and Fungi","floor":31,"turns":3},{"damage":61,"enemies":"Collector","floor":33,"turns":5}],"seed_played":"2899598068835070898","potions_obtained":[{"floor":2,"key":"Swift Potion"},{"floor":5,"key":"Fire Potion"},{"floor":8,"key":"SteroidPotion"},{"floor":10,"key":"Fruit Juice"},{"floor":18,"key":"AttackPotion"},{"floor":20,"key":"Poison Potion"},{"floor":24,"key":"SteroidPotion"},{"floor":30,"key":"SpeedPotion"}],"is_trial":false,"path_per_floor":["M","M","M","?","M","R","E","M","T","M","M","R","M","?","R","B",null,"M","?","M","$","?","E","M","E","T","$","R","$","M","M","R","B"],"character_chosen":"DEFECT","items_purchased":["Beam Cell","Trip","Hologram","Happy Flower"],"campfire_rested":3,"item_purchase_floors":[21,21,21,27],"current_hp_per_floor":[75,72,65,65,47,47,32,25,25,24,20,20,17,17,41,8,80,76,70,70,70,70,43,26,16,16,16,40,40,34,25,49,0],"gold":35,"neow_bonus":"THREE_RARE_CARDS","is_prod":false,"is_daily":false,"chose_seed":false,"campfire_upgraded":2,"win_rate":0,"timestamp":1541990148,"path_taken":["M","M","M","?","M","R","E","M","T","M","?","R","M","?","R","BOSS","M","?","M","$","?","E","M","E","T","?","R","?","M","M","R","BOSS"],"build_version":"2018-11-08","purchased_purges":1,"victory":false,"max_hp_per_floor":[75,75,75,75,75,75,75,75,75,80,80,80,80,80,80,80,80,80,80,80,80,80,80,80,80,80,80,80,80,80,80,80,80],"card_choices":[{"not_picked":["Biased Cognition","Amplify"],"picked":"All For One","floor":0},{"not_picked":["Cold Snap","Streamline"],"picked":"Hologram","floor":1},{"not_picked":["Rip and Tear","Turbo"],"picked":"White Noise","floor":2},{"not_picked":["Static Discharge","Tempest"],"picked":"Capacitor","floor":3},{"not_picked":["Barrage","Conserve Battery"],"picked":"Gash","floor":5},{"not_picked":["Recycle","Blizzard"],"picked":"Streamline","floor":7},{"not_picked":["Skim","BootSequence"],"picked":"Conserve Battery","floor":8},{"not_picked":["Streamline","Stack","Chaos"],"picked":"SKIP","floor":10},{"not_picked":["Compile Driver","Reboot"],"picked":"Loop","floor":11},{"not_picked":["Reprogram","Cold Snap"],"picked":"BootSequence","floor":13},{"not_picked":["Thunder Strike","Rainbow"],"picked":"All For One","floor":16},{"not_picked":["Melter+1","Blizzard"],"picked":"Conserve Battery+1","floor":18},{"not_picked":["Stack","Coolheaded"],"picked":"Force Field","floor":19},{"not_picked":["Doom and Gloom","Compile Driver+1","Consume"],"picked":"SKIP","floor":20},{"not_picked":["Rip and Tear","Amplify"],"picked":"Auto Shields","floor":23},{"not_picked":["Heatsinks","Redo+1","Consume"],"picked":"SKIP","floor":24},{"not_picked":["Coolheaded","Stack"],"picked":"Reinforced Body","floor":25},{"not_picked":["Defragment+1","Hologram"],"picked":"Turbo","floor":30},{"not_picked":["Barrage+1","Sweeping Beam","Beam Cell"],"picked":"SKIP","floor":31}],"player_experience":448298,"relics_obtained":[{"floor":7,"key":"Orichalcum"},{"floor":9,"key":"Emotion Chip"},{"floor":19,"key":"Red Mask"},{"floor":23,"key":"Unceasing Top"},{"floor":25,"key":"Bronze Scales"},{"floor":26,"key":"Smiling Mask"}],"event_choices":[{"damage_healed":0,"gold_gain":0,"player_choice":"Forge","damage_taken":0,"max_hp_gain":0,"max_hp_loss":0,"event_name":"Accursed Blacksmith","floor":4,"gold_loss":0,"cards_upgraded":["Hologram"]},{"damage_healed":0,"gold_gain":0,"player_choice":"Paid Gold","damage_taken":0,"relics_obtained":["Blue Candle"],"max_hp_gain":0,"max_hp_loss":0,"event_name":"WeMeetAgain","floor":14,"gold_loss":57},{"damage_healed":0,"gold_gain":0,"player_choice":"Fought Bandits","damage_taken":0,"max_hp_gain":0,"max_hp_loss":0,"event_name":"Masked Bandits","floor":19,"gold_loss":0},{"damage_healed":0,"gold_gain":0,"player_choice":"Obtain J.A.X.","damage_taken":0,"max_hp_gain":0,"max_hp_loss":0,"event_name":"Drug Dealer","floor":22,"gold_loss":0,"cards_obtained":["J.A.X."]}],"is_beta":true,"boss_relics":[{"not_picked":["FrozenCore","Velvet Choker"],"picked":"Pandora\u0027s Box"}],"items_purged_floors":[29],"is_endless":false,"potions_floor_spawned":[2,5,8,10,18,20,24,30],"killed_by":"Collector","ascension_level":4}