{"gold_per_floor":[112,126,126,139,149,175,206,218,276,288,300,66,82,58,58,157,157,169,169,169,186,204,229,249,249,249,267,281,189,189,207,207,207],"floor_reached":33,"playtime":1507,"items_purged":[],"score":440,"play_id":"ec1ba932-be9a-43d8-b462-ea440c424ca4","local_time":"20180913181909","is_ascension_mode":true,"campfire_choices":[{"floor":8,"key":"REST"},{"data":"Chaos","floor":10,"key":"SMITH"},{"data":"Dualcast","floor":15,"key":"SMITH"},{"floor":25,"key":"REST"},{"floor":32,"key":"REST"}],"neow_cost":"NONE","seed_source_timestamp":1314824633769,"circlet_count":0,"master_deck":["Strike_B","Strike_B","Strike_B","Strike_B","Defend_B","Defend_B","Defend_B","Defend_B","Zap+1","Dualcast+1","Conserve Battery","Rebound","Rip and Tear","Coolheaded","Sunder","Chaos+1","Reprogram","Go for the Eyes","Echo Form","BootSequence","Ghostly","Ghostly","Ghostly","Ghostly","Ghostly","Barrage","Steam+1","Hologram+1","Redo+1","Chaos","Hologram+1","Barrage","Madness","Cold Snap+1"],"relics":["FrozenCore","Mercury Hourglass","MawBank","Symbiotic Virus","Ancient Tea Set","Darkstone Periapt","Nloth\u0027s Gift"],"potions_floor_usage":[16,20,20,23,33,33],"damage_taken":[{"damage":1,"enemies":"Cultist","floor":1,"turns":3},{"damage":0,"enemies":"Jaw Worm","floor":2,"turns":3},{"damage":0,"enemies":"Small Slimes","floor":4,"turns":2},{"damage":11,"enemies":"Exordium Thugs","floor":5,"turns":3},{"damage":14,"enemies":"Lagavulin","floor":6,"turns":6},{"damage":1,"enemies":"Looter","floor":7,"turns":3},{"damage":2,"enemies":"Blue Slaver","floor":13,"turns":3},{"damage":0,"enemies":"Slime Boss","floor":16,"turns":5},{"damage":10,"enemies":"Chosen","floor":18,"turns":4},{"damage":0,"enemies":"Colosseum Slavers","floor":20,"turns":4},{"damage":0,"enemies":"3 Byrds","floor":21,"turns":5},{"damage":0,"enemies":"Shelled Parasite and Fungi","floor":22,"turns":10},{"damage":0,"enemies":"Gremlin Leader","floor":23,"turns":8},{"damage":21,"enemies":"3 Cultists","floor":24,"turns":7},{"damage":1,"enemies":"Chosen and Byrds","floor":27,"turns":7},{"damage":11,"enemies":"Shelled Parasite and Fungi","floor":28,"turns":7},{"damage":3,"enemies":"Snake Plant","floor":31,"turns":4},{"damage":26,"enemies":"Automaton","floor":33,"turns":6}],"seed_played":"1305264614055520638","potions_obtained":[{"floor":1,"key":"Fire Potion"},{"floor":4,"key":"Dexterity Potion"},{"floor":6,"key":"FocusPotion"},{"floor":13,"key":"AttackPotion"},{"floor":22,"key":"EssenceOfSteel"},{"floor":27,"key":"SpeedPotion"},{"floor":28,"key":"SpeedPotion"}],"is_trial":false,"path_per_floor":["M","M","T","M","M","E","M","R","T","R","$","$","M","$","R","B",null,"M","?","?","M","M","E","M","R","T","M","M","$","?","M","R"],"character_chosen":"DEFECT","items_purchased":["Symbiotic Virus","Go for the Eyes","Madness"],"campfire_rested":3,"item_purchase_floors":[12,14,29],"current_hp_per_floor":[74,74,74,74,63,49,48,70,70,70,70,70,68,68,68,68,75,65,37,37,37,37,37,16,27,27,26,15,15,15,12,23,0],"gold":207,"neow_bonus":"UPGRADE_CARD","is_prod":false,"is_daily":false,"chose_seed":false,"campfire_upgraded":2,"win_rate":0,"timestamp":1536884349,"path_taken":["M","?","?","M","M","E","M","R","T","R","?","$","?","$","R","BOSS","M","?","?","?","M","E","M","R","T","M","M","$","?","M","R","BOSS"],"build_version":"2018-09-06","purchased_purges":0,"victory":false,"max_hp_per_floor":[75,75,75,75,75,75,75,75,75,75,75,75,75,75,75,75,75,75,37,37,37,37,37,37,37,37,37,37,37,37,37,37,37],"card_choices":[{"not_picked":["Steam Power","Rebound"],"picked":"Conserve Battery","floor":1},{"not_picked":["Melter","Aggregate"],"picked":"Rebound","floor":2},{"not_picked":["Go for the Eyes","Blizzard"],"picked":"Rip and Tear","floor":4},{"not_picked":["Consume","Heatsinks"],"picked":"Coolheaded","floor":5},{"not_picked":["Recycle","Streamline"],"picked":"Sunder","floor":6},{"not_picked":["Rip and Tear","Coolheaded"],"picked":"Chaos","floor":7},{"not_picked":["Reinforced Body","Double Energy"],"picked":"Reprogram","floor":13},{"not_picked":["Hyperbeam","Rainbow"],"picked":"Echo Form","floor":16},{"not_picked":["Hologram+1","Rebound"],"picked":"BootSequence","floor":18},{"not_picked":["Compile Driver+1","Recycle"],"picked":"Barrage","floor":21},{"not_picked":["Loop","Darkness"],"picked":"Steam+1","floor":22},{"not_picked":["Skim","Cold Snap"],"picked":"Hologram+1","floor":23},{"not_picked":["Ball Lightning","Barrage"],"picked":"Redo+1","floor":24},{"not_picked":["Consume","Force Field+1"],"picked":"Chaos","floor":25},{"not_picked":["Leap","Barrage"],"picked":"Hologram+1","floor":27},{"not_picked":["Leap","Conserve Battery"],"picked":"Barrage","floor":28},{"not_picked":["Meteor Strike","Gash+1"],"picked":"Cold Snap+1","floor":31}],"player_experience":518144,"relics_obtained":[{"floor":3,"key":"Mercury Hourglass"},{"floor":6,"key":"MawBank"},{"floor":9,"key":"Dream Catcher"},{"floor":23,"key":"Ancient Tea Set"},{"floor":26,"key":"Darkstone Periapt"}],"event_choices":[{"event_name":"Ghosts","player_choice":"Became a Ghost","floor":19,"damage_taken":0},{"event_name":"Colosseum","player_choice":"Fight","floor":20,"damage_taken":0},{"event_name":"Colosseum","player_choice":"Fled From Nobs","floor":20,"damage_taken":0},{"event_name":"N\u0027loth","player_choice":"Traded a Dream Catcher","floor":30,"damage_taken":0}],"is_beta":false,"boss_relics":[{"not_picked":["Velvet Choker","Pandora\u0027s Box"],"picked":"FrozenCore"}],"items_purged_floors":[],"is_endless":false,"potions_floor_spawned":[1,4,6,13,20,22,27,28],"killed_by":"Automaton","ascension_level":4}