{"gold_per_floor":[121,208,170,197,225,263,275,321,333,376,401,426,438,146,146,248,248,264,183,183,201,47,77,77,87,114,140,150,150,180,194,194,194],"floor_reached":33,"playtime":1387,"items_purged":[],"score":390,"play_id":"530a3ec2-17c0-4385-ba3c-1e9df333d80c","local_time":"20181018204826","is_ascension_mode":true,"campfire_choices":[{"floor":7,"key":"REST"},{"floor":13,"key":"REST"},{"floor":15,"key":"REST"},{"floor":32,"key":"REST"}],"neow_cost":"NONE","seed_source_timestamp":701598837327825,"circlet_count":0,"master_deck":["Strike_R","Strike_R","Strike_R","Strike_R","Defend_R","Defend_R","Defend_R","Defend_R","Bash","Heavy Blade","Uppercut","Iron Wave","Headbutt","Iron Wave","Seeing Red","Spot Weakness","Shrug It Off","Armaments","Limit Break","Headbutt+1","Inflame","Pommel Strike+1","Shrug It Off","Bandage Up","Thunderclap+1","Impervious+1","Heavy Blade","Armaments+1","Disarm+1","Entrench+1"],"relics":["Burning Blood","MawBank","Omamori","Torii","Self Forming Clay","Ornamental Fan","Pear","Mark of Pain","Toxic Egg 2","Ancient Tea Set","Bag of Preparation","MutagenicStrength","Boot"],"potions_floor_usage":[6,8,11,23,23,27,28,30],"damage_taken":[{"damage":0,"enemies":"2 Louse","floor":1,"turns":4},{"damage":10,"enemies":"Small Slimes","floor":4,"turns":4},{"damage":4,"enemies":"Jaw Worm","floor":5,"turns":3},{"damage":26,"enemies":"Gremlin Nob","floor":6,"turns":4},{"damage":35,"enemies":"3 Sentries","floor":8,"turns":6},{"damage":14,"enemies":"Gremlin Nob","floor":10,"turns":4},{"damage":19,"enemies":"Large Slime","floor":11,"turns":6},{"damage":12,"enemies":"Exordium Thugs","floor":12,"turns":4},{"damage":21,"enemies":"Slime Boss","floor":16,"turns":12},{"damage":7,"enemies":"Chosen","floor":18,"turns":4},{"damage":28,"enemies":"2 Thieves","floor":21,"turns":5},{"damage":20,"enemies":"Gremlin Leader","floor":23,"turns":5},{"damage":24,"enemies":"Centurion and Healer","floor":25,"turns":9},{"damage":16,"enemies":"Book of Stabbing","floor":27,"turns":5},{"damage":21,"enemies":"Shelled Parasite and Fungi","floor":28,"turns":6},{"damage":21,"enemies":"Slavers","floor":30,"turns":7},{"damage":0,"enemies":"Snecko","floor":31,"turns":2},{"damage":81,"enemies":"Automaton","floor":33,"turns":6}],"seed_played":"-4703052186972164078","potions_obtained":[{"floor":4,"key":"Energy Potion"},{"floor":5,"key":"Strength Potion"},{"floor":10,"key":"SkillPotion"},{"floor":18,"key":"SteroidPotion"},{"floor":20,"key":"Explosive Potion"},{"floor":20,"key":"Dexterity Potion"},{"floor":23,"key":"Poison Potion"},{"floor":27,"key":"EssenceOfSteel"}],"is_trial":false,"path_per_floor":["M","?","?","M","M","E","R","E","T","E","M","M","R","$","R","B",null,"M","$","?","M","$","E","?","M","T","E","M","?","E","M","R"],"character_chosen":"IRONCLAD","items_purchased":["Pear","Armaments","Inflame","Shrug It Off","Bandage Up"],"campfire_rested":4,"item_purchase_floors":[14,14,19,22,22],"current_hp_per_floor":[80,69,69,65,67,47,71,42,42,34,21,15,39,49,76,61,90,89,89,89,67,67,57,57,43,43,37,26,26,15,25,52,0],"gold":194,"neow_bonus":"RANDOM_COMMON_RELIC","is_prod":false,"is_daily":false,"chose_seed":false,"campfire_upgraded":0,"win_rate":0,"timestamp":1539917306,"path_taken":["M","?","?","?","M","E","R","E","T","E","M","M","R","$","R","BOSS","M","$","?","M","$","E","?","M","T","E","M","?","E","M","R","BOSS"],"build_version":"2018-10-11","purchased_purges":0,"victory":false,"max_hp_per_floor":[80,80,80,80,80,80,80,80,80,80,80,80,80,90,90,90,90,90,90,90,90,90,90,90,90,90,90,90,90,90,90,90,90],"card_choices":[{"not_picked":["True Grit","Reckless Charge"],"picked":"Heavy Blade","floor":1},{"not_picked":["Perfected Strike","Havoc"],"picked":"Uppercut","floor":4},{"not_picked":["Carnage","Infernal Blade"],"picked":"Iron Wave","floor":5},{"not_picked":["Corruption","Combust"],"picked":"Headbutt","floor":6},{"not_picked":["Whirlwind","Perfected Strike"],"picked":"Iron Wave","floor":8},{"not_picked":["Whirlwind","True Grit"],"picked":"Seeing Red","floor":10},{"not_picked":["Blood for Blood","Clothesline"],"picked":"Spot Weakness","floor":11},{"not_picked":["Clothesline","Thunderclap"],"picked":"Shrug It Off","floor":12},{"not_picked":["Exhume","Feed"],"picked":"Limit Break","floor":16},{"not_picked":["Dual Wield","Warcry"],"picked":"Headbutt+1","floor":18},{"not_picked":["Second Wind","Clash"],"picked":"Pommel Strike+1","floor":21},{"not_picked":["Infernal Blade","Headbutt"],"picked":"Thunderclap+1","floor":23},{"not_picked":["Perfected Strike","Sword Boomerang+1"],"picked":"Impervious+1","floor":25},{"not_picked":["Uppercut","Fiend Fire"],"picked":"Heavy Blade","floor":27},{"not_picked":["Disarm+1","Cleave"],"picked":"Armaments+1","floor":28},{"not_picked":["Warcry+1","Hemokinesis+1"],"picked":"Disarm+1","floor":30},{"not_picked":["Whirlwind+1","Headbutt"],"picked":"Entrench+1","floor":31}],"player_experience":710384,"relics_obtained":[{"floor":6,"key":"Omamori"},{"floor":8,"key":"Torii"},{"floor":9,"key":"Self Forming Clay"},{"floor":10,"key":"Ornamental Fan"},{"floor":23,"key":"Toxic Egg 2"},{"floor":26,"key":"Ancient Tea Set"},{"floor":27,"key":"Bag of Preparation"},{"floor":30,"key":"Boot"}],"event_choices":[{"event_name":"World of Goop","player_choice":"Gather Gold","floor":2,"damage_taken":0},{"event_name":"The Cleric","player_choice":"Card Removal","floor":3,"damage_taken":0},{"event_name":"The Lab","player_choice":"Got Potions","floor":20,"damage_taken":0},{"event_name":"Ghosts","player_choice":"Ignored","floor":24,"damage_taken":0},{"event_name":"Drug Dealer","player_choice":"Inject Mutagens","floor":29,"damage_taken":0}],"is_beta":false,"boss_relics":[{"not_picked":["Coffee Dripper","Pandora\u0027s Box"],"picked":"Mark of Pain"}],"items_purged_floors":[],"is_endless":false,"potions_floor_spawned":[4,5,10,18,23,27],"killed_by":"Automaton","ascension_level":4}