{"gold_per_floor":[119,99,113,38,58,93,93,93,93,93,108,108,108],"floor_reached":13,"playtime":474,"items_purged":["Strike_R"],"score":149,"play_id":"cee46761-2339-452f-aaed-ab18271dbbb2","local_time":"20190411122207","is_ascension_mode":true,"campfire_choices":[{"data":"True Grit","floor":7.0,"key":"SMITH"},{"floor":10.0,"key":"REST"}],"neow_cost":"PERCENT_DAMAGE","seed_source_timestamp":2293096580071006,"circlet_count":0,"master_deck":["AscendersBane","Strike_R","Strike_R","Strike_R","Strike_R","Defend_R","Defend_R","Defend_R","Defend_R","Bash","Carnage","True Grit+1","Burning Pact","Demon Form","Disarm+1"],"special_seed":0,"relics":["Burning Blood","Dead Branch","Question Card","Golden Idol","Meat on the Bone"],"potions_floor_usage":[],"damage_taken":[{"damage":12.0,"enemies":"2 Louse","floor":1.0,"turns":4.0},{"damage":0.0,"enemies":"Cultist","floor":3.0,"turns":2.0},{"damage":9.0,"enemies":"Jaw Worm","floor":5.0,"turns":3.0},{"damage":20.0,"enemies":"3 Sentries","floor":6.0,"turns":6.0},{"damage":28.0,"enemies":"Exordium Thugs","floor":11.0,"turns":12.0},{"damage":25,"enemies":"Gremlin Gang","floor":13,"turns":3}],"seed_played":"-8243339624469437503","potions_obtained":[{"floor":1.0,"key":"Swift Potion"},{"floor":2.0,"key":"AttackPotion"}],"is_trial":false,"path_per_floor":["?","M","?","?","M"],"character_chosen":"IRONCLAD","items_purchased":[],"campfire_rested":1,"item_purchase_floors":[],"current_hp_per_floor":[44,44,50,50,47,33,33,7,7,29,19,19,0],"gold":108,"neow_bonus":"ONE_RARE_RELIC","is_prod":false,"is_daily":false,"chose_seed":false,"campfire_upgraded":1,"win_rate":0,"timestamp":1554999727,"path_taken":["M","?","M","$","?","E","R","?","T","R","M","?","?"],"build_version":"2019-01-23","purchased_purges":1,"victory":false,"max_hp_per_floor":[75,75,75,75,75,75,75,75,75,75,75,75,75],"card_choices":[{"not_picked":["Pommel Strike","Armaments"],"picked":"Carnage","floor":1.0},{"not_picked":["Armaments","Iron Wave"],"picked":"True Grit","floor":3.0},{"not_picked":["Twin Strike","Thunderclap"],"picked":"Burning Pact","floor":5.0},{"not_picked":["Warcry","Evolve"],"picked":"Demon Form","floor":6.0},{"not_picked":["Dual Wield","Shockwave","True Grit"],"picked":"Disarm","floor":11.0}],"player_experience":1805786,"relics_obtained":[{"floor":6.0,"key":"Question Card"},{"floor":9.0,"key":"Meat on the Bone"}],"event_choices":[{"damage_healed":0.0,"max_hp_gain":0.0,"max_hp_loss":0.0,"gold_gain":0.0,"event_name":"The Woman in Blue","player_choice":"Bought 1 Potion","floor":2.0,"gold_loss":0.0,"damage_taken":0.0},{"damage_healed":0.0,"max_hp_gain":0.0,"max_hp_loss":0.0,"gold_gain":0.0,"event_name":"Golden Idol","player_choice":"Take Damage","floor":8.0,"gold_loss":0.0,"damage_taken":26.0,"relics_obtained":["Golden Idol"]},{"damage_healed":0.0,"max_hp_gain":0.0,"max_hp_loss":0.0,"gold_gain":0.0,"event_name":"Upgrade Shrine","player_choice":"Upgraded","floor":12.0,"gold_loss":0.0,"damage_taken":0.0,"cards_upgraded":["Disarm"]}],"is_beta":false,"boss_relics":[],"items_purged_floors":[4],"is_endless":false,"potions_floor_spawned":[1],"killed_by":"Gremlin Gang","ascension_level":16}