{"path_per_floor":["M","M","M","M","M","R","M","R","T","M","M","R","?","$","R","B",null,"M","M"],"character_chosen":"IRONCLAD","items_purchased":["Finesse","Flex","Block Potion"],"gold_per_floor":[111,131,145,165,180,180,198,198,275,290,306,306,306,128,128,230,230,246,256],"floor_reached":20,"campfire_rested":1,"playtime":1464,"current_hp_per_floor":[70,65,70,66,59,59,51,51,51,45,35,35,35,35,59,12,80,75,59],"items_purged":[],"gold":256,"play_id":"6f62fc4a-cb09-4b14-af5c-e33216866cdf","is_prod":false,"is_daily":false,"campfire_rituals":0,"campfire_upgraded":3,"is_hardmode":false,"path_taken":["M","M","M","M","M","R","M","R","T","M","?","R","?","?","R","BOSS","M","M","M"],"build_version":"2018-01-04-PROD1","purchased_purges":0,"victory":false,"master_deck":["Strike_R","Strike_R","Strike_R","Strike_R","Defend_R","Defend_R","Defend_R","Defend_R","Bash","Shrug It Off","Twin Strike","Clash","Brutality","Blood for Blood","Dual Wield","Headbutt","Battle Trance","Finesse","Flex","Demon Form","Warcry","Warcry"],"max_hp_per_floor":[80,80,80,80,80,80,80,80,80,80,80,80,80,80,80,80,80,80,80],"relics":["Burning Blood","Bottled Flame","Question Card"],"campfire_meditates":0,"card_choices":[{"not_picked":["Perfected Strike","Clothesline"],"picked":"Shrug It Off"},{"not_picked":["Sword Boomerang","Thunderclap"],"picked":"Twin Strike"},{"not_picked":["Sword Boomerang","Clothesline"],"picked":"Clash"},{"not_picked":["Sword Boomerang","Clash"],"picked":"Brutality"},{"not_picked":["Dual Wield","Warcry"],"picked":"Blood for Blood"},{"not_picked":["Armaments","Pommel Strike"],"picked":"Dual Wield"},{"not_picked":["Cleave","Sever Soul"],"picked":"Headbutt"},{"not_picked":["Infernal Blade","Second Wind"],"picked":"Battle Trance"},{"not_picked":["Juggernaut","Dark Embrace"],"picked":"Demon Form"},{"not_picked":["Anger","Searing Blow","Inflame"],"picked":"Warcry"},{"not_picked":["Armaments","Pommel Strike","Shrug It Off"],"picked":"Warcry"}],"player_experience":13274,"potions_floor_usage":[16,16,18,20],"damage_taken":[{"damage":16,"enemies":"Blue Slaver","floor":1,"turns":4},{"damage":11,"enemies":"Jaw Worm","floor":2,"turns":5},{"damage":1,"enemies":"Cultist","floor":3,"turns":3},{"damage":10,"enemies":"Large Slime","floor":4,"turns":6},{"damage":13,"enemies":"Exordium Thugs","floor":5,"turns":5},{"damage":14,"enemies":"2 Fungi Beasts","floor":7,"turns":5},{"damage":12,"enemies":"Looter","floor":10,"turns":3},{"damage":16,"enemies":"Lots of Slimes","floor":11,"turns":4},{"damage":53,"enemies":"Hexaghost","floor":16,"turns":11},{"damage":11,"enemies":"Spheric Guardian","floor":18,"turns":4},{"damage":22,"enemies":"2 Thieves","floor":19,"turns":3},{"damage":62,"enemies":"Centurion and Healer","floor":20,"turns":7}],"event_choices":[{"event_name":"Liars Game","player_choice":"disagreed","floor":13,"damage_taken":0}],"boss_relics":[{"not_picked":["Lizard Tail","Sozu"],"picked":"Question Card"}],"potions_floor_spawned":[2,3,4,5,16,19],"seed_played":"2885129252224162091","killed_by":"Centurion and Healer","is_trial":false}