{"gold_per_floor":[111,130,205,223,242,242,8,25,25,58,58,85,105,117,117,117],"floor_reached":16,"playtime":1330,"items_purged":[],"score":131,"play_id":"c2248fc0-a531-4846-934e-12cc9986d196","local_time":"20190131145219","is_ascension_mode":true,"campfire_choices":[{"data":"Searing Blow","floor":6,"key":"SMITH"},{"floor":15,"key":"REST"}],"neow_cost":"NONE","seed_source_timestamp":69642109576767,"circlet_count":0,"master_deck":["Strike_R","Strike_R","Strike_R","Strike_R","Strike_R","Defend_R","Defend_R","Defend_R","Defend_R","Bash","Anger","Clash","Ghostly Armor","Searing Blow+1","The Bomb","Metallicize","Flex","Anger+1","Dropkick+1","Wild Strike+1","Headbutt+1"],"relics":["Burning Blood","NeowsBlessing","Molten Egg 2","Oddly Smooth Stone","Boot","StoneCalendar"],"potions_floor_usage":[8,12,16,16],"damage_taken":[{"damage":0,"enemies":"Small Slimes","floor":1,"turns":1},{"damage":0,"enemies":"Jaw Worm","floor":2,"turns":1},{"damage":0,"enemies":"Cultist","floor":4,"turns":1},{"damage":10,"enemies":"Lots of Slimes","floor":5,"turns":4},{"damage":9,"enemies":"Gremlin Gang","floor":8,"turns":4},{"damage":25,"enemies":"3 Sentries","floor":10,"turns":4},{"damage":34,"enemies":"Gremlin Nob","floor":12,"turns":5},{"damage":14,"enemies":"Red Slaver","floor":13,"turns":3},{"damage":7,"enemies":"3 Louse","floor":14,"turns":3},{"damage":43,"enemies":"The Guardian","floor":16,"turns":5}],"seed_played":"8688043900326852945","potions_obtained":[{"floor":2,"key":"Block Potion"},{"floor":5,"key":"Fruit Juice"},{"floor":8,"key":"Dexterity Potion"},{"floor":12,"key":"Explosive Potion"},{"floor":14,"key":"LiquidBronze"}],"is_trial":false,"path_per_floor":["M","M","?","M","M","R","$","M","T","E","T","E","M","M","R","B"],"character_chosen":"IRONCLAD","items_purchased":["The Bomb","Metallicize"],"campfire_rested":1,"item_purchase_floors":[7,7],"current_hp_per_floor":[80,80,69,75,71,71,71,73,73,54,54,26,18,17,42,0],"gold":117,"neow_bonus":"THREE_ENEMY_KILL","is_prod":false,"is_daily":false,"chose_seed":false,"campfire_upgraded":1,"win_rate":0,"timestamp":1548946339,"path_taken":["M","M","?","M","M","R","$","M","T","E","?","E","?","M","R","BOSS"],"build_version":"2019-01-23","purchased_purges":0,"victory":false,"max_hp_per_floor":[80,80,80,80,80,80,80,85,85,85,85,85,85,85,85,85],"card_choices":[{"not_picked":["True Grit","Reckless Charge"],"picked":"Anger","floor":1},{"not_picked":["True Grit","Clothesline"],"picked":"Clash","floor":2},{"not_picked":["Shockwave","True Grit"],"picked":"Ghostly Armor","floor":4},{"not_picked":["Flex","Disarm"],"picked":"Searing Blow","floor":5},{"not_picked":["Havoc","Second Wind"],"picked":"Flex","floor":8},{"not_picked":["Sever Soul+1","Power Through"],"picked":"Anger+1","floor":10},{"not_picked":["Combust","Fire Breathing"],"picked":"Dropkick+1","floor":12},{"not_picked":["Shockwave","Second Wind"],"picked":"Wild Strike+1","floor":13},{"not_picked":["Rampage+1","Pommel Strike+1"],"picked":"Headbutt+1","floor":14}],"player_experience":112910,"relics_obtained":[{"floor":9,"key":"Molten Egg 2"},{"floor":10,"key":"Oddly Smooth Stone"},{"floor":11,"key":"Boot"},{"floor":12,"key":"StoneCalendar"}],"event_choices":[{"damage_healed":0,"gold_gain":75,"player_choice":"Gather Gold","damage_taken":11,"max_hp_gain":0,"max_hp_loss":0,"event_name":"World of Goop","floor":3,"gold_loss":0}],"is_beta":false,"boss_relics":[],"items_purged_floors":[],"is_endless":false,"potions_floor_spawned":[2,5,8,12,14],"killed_by":"The Guardian","ascension_level":3}