{"gold_per_floor":[117,132,149,56,73,107,117,145,198,198,198,211,211,244,244,347,347,363,363,375,391,391,391,402,429,452,471,471,471,488,506,506,506],"floor_reached":33,"playtime":2596,"items_purged":[],"score":406,"play_id":"5c0af111-e99d-4c34-87b1-a32e06697a73","local_time":"20190321010309","is_ascension_mode":true,"campfire_choices":[{"floor":10,"key":"REST"},{"data":"True Grit","floor":15,"key":"SMITH"},{"floor":23,"key":"REST"},{"floor":29,"key":"REST"},{"floor":32,"key":"REST"}],"neow_cost":"NONE","seed_source_timestamp":435898078567389,"circlet_count":0,"master_deck":["Strike_R","Strike_R","Strike_R","Strike_R","Defend_R","Defend_R","Defend_R","Defend_R","Bash","Seeing Red","Clothesline","Carnage","Shrug It Off","True Grit+1","Rampage","Offering","Battle Trance","Shockwave","True Grit","True Grit","Immolate","True Grit","Feel No Pain","Shrug It Off","Sentinel+1","Offering"],"relics":["Burning Blood","Regal Pillow","PreservedInsect","Tiny Chest","Pen Nib","Ancient Tea Set","Black Star","Turnip","Anchor","Orichalcum"],"potions_floor_usage":[16,28,33,33],"damage_taken":[{"damage":2,"enemies":"Jaw Worm","floor":1,"turns":4},{"damage":5,"enemies":"Cultist","floor":2,"turns":4},{"damage":1,"enemies":"2 Louse","floor":3,"turns":3},{"damage":0,"enemies":"2 Fungi Beasts","floor":5,"turns":3},{"damage":28,"enemies":"Lagavulin","floor":6,"turns":5},{"damage":6,"enemies":"Red Slaver","floor":7,"turns":1},{"damage":29,"enemies":"3 Sentries","floor":8,"turns":7},{"damage":11,"enemies":"Large Slime","floor":12,"turns":3},{"damage":16,"enemies":"Gremlin Nob","floor":14,"turns":4},{"damage":37,"enemies":"Slime Boss","floor":16,"turns":10},{"damage":17,"enemies":"3 Byrds","floor":18,"turns":4},{"damage":13,"enemies":"Chosen","floor":20,"turns":3},{"damage":66,"enemies":"Sentry and Sphere","floor":21,"turns":15},{"damage":26,"enemies":"Snake Plant","floor":24,"turns":6},{"damage":26,"enemies":"Book of Stabbing","floor":25,"turns":4},{"damage":9,"enemies":"Shelled Parasite and Fungi","floor":27,"turns":11},{"damage":0,"enemies":"Snecko","floor":28,"turns":3},{"damage":9,"enemies":"Centurion and Healer","floor":30,"turns":14},{"damage":27,"enemies":"Chosen and Byrds","floor":31,"turns":10},{"damage":97,"enemies":"Champ","floor":33,"turns":11}],"seed_played":"-7679872181036937920","potions_obtained":[{"floor":1,"key":"LiquidBronze"},{"floor":3,"key":"Strength Potion"},{"floor":11,"key":"Block Potion"},{"floor":14,"key":"SmokeBomb"},{"floor":24,"key":"Energy Potion"},{"floor":30,"key":"SneckoOil"},{"floor":31,"key":"BloodPotion"}],"is_trial":false,"path_per_floor":["?","M","?","?","?","M"],"character_chosen":"IRONCLAD","items_purchased":["True Grit","Rampage"],"campfire_rested":4,"item_purchase_floors":[4,4],"current_hp_per_floor":[76,77,80,80,80,58,58,35,35,74,74,69,51,41,41,10,63,52,78,71,11,11,50,30,10,10,7,13,52,49,28,67,0],"gold":506,"neow_bonus":"TRANSFORM_CARD","is_prod":false,"is_daily":false,"chose_seed":false,"campfire_upgraded":1,"win_rate":0,"timestamp":1553144589,"path_taken":["M","M","M","$","M","E","M","E","T","R","?","?","?","E","R","BOSS","M","?","M","M","?","R","?","E","T","M","M","R","M","M","R","BOSS"],"build_version":"2019-01-23","purchased_purges":0,"victory":false,"max_hp_per_floor":[80,80,80,80,80,80,80,80,80,80,80,80,80,80,80,80,80,80,80,80,80,80,80,80,80,80,80,80,80,80,80,80,80],"card_choices":[{"not_picked":["Iron Wave","Second Wind"],"picked":"Clothesline","floor":1},{"not_picked":["Perfected Strike","Pommel Strike"],"picked":"Carnage","floor":2},{"not_picked":["Havoc","Headbutt"],"picked":"Shrug It Off","floor":3},{"not_picked":["Iron Wave","Intimidate"],"picked":"Offering","floor":5},{"not_picked":["Second Wind","Heavy Blade"],"picked":"Battle Trance","floor":6},{"not_picked":["Twin Strike","Perfected Strike","Heavy Blade"],"picked":"SKIP","floor":7},{"not_picked":["Infernal Blade","Wild Strike"],"picked":"Shockwave","floor":8},{"not_picked":["Flex","Pummel"],"picked":"True Grit","floor":12},{"not_picked":["Body Slam","Carnage"],"picked":"True Grit","floor":14},{"not_picked":["Double Tap","Juggernaut"],"picked":"Immolate","floor":16},{"not_picked":["Sever Soul","Clash","Cleave+1"],"picked":"SKIP","floor":18},{"not_picked":["Clash","Dual Wield","Perfected Strike"],"picked":"SKIP","floor":20},{"not_picked":["Wild Strike+1","Anger","Flex"],"picked":"SKIP","floor":21},{"not_picked":["Armaments","Thunderclap","Flex"],"picked":"SKIP","floor":24},{"not_picked":["Power Through","Heavy Blade"],"picked":"Feel No Pain","floor":25},{"not_picked":["Clothesline","Body Slam"],"picked":"Shrug It Off","floor":27},{"not_picked":["Wild Strike","Perfected Strike"],"picked":"Sentinel+1","floor":30},{"not_picked":["Blood for Blood","Clothesline"],"picked":"Offering","floor":31}],"player_experience":849609,"relics_obtained":[{"floor":6,"key":"Regal Pillow"},{"floor":8,"key":"PreservedInsect"},{"floor":9,"key":"Tiny Chest"},{"floor":14,"key":"Ancient Tea Set"},{"floor":25,"key":"Turnip"},{"floor":25,"key":"Anchor"},{"floor":26,"key":"Orichalcum"}],"event_choices":[{"damage_healed":0,"gold_gain":0,"player_choice":"Got Potions","damage_taken":0,"max_hp_gain":0,"max_hp_loss":0,"event_name":"Lab","floor":11,"gold_loss":0},{"damage_healed":0,"gold_gain":0,"player_choice":"Success","damage_taken":18,"relics_obtained":["Pen Nib"],"max_hp_gain":0,"max_hp_loss":0,"event_name":"Scrap Ooze","floor":13,"gold_loss":0},{"damage_healed":26,"gold_gain":0,"player_choice":"Heal","damage_taken":0,"max_hp_gain":0,"max_hp_loss":0,"event_name":"The Library","floor":19,"gold_loss":0},{"damage_healed":0,"gold_gain":0,"player_choice":"1 cards matched","damage_taken":0,"max_hp_gain":0,"max_hp_loss":0,"event_name":"Match and Keep!","floor":22,"gold_loss":0,"cards_obtained":["True Grit"]}],"is_beta":false,"boss_relics":[{"not_picked":["Orrery","Coffee Dripper"],"picked":"Black Star"}],"items_purged_floors":[],"is_endless":false,"potions_floor_spawned":[1,3,12,14,24,28,30,31],"killed_by":"Champ","ascension_level":6}