{"gold_per_floor":[114,124,124,142,155,155,166,166,190,201,201,201,3,15,15,111,111],"floor_reached":17,"playtime":34332,"items_purged":[],"score":149,"play_id":"1ae53f4f-16f0-4a45-a462-20cc4b78428f","local_time":"20190223204707","is_ascension_mode":false,"campfire_choices":[{"data":"Infernal Blade","floor":6,"key":"SMITH"},{"floor":11,"key":"REST"},{"data":"Shrug It Off","floor":15,"key":"SMITH"}],"neow_cost":"PERCENT_DAMAGE","seed_source_timestamp":668055311438539,"circlet_count":0,"master_deck":["Strike_R","Strike_R+1","Strike_R","Strike_R","Strike_R","Defend_R","Defend_R","Defend_R+1","Defend_R","Bash+1","Bludgeon","Reckless Charge","Perfected Strike+1","Infernal Blade+1","Evolve","Twin Strike","Wild Strike","Immolate","Shrug It Off+1","Second Wind","Immolate"],"relics":["Burning Blood"],"potions_floor_usage":[16],"damage_taken":[{"damage":6,"enemies":"2 Louse","floor":1,"turns":3},{"damage":11,"enemies":"Jaw Worm","floor":2,"turns":2},{"damage":0,"enemies":"Cultist","floor":4,"turns":2},{"damage":12,"enemies":"Gremlin Gang","floor":5,"turns":4},{"damage":0,"enemies":"Large Slime","floor":7,"turns":4},{"damage":8,"enemies":"Red Slaver","floor":10,"turns":3},{"damage":11,"enemies":"Exordium Thugs","floor":14,"turns":3},{"damage":50,"enemies":"The Guardian","floor":16,"turns":13}],"seed_played":"-7857381018773647310","potions_obtained":[{"floor":1,"key":"GamblersBrew"},{"floor":4,"key":"Ancient Potion"},{"floor":5,"key":"SpeedPotion"}],"is_trial":false,"path_per_floor":["M","M","?","M","M","R","M","?","T","M","R","?","$","M","R","B",null],"character_chosen":"IRONCLAD","items_purchased":["Immolate","Shrug It Off"],"campfire_rested":1,"item_purchase_floors":[13,13],"current_hp_per_floor":[56,51,51,57,51,51,57,41,41,39,63,63,63,58,58,14,80],"gold":111,"neow_bonus":"THREE_RARE_CARDS","is_prod":false,"is_daily":false,"chose_seed":false,"campfire_upgraded":2,"win_rate":0,"timestamp":1550980027,"path_taken":["M","M","?","M","M","R","M","?","T","M","R","?","$","M","R","BOSS"],"build_version":"2019-01-23","purchased_purges":0,"victory":false,"max_hp_per_floor":[80,80,80,80,80,80,80,80,80,80,80,80,80,80,80,80,80],"card_choices":[{"not_picked":["Dark Embrace","Berserk"],"picked":"Bludgeon","floor":0},{"not_picked":["Disarm","Inflame"],"picked":"Reckless Charge","floor":1},{"not_picked":["Dropkick","Body Slam"],"picked":"Perfected Strike","floor":2},{"not_picked":["Headbutt","Sword Boomerang"],"picked":"Infernal Blade","floor":4},{"not_picked":["Fire Breathing","Corruption"],"picked":"Evolve","floor":5},{"not_picked":["Wild Strike","Inflame"],"picked":"Twin Strike","floor":7},{"not_picked":["Warcry","Sword Boomerang"],"picked":"Wild Strike","floor":10},{"not_picked":["Heavy Blade","Warcry"],"picked":"Second Wind","floor":14},{"not_picked":["Demon Form","Fiend Fire"],"picked":"Immolate","floor":16}],"player_experience":1556574,"relics_obtained":[],"event_choices":[{"damage_healed":0,"gold_gain":0,"player_choice":"Grow","damage_taken":0,"max_hp_gain":0,"max_hp_loss":0,"event_name":"Living Wall","floor":3,"gold_loss":0,"cards_upgraded":["Perfected Strike"]},{"damage_healed":0,"gold_gain":0,"player_choice":"Entered Light","damage_taken":16,"max_hp_gain":0,"max_hp_loss":0,"event_name":"Shining Light","floor":8,"gold_loss":0,"cards_upgraded":["Defend_R","Strike_R"]},{"damage_healed":0,"gold_gain":0,"player_choice":"Forge","damage_taken":0,"max_hp_gain":0,"max_hp_loss":0,"event_name":"Accursed Blacksmith","floor":12,"gold_loss":0,"cards_upgraded":["Bash"]}],"is_beta":false,"boss_relics":[{"not_picked":["Pandora\u0027s Box","Sozu","Runic Dome"]}],"items_purged_floors":[],"is_endless":false,"potions_floor_spawned":[1,4,5],"ascension_level":0}