{"gold_per_floor":[109,27,102,27,27,61,61,95,176,176,203,219,232,251,251,329,329,341,357,256,181,181,181,181,234,234,234,266,266,278,278,278,355,355,375,36,54,354,374,374,405,405,405,433,457,469,499,556,568,580],"floor_reached":50,"playtime":3944,"items_purged":["Strike_R"],"score":1137,"play_id":"689fd85b-f201-4c03-a950-00ab818dcd31","local_time":"20190404125211","is_ascension_mode":true,"campfire_choices":[{"data":"Hemokinesis","floor":7,"key":"SMITH"},{"data":"Inflame","floor":15,"key":"SMITH"},{"data":"Feed","floor":23,"key":"SMITH"},{"data":"Immolate","floor":27,"key":"SMITH"},{"data":"Feel No Pain","floor":29,"key":"SMITH"},{"floor":32,"key":"REST"},{"data":"Feel No Pain","floor":40,"key":"SMITH"},{"data":"Corruption","floor":42,"key":"SMITH"},{"data":"Fiend Fire","floor":46,"key":"SMITH"},{"floor":49,"key":"RECALL"}],"neow_cost":"NONE","seed_source_timestamp":1686701843504500,"circlet_count":0,"master_deck":["AscendersBane","Defend_R","Defend_R","Defend_R","Defend_R","Bash+1","Twin Strike","Hemokinesis+1","Twin Strike+1","Feed+1","Clothesline","Clothesline","Inflame+1","Immolate+1","Corruption+1","Shrug It Off+1","Exhume+1","Armaments+1","Feel No Pain+1","Fiend Fire+1","Feel No Pain+1","Dropkick","Infernal Blade+1","Disarm+1"],"relics":["Burning Blood","NeowsBlessing","Gambling Chip","Toxic Egg 2","Pantograph","Mercury Hourglass","Runic Pyramid","Enchiridion","Vajra","Singing Bowl","Ice Cream","Coffee Dripper","OrangePellets","Blue Candle","Sundial","MawBank","Charon\u0027s Ashes"],"potions_floor_usage":[19,33,50],"damage_taken":[{"damage":0,"enemies":"Small Slimes","floor":1,"turns":1},{"damage":0,"enemies":"Gremlin Nob","floor":6,"turns":1},{"damage":0,"enemies":"Lagavulin","floor":8,"turns":1},{"damage":29,"enemies":"3 Sentries","floor":11,"turns":7},{"damage":0,"enemies":"2 Louse","floor":12,"turns":2},{"damage":0,"enemies":"Jaw Worm","floor":13,"turns":4},{"damage":4,"enemies":"2 Fungi Beasts","floor":14,"turns":3},{"damage":54,"enemies":"Hexaghost","floor":16,"turns":8},{"damage":27,"enemies":"2 Thieves","floor":18,"turns":4},{"damage":17,"enemies":"Spheric Guardian","floor":19,"turns":4},{"damage":23,"enemies":"Gremlin Leader","floor":28,"turns":6},{"damage":21,"enemies":"Snake Plant","floor":30,"turns":3},{"damage":71,"enemies":"Collector","floor":33,"turns":10},{"damage":0,"enemies":"3 Shapes","floor":35,"turns":5},{"damage":0,"enemies":"Orb Walker","floor":37,"turns":3},{"damage":14,"enemies":"Sphere and 2 Shapes","floor":39,"turns":4},{"damage":3,"enemies":"Giant Head","floor":41,"turns":8},{"damage":20,"enemies":"Reptomancer","floor":44,"turns":7},{"damage":28,"enemies":"4 Shapes","floor":47,"turns":11},{"damage":52,"enemies":"2 Orb Walkers","floor":48,"turns":4},{"damage":96,"enemies":"Awakened One","floor":50,"turns":8}],"seed_played":"2068966300820036732","potions_obtained":[{"floor":1,"key":"PowerPotion"},{"floor":11,"key":"AttackPotion"},{"floor":12,"key":"FairyPotion"},{"floor":18,"key":"BloodPotion"},{"floor":28,"key":"Strength Potion"},{"floor":35,"key":"SteroidPotion"},{"floor":41,"key":"Fire Potion"}],"is_trial":false,"path_per_floor":["?","?","?","?","?","?","?","T","?","?","M","T","?"],"character_chosen":"IRONCLAD","items_purchased":["Hemokinesis","Shrug It Off+1","Feel No Pain","Dropkick","OrangePellets"],"campfire_rested":1,"item_purchase_floors":[2,20,36,36,36],"current_hp_per_floor":[74,74,63,63,68,74,74,80,80,56,33,42,51,56,56,36,78,57,58,58,58,37,37,37,37,37,37,24,24,15,15,46,20,87,103,103,109,109,107,107,112,112,112,104,104,104,90,50,50,0],"gold":580,"neow_bonus":"THREE_ENEMY_KILL","is_prod":false,"is_daily":false,"chose_seed":false,"campfire_upgraded":8,"win_rate":0,"timestamp":1554396731,"path_taken":["M","$","?","?","?","E","R","E","T","?","E","M","M","M","R","BOSS","M","M","$","?","?","R","?","?","T","R","E","R","M","?","R","BOSS","M","$","M","?","?","R","E","R","T","E","?","R","M","?","R","BOSS"],"build_version":"2019-01-23","purchased_purges":1,"victory":false,"max_hp_per_floor":[75,75,75,75,80,80,80,80,80,80,80,83,86,89,89,92,92,92,95,95,95,95,95,95,95,95,95,99,99,105,105,105,109,109,119,119,119,119,125,125,127,127,127,133,133,133,141,147,147,151],"card_choices":[{"not_picked":["Shockwave","Sever Soul"],"picked":"Twin Strike","floor":1},{"not_picked":["True Grit","Fire Breathing"],"picked":"Twin Strike","floor":6},{"not_picked":["Armaments","Bludgeon"],"picked":"Feed","floor":8},{"not_picked":["Twin Strike","Havoc+1"],"picked":"Clothesline","floor":11},{"not_picked":["Twin Strike","Havoc+1"],"picked":"Clothesline","floor":12},{"not_picked":["Clothesline","Sever Soul","Evolve"],"picked":"SKIP","floor":13},{"not_picked":["Sword Boomerang","Barricade"],"picked":"Inflame","floor":14},{"not_picked":["Double Tap+1","Barricade"],"picked":"Immolate","floor":16},{"not_picked":["Thunderclap","Inflame"],"picked":"Corruption","floor":18},{"not_picked":["Pommel Strike","Perfected Strike","Clothesline"],"picked":"SKIP","floor":19},{"not_picked":["Warcry+1","Spot Weakness+1"],"picked":"Feel No Pain","floor":28},{"not_picked":["Clash","Armaments+1","Heavy Blade+1"],"picked":"Singing Bowl","floor":30},{"not_picked":["Dark Embrace","Demon Form"],"picked":"Fiend Fire","floor":33},{"not_picked":["Body Slam","Searing Blow","Wild Strike+1"],"picked":"Singing Bowl","floor":35},{"not_picked":["Clash","Wild Strike"],"picked":"Infernal Blade+1","floor":37},{"not_picked":["Thunderclap","Body Slam","Heavy Blade"],"picked":"Singing Bowl","floor":39},{"not_picked":["Inflame","Combust","Anger"],"picked":"Singing Bowl","floor":41},{"not_picked":["Warcry+1","Clothesline","True Grit+1"],"picked":"Singing Bowl","floor":44},{"not_picked":["Flex+1","Demon Form"],"picked":"Disarm+1","floor":47},{"not_picked":["Body Slam+1","Anger","Twin Strike"],"picked":"Singing Bowl","floor":48}],"player_experience":1471685,"relics_obtained":[{"floor":6,"key":"Gambling Chip"},{"floor":8,"key":"Toxic Egg 2"},{"floor":9,"key":"Pantograph"},{"floor":11,"key":"Mercury Hourglass"},{"floor":22,"key":"Enchiridion"},{"floor":25,"key":"Vajra"},{"floor":26,"key":"Singing Bowl"},{"floor":28,"key":"Ice Cream"},{"floor":41,"key":"Blue Candle"},{"floor":44,"key":"Sundial"},{"floor":45,"key":"MawBank"},{"floor":48,"key":"Charon\u0027s Ashes"}],"event_choices":[{"damage_healed":0,"gold_gain":75,"player_choice":"Gather Gold","damage_taken":11,"max_hp_gain":0,"max_hp_loss":0,"event_name":"World of Goop","floor":3,"gold_loss":0},{"cards_removed":["Strike_R"],"damage_healed":0,"gold_gain":0,"player_choice":"Card Removal","damage_taken":0,"max_hp_gain":0,"max_hp_loss":0,"event_name":"The Cleric","floor":4,"gold_loss":75},{"damage_healed":0,"gold_gain":0,"player_choice":"Donut","damage_taken":0,"max_hp_gain":5,"max_hp_loss":0,"event_name":"Big Fish","floor":5,"gold_loss":0},{"damage_healed":0,"gold_gain":0,"player_choice":"Entered Light","damage_taken":24,"max_hp_gain":0,"max_hp_loss":0,"event_name":"Shining Light","floor":10,"gold_loss":0,"cards_upgraded":["Twin Strike","Bash"]},{"cards_removed":["Strike_R"],"damage_healed":0,"gold_gain":0,"player_choice":"Gave Gold","damage_taken":0,"max_hp_gain":0,"max_hp_loss":0,"event_name":"Beggar","floor":21,"gold_loss":75},{"damage_healed":0,"gold_gain":0,"player_choice":"Obtained Book","damage_taken":21,"max_hp_gain":0,"max_hp_loss":0,"event_name":"Cursed Tome","floor":22,"gold_loss":0},{"damage_healed":0,"gold_gain":0,"cards_transformed":["Strike_R","Strike_R"],"player_choice":"Became Test Subject","damage_taken":0,"max_hp_gain":0,"max_hp_loss":0,"event_name":"Drug Dealer","floor":24,"gold_loss":0,"cards_obtained":["Exhume","Armaments"]},{"damage_healed":0,"gold_gain":0,"player_choice":"Ignored","damage_taken":0,"max_hp_gain":0,"max_hp_loss":0,"event_name":"Ghosts","floor":31,"gold_loss":0},{"damage_healed":0,"gold_gain":300,"player_choice":"Gold","damage_taken":0,"max_hp_gain":0,"max_hp_loss":0,"event_name":"Wheel of Change","floor":38,"gold_loss":0},{"damage_healed":0,"gold_gain":0,"player_choice":"Fight","damage_taken":0,"max_hp_gain":0,"max_hp_loss":0,"event_name":"Mysterious Sphere","floor":48,"gold_loss":0}],"is_beta":false,"boss_relics":[{"not_picked":["Orrery","Runic Dome"],"picked":"Runic Pyramid"},{"not_picked":["Empty Cage","Black Blood"],"picked":"Coffee Dripper"}],"items_purged_floors":[20],"is_endless":false,"potions_floor_spawned":[1,11,12,14,18,28,35,41,47],"killed_by":"Awakened One","ascension_level":15}