{"path_per_floor":["M","?","$","?","M","T","$","E","T","M","M","E","M"],"character_chosen":"THE_SILENT","items_purchased":["Infinite Blades","Outmaneuver","Dodge and Roll"],"gold_per_floor":[110,110,20,20,34,34,8,33,33,48,58,90,100],"floor_reached":14,"campfire_rested":0,"playtime":1068,"current_hp_per_floor":[63,63,63,63,62,62,62,43,43,43,43,26,26],"items_purged":[],"gold":100,"play_id":"8e526f69-a92e-4aba-b4d1-2cc02bacfdfb","is_prod":false,"is_daily":false,"campfire_rituals":0,"campfire_upgraded":0,"is_hardmode":false,"path_taken":["M","?","$","?","M","?","$","E","T","?","M","E","M","?"],"build_version":"2018-01-11-PROD2","purchased_purges":0,"victory":false,"master_deck":["Defend_G","Defend_G","Defend_G","Defend_G","Defend_G","Strike_G","Strike_G","Strike_G","Strike_G","Strike_G","Survivor","Neutralize","Backflip","Infinite Blades","Outmaneuver","Dodge and Roll","Dodge and Roll","Poisoned Stab","Dagger Spray","Catalyst","Dodge and Roll","Flying Knee"],"max_hp_per_floor":[63,63,63,63,63,63,63,63,63,63,63,63,63],"relics":["Ring of the Snake","Thread and Needle","Du-Vu Doll","Bag of Preparation","Mummified Hand","Lantern"],"campfire_meditates":0,"card_choices":[{"not_picked":["Slice","Outmaneuver"],"picked":"Backflip"},{"not_picked":["Flying Knee","Skewer"],"picked":"Dodge and Roll"},{"not_picked":["Flechettes","Glass Knife"],"picked":"Poisoned Stab"},{"not_picked":["Slice","Bane"],"picked":"Dagger Spray"},{"not_picked":["Quick Slash","Dagger Spray"],"picked":"Catalyst"},{"not_picked":["Glass Knife","Quick Slash"],"picked":"Dodge and Roll"},{"not_picked":["Dagger Throw","Deflect"],"picked":"Flying Knee"}],"player_experience":64698,"potions_floor_usage":[11],"damage_taken":[{"damage":0,"enemies":"Cultist","floor":1,"turns":5},{"damage":1,"enemies":"2 Louse","floor":5,"turns":3},{"damage":19,"enemies":"3 Sentries","floor":8,"turns":11},{"damage":0,"enemies":"Blue Slaver","floor":10,"turns":4},{"damage":0,"enemies":"Gremlin Gang","floor":11,"turns":3},{"damage":17,"enemies":"Gremlin Nob","floor":12,"turns":6},{"damage":0,"enemies":"Large Slime","floor":13,"turns":7},{"damage":31,"enemies":"Lagavulin Event","floor":14,"turns":8}],"event_choices":[{"event_name":"The Cleric","player_choice":"Leave","floor":2,"damage_taken":0},{"event_name":"Wheel of Change","player_choice":"Full Heal","floor":4,"damage_taken":0},{"event_name":"Dead Adventurer","player_choice":"Searched \u00271\u0027 times","floor":14,"damage_taken":0}],"boss_relics":[],"potions_floor_spawned":[10,11],"seed_played":"-2747412005238818485","killed_by":"Lagavulin Event","is_trial":false}