{"gold_per_floor":[115,132,132,132,132,132,144,159,241,143,173,197,197,210,210,314,364,379,379,379,390,390,390,400,10,58,68,68],"floor_reached":28,"playtime":822,"items_purged":[],"score":293,"play_id":"9eb6cf0b-42a3-4cb0-a1b9-71c0b1273728","local_time":"20181118140117","is_ascension_mode":false,"campfire_choices":[{"data":"Body Slam","floor":6,"key":"SMITH"},{"data":"Spot Weakness","floor":15,"key":"SMITH"},{"data":"Limit Break","floor":23,"key":"SMITH"}],"neow_cost":"NONE","seed_source_timestamp":418138018940444,"circlet_count":0,"master_deck":["Strike_R","Strike_R","Strike_R","Strike_R+1","Strike_R+1","Defend_R+1","Defend_R","Defend_R","Defend_R","Bash","Havoc","Body Slam+1","Flex","Flex","Sever Soul","Body Slam","Spot Weakness+1","Power Through","Limit Break+1","Rupture","Feel No Pain","Blood for Blood+1","Writhe","J.A.X.","Evolve","Wild Strike+1","Feed","Flex","Corruption","Exhume","Limit Break","Inflame","Armaments","Impervious","Heavy Blade"],"relics":["Burning Blood","Matryoshka","The Courier","Paper Frog","Prayer Wheel","Blue Candle","Ancient Tea Set","Tiny House","Pear","Bag of Marbles","Strawberry"],"potions_floor_usage":[11,21,24,28],"damage_taken":[{"damage":5,"enemies":"Cultist","floor":1,"turns":4},{"damage":5,"enemies":"2 Louse","floor":2,"turns":3},{"damage":3,"enemies":"Jaw Worm","floor":7,"turns":3},{"damage":0,"enemies":"Looter","floor":8,"turns":3},{"damage":28,"enemies":"Gremlin Nob","floor":11,"turns":4},{"damage":7,"enemies":"2 Fungi Beasts","floor":14,"turns":4},{"damage":57,"enemies":"The Guardian","floor":16,"turns":11},{"damage":10,"enemies":"Chosen","floor":18,"turns":4},{"damage":16,"enemies":"2 Thieves","floor":21,"turns":5},{"damage":25,"enemies":"Snake Plant","floor":24,"turns":4},{"damage":53,"enemies":"Centurion and Healer","floor":27,"turns":8},{"damage":79,"enemies":"Chosen and Byrds","floor":28,"turns":8}],"seed_played":"3709495600230285286","potions_obtained":[{"floor":7,"key":"FairyPotion"},{"floor":8,"key":"EntropicBrew"},{"floor":21,"key":"AttackPotion"},{"floor":27,"key":"Strength Potion"}],"is_trial":false,"path_per_floor":["M","M","T","?","?","R","M","M","T","$","E","T","?","M","R","B",null,"M","?","?","M","?","R","M","$","T","M","M"],"character_chosen":"IRONCLAD","items_purchased":["Sever Soul","Body Slam","Exhume","Limit Break","Inflame","Bag of Marbles","Armaments"],"campfire_rested":0,"item_purchase_floors":[10,10,25,25,25,25,25],"current_hp_per_floor":[80,80,80,64,64,64,67,73,73,73,51,51,90,89,89,38,95,91,101,101,91,91,91,75,75,82,38,0],"gold":68,"neow_bonus":"ONE_RANDOM_RARE_CARD","is_prod":false,"is_daily":false,"chose_seed":false,"campfire_upgraded":3,"win_rate":0,"timestamp":1542574877,"path_taken":["M","M","?","?","?","R","M","M","T","?","E","?","?","M","R","BOSS","M","?","?","M","?","R","M","$","T","?","M"],"build_version":"2018-11-15","purchased_purges":0,"victory":false,"max_hp_per_floor":[80,80,80,80,80,80,80,80,80,80,80,80,90,90,90,90,95,95,105,105,105,105,105,108,108,115,118,118],"card_choices":[{"not_picked":["Blood for Blood","Headbutt"],"picked":"Havoc","floor":1},{"not_picked":["Dual Wield","Headbutt"],"picked":"Body Slam","floor":2},{"not_picked":["Fire Breathing","Rampage"],"picked":"Flex","floor":7},{"not_picked":["Dual Wield","Blood for Blood"],"picked":"Flex","floor":8},{"not_picked":["Combust","Clothesline","Heavy Blade"],"picked":"SKIP","floor":11},{"not_picked":["Body Slam","Pummel"],"picked":"Spot Weakness","floor":14},{"not_picked":["Pummel","Seeing Red"],"picked":"Power Through","floor":14},{"not_picked":["Bludgeon","Fiend Fire"],"picked":"Limit Break","floor":16},{"not_picked":["Armaments","Pummel"],"picked":"Rupture","floor":17},{"not_picked":["Warcry+1","Armaments"],"picked":"Feel No Pain","floor":18},{"not_picked":["Flex+1","Pommel Strike"],"picked":"Blood for Blood+1","floor":18},{"not_picked":["Anger","Clash+1"],"picked":"Evolve","floor":21},{"not_picked":["Armaments+1","Clothesline+1"],"picked":"Wild Strike+1","floor":21},{"not_picked":["Rampage+1","Thunderclap"],"picked":"Flex","floor":24},{"not_picked":["Shockwave","Searing Blow"],"picked":"Corruption","floor":24},{"not_picked":["Wild Strike+1","Anger"],"picked":"Impervious","floor":27},{"not_picked":["Anger","Evolve+1"],"picked":"Heavy Blade","floor":27}],"player_experience":1087975,"relics_obtained":[{"floor":3,"key":"Matryoshka"},{"floor":9,"key":"The Courier"},{"floor":9,"key":"Paper Frog"},{"floor":11,"key":"Prayer Wheel"},{"floor":12,"key":"Blue Candle"},{"floor":12,"key":"Ancient Tea Set"},{"floor":26,"key":"Strawberry"}],"event_choices":[{"damage_healed":0,"gold_gain":0,"player_choice":"Entered Light","damage_taken":16,"max_hp_gain":0,"max_hp_loss":0,"event_name":"Shining Light","floor":4,"gold_loss":0,"cards_upgraded":["Defend_R","Strike_R"]},{"damage_healed":0,"gold_gain":0,"player_choice":"Ignored","damage_taken":0,"max_hp_gain":0,"max_hp_loss":0,"event_name":"Golden Wing","floor":5,"gold_loss":0},{"cards_removed":["Exhume"],"damage_healed":29,"gold_gain":0,"player_choice":"Offered Rare","damage_taken":0,"max_hp_gain":10,"max_hp_loss":0,"event_name":"Bonfire Elementals","floor":13,"gold_loss":0},{"damage_healed":0,"gold_gain":0,"player_choice":"Opened","damage_taken":0,"relics_obtained":["Pear"],"max_hp_gain":0,"max_hp_loss":0,"event_name":"The Mausoleum","floor":19,"gold_loss":0,"cards_obtained":["Writhe"]},{"damage_healed":0,"gold_gain":0,"player_choice":"Obtain J.A.X.","damage_taken":0,"max_hp_gain":0,"max_hp_loss":0,"event_name":"Drug Dealer","floor":20,"gold_loss":0,"cards_obtained":["J.A.X."]},{"damage_healed":0,"gold_gain":0,"player_choice":"Read","damage_taken":0,"max_hp_gain":0,"max_hp_loss":0,"event_name":"The Library","floor":22,"gold_loss":0,"cards_obtained":["Feed"]}],"is_beta":false,"boss_relics":[{"not_picked":["Fusion Hammer","Runic Cube"],"picked":"Tiny House"}],"items_purged_floors":[],"is_endless":false,"potions_floor_spawned":[7,8,21,27],"killed_by":"Chosen and Byrds","ascension_level":0}