{"gold_per_floor":[110,110,126,126,142,168,180,44,67,67,82,116,116,127,127,231,231,247,260,260,279,249,249,279,121,121,136,150,162,162,162,162,258,258,269,29,29,47,47,47,47,62,86,0,0,29,29,57,57,57],"floor_reached":51,"playtime":2037,"items_purged":[],"score":879,"play_id":"b70e9d0f-a824-4254-bd89-0d5df8de647a","local_time":"20180825001450","is_ascension_mode":true,"campfire_choices":[{"floor":13,"key":"REST"},{"data":"Anger","floor":15,"key":"SMITH"},{"floor":23,"key":"REST"},{"floor":30,"key":"REST"},{"floor":32,"key":"REST"},{"data":"Armaments","floor":40,"key":"SMITH"},{"floor":47,"key":"REST"},{"floor":49,"key":"REST"}],"neow_cost":"TEN_PERCENT_HP_LOSS","seed_source_timestamp":0,"circlet_count":0,"master_deck":["Bash","Demon Form+1","Anger","Inflame","Enlightenment","Armaments+1","Anger+1","Spot Weakness","Sword Boomerang","Impervious","Anger","Flex","Pommel Strike","Shrug It Off","Heavy Blade","Sentinel","Sword Boomerang+1","Anger","Bludgeon","Inflame+1","Immolate+1","Infernal Blade+1","Seeing Red","Thunderclap","Limit Break","Shrug It Off+1","Limit Break","Blind","Dark Shackles","Armaments"],"special_seed":0,"relics":["Burning Blood","MawBank","Centennial Puzzle","Champion Belt","Pandora\u0027s Box","Happy Flower","Gambling Chip","Busted Crown","The Courier","Strawberry","Red Mask","Bag of Preparation","Whetstone"],"potions_floor_usage":[16,19,21,24,24,29,33,38,46],"damage_taken":[{"damage":3,"enemies":"2 Louse","floor":1,"turns":3},{"damage":1,"enemies":"Cultist","floor":3,"turns":4},{"damage":10,"enemies":"Small Slimes","floor":5,"turns":3},{"damage":35,"enemies":"3 Sentries","floor":6,"turns":7},{"damage":19,"enemies":"Blue Slaver","floor":11,"turns":5},{"damage":26,"enemies":"Gremlin Nob","floor":12,"turns":4},{"damage":6,"enemies":"3 Louse","floor":14,"turns":3},{"damage":35,"enemies":"Hexaghost","floor":16,"turns":7},{"damage":11,"enemies":"Spheric Guardian","floor":18,"turns":4},{"damage":17,"enemies":"2 Thieves","floor":19,"turns":3},{"damage":23,"enemies":"Centurion and Healer","floor":21,"turns":4},{"damage":9,"enemies":"Gremlin Leader","floor":24,"turns":4},{"damage":16,"enemies":"Snake Plant","floor":27,"turns":2},{"damage":6,"enemies":"Cultist and Chosen","floor":28,"turns":3},{"damage":32,"enemies":"Shelled Parasite and Fungi","floor":29,"turns":4},{"damage":58,"enemies":"Champ","floor":33,"turns":7},{"damage":9,"enemies":"Flame Bruiser 1 Orb","floor":35,"turns":2},{"damage":0,"enemies":"3 Shapes","floor":38,"turns":1},{"damage":9,"enemies":"Spire Growth","floor":42,"turns":4},{"damage":81,"enemies":"2 Orb Walkers","floor":46,"turns":5},{"damage":25,"enemies":"Nemesis","floor":48,"turns":5},{"damage":33,"enemies":"Donu and Deca","floor":50,"turns":6}],"seed_played":"4397914665189901381","potions_obtained":[{"floor":11,"key":"GamblersBrew"},{"floor":12,"key":"SpeedPotion"},{"floor":14,"key":"Explosive Potion"},{"floor":16,"key":"Weak Potion"},{"floor":18,"key":"SneckoOil"},{"floor":22,"key":"SteroidPotion"},{"floor":22,"key":"Fire Potion"},{"floor":27,"key":"Strength Potion"},{"floor":29,"key":"Explosive Potion"},{"floor":38,"key":"SkillPotion"}],"is_trial":false,"path_per_floor":["M","?","M","?","M","E","?","$","T","?","M","E","R","M","R","B",null,"M","M","?","M","?","R","E","$","T","M","M","M","R","?","R","B",null,"M","$","?","M","?","R","T","M","T","?","?","E","R","E","R","B"],"character_chosen":"IRONCLAD","items_purchased":["Enlightenment","Armaments","Immolate","Limit Break","Blind"],"campfire_rested":6,"item_purchase_floors":[8,8,25,36,36],"current_hp_per_floor":[72,72,72,77,73,44,77,77,77,77,64,44,67,67,67,38,77,72,61,47,30,30,54,51,51,51,41,41,15,39,39,63,11,82,79,79,79,82,82,82,82,79,86,86,86,11,37,18,44,17],"gold":57,"neow_bonus":"THREE_RARE_CARDS","is_prod":false,"is_daily":false,"chose_seed":false,"campfire_upgraded":2,"win_rate":0,"timestamp":1535177690,"path_taken":["M","?","?","?","?","E","?","?","T","?","M","E","R","M","R","BOSS","M","?","?","M","?","R","E","?","T","M","?","M","R","?","R","BOSS","M","$","?","?","?","R","?","M","T","?","?","E","R","E","R","BOSS"],"build_version":"2018-08-23v2","purchased_purges":0,"victory":true,"max_hp_per_floor":[72,72,72,77,77,77,77,77,77,77,77,77,77,77,77,77,77,77,77,82,82,82,82,82,82,82,82,82,82,82,82,82,82,82,82,82,82,82,82,82,82,82,89,89,89,89,89,89,89,89],"card_choices":[{"not_picked":["Double Tap","Limit Break"],"picked":"Demon Form","floor":0.0},{"not_picked":["Pommel Strike","Warcry"],"picked":"Anger","floor":1},{"not_picked":["Searing Blow","Flame Barrier"],"picked":"Intimidate","floor":3},{"not_picked":["Combust","Shockwave","Body Slam"],"picked":"SKIP","floor":5},{"not_picked":["Second Wind","Corruption"],"picked":"Inflame","floor":6},{"not_picked":["Body Slam","Feel No Pain"],"picked":"Anger","floor":11},{"not_picked":["Dropkick","Perfected Strike"],"picked":"Spot Weakness","floor":12},{"not_picked":["Dropkick","Anger"],"picked":"Sword Boomerang","floor":14},{"not_picked":["Offering","Limit Break"],"picked":"Impervious","floor":16},{"not_picked":["True Grit","Rupture","Blood for Blood"],"picked":"SKIP","floor":18},{"not_picked":["Clothesline","Wild Strike"],"picked":"Anger","floor":19},{"not_picked":["Armaments","Clash"],"picked":"Bludgeon","floor":21},{"not_picked":["Wild Strike","Perfected Strike+1"],"picked":"Inflame+1","floor":24},{"not_picked":["Clash","Reckless Charge+1"],"picked":"Infernal Blade+1","floor":27},{"not_picked":["Heavy Blade","Shrug It Off"],"picked":"Seeing Red","floor":28},{"not_picked":["Uppercut","Anger"],"picked":"Thunderclap","floor":29},{"not_picked":["Brutality","Barricade"],"picked":"Limit Break","floor":33},{"not_picked":[],"picked":"Shrug It Off+1","floor":35},{"not_picked":[],"picked":"Dark Shackles","floor":37},{"not_picked":["Warcry+1"],"picked":"SKIP","floor":38},{"not_picked":["Warcry+1"],"picked":"SKIP","floor":42},{"not_picked":[],"picked":"Armaments","floor":46},{"not_picked":["Evolve"],"picked":"SKIP","floor":48}],"player_experience":337547,"relics_obtained":[{"floor":6,"key":"MawBank"},{"floor":9,"key":"Centennial Puzzle"},{"floor":12,"key":"Champion Belt"},{"floor":24,"key":"Happy Flower"},{"floor":26,"key":"Gambling Chip"},{"floor":41,"key":"The Courier"},{"floor":43,"key":"Strawberry"},{"floor":46,"key":"Bag of Preparation"},{"floor":48,"key":"Whetstone"}],"event_choices":[{"event_name":"Upgrade Shrine","player_choice":"Upgraded","floor":2,"damage_taken":0},{"event_name":"Big Fish","player_choice":"Donut","floor":4,"damage_taken":0},{"event_name":"Bonfire Elementals","player_choice":"UNCOMMON","floor":7,"damage_taken":0},{"event_name":"Golden Wing","player_choice":"Ignored","floor":10,"damage_taken":0},{"event_name":"Forgotten Altar","player_choice":"Shed Blood","floor":20,"damage_taken":0},{"event_name":"The Woman in Blue","player_choice":"Bought 2 Potions","floor":22,"damage_taken":0},{"event_name":"Purifier","player_choice":"One Purge","floor":31,"damage_taken":0},{"event_name":"SensoryStone","player_choice":"Memory 1","floor":37,"damage_taken":0},{"event_name":"Falling","player_choice":"Removed Attack","floor":39,"damage_taken":0},{"event_name":"Tomb of Lord Red Mask","player_choice":"Paid","floor":44,"damage_taken":0},{"event_name":"Mysterious Sphere","player_choice":"Ignore","floor":45,"damage_taken":0}],"is_beta":false,"boss_relics":[{"not_picked":["Empty Cage","Velvet Choker"],"picked":"Pandora\u0027s Box"},{"not_picked":["Snecko Eye","Astrolabe"],"picked":"Busted Crown"}],"items_purged_floors":[],"is_endless":false,"potions_floor_spawned":[11,12,14,16,18,27,29,38],"ascension_level":2}