{"gold_per_floor":[115,115,125,139,152,181,181,207,262,278,288,463,463,463,463,563,563,580,594,594,774,784,784,784,799,799,799,816,816,834,849,849,944,944,963,976,987,456,456,456,456,466,466,466,484,502,6,23,23,23],"floor_reached":51,"playtime":2420,"items_purged":["Normality"],"score":715,"play_id":"bcbeb7ff-a7f6-455b-896c-e26b18944566","local_time":"20180810123936","is_ascension_mode":false,"campfire_choices":[{"floor":7.0,"key":"REST"},{"data":"Zap","floor":13.0,"key":"SMITH"},{"floor":15.0,"key":"REST"},{"floor":23,"key":"REST"},{"floor":27,"key":"REST"},{"floor":32,"key":"REST"},{"data":"Echo Form","floor":40,"key":"SMITH"},{"data":"Echo Form","floor":44,"key":"SMITH"},{"floor":49,"key":"REST"}],"neow_cost":"TEN_PERCENT_HP_LOSS","seed_source_timestamp":0,"circlet_count":0,"master_deck":["Defend_B","Defend_B","Defend_B","Zap+1","Dualcast","Electrodynamics","Hologram","Conserve Battery","Reboot","Leap","Steam","Conserve Battery","Echo Form+1","Coolheaded","Echo Form+1","Cold Snap+1","Echo Form","White Noise","Seek","Loop+1","Defragment+1","Cold Snap+1","Storm+1","Tempest","Capacitor","Seek","Coolheaded+1"],"special_seed":0,"relics":["FrozenCore","Regal Pillow","Singing Bowl","Whetstone","Darkstone Periapt","GremlinMask","Mercury Hourglass","Astrolabe","Lantern","Strawberry","Anchor","Boot","Bag of Marbles","ClockworkSouvenir"],"potions_floor_usage":[22,22,28,31,36,37,46],"damage_taken":[{"damage":10.0,"enemies":"Small Slimes","floor":1.0,"turns":2.0},{"damage":1.0,"enemies":"2 Louse","floor":3.0,"turns":3.0},{"damage":4.0,"enemies":"Jaw Worm","floor":4.0,"turns":3.0},{"damage":4.0,"enemies":"Red Slaver","floor":5.0,"turns":4.0},{"damage":34.0,"enemies":"Gremlin Nob","floor":6.0,"turns":5.0},{"damage":11.0,"enemies":"3 Sentries","floor":8.0,"turns":3.0},{"damage":0.0,"enemies":"3 Louse","floor":10.0,"turns":4.0},{"damage":0.0,"enemies":"Blue Slaver","floor":11.0,"turns":3.0},{"damage":56.0,"enemies":"Hexaghost","floor":16.0,"turns":12.0},{"damage":16.0,"enemies":"3 Byrds","floor":18.0,"turns":5.0},{"damage":18.0,"enemies":"2 Thieves","floor":19.0,"turns":2.0},{"damage":5,"enemies":"Centurion and Healer","floor":22,"turns":7},{"damage":33,"enemies":"Cultist and Chosen","floor":25,"turns":10},{"damage":16,"enemies":"Sentry and Sphere","floor":28,"turns":7},{"damage":17,"enemies":"Snake Plant","floor":30,"turns":6},{"damage":17,"enemies":"Cultist and Chosen","floor":31,"turns":7},{"damage":54,"enemies":"Automaton","floor":33,"turns":12},{"damage":11,"enemies":"3 Darklings","floor":35,"turns":5},{"damage":11,"enemies":"Orb Walker","floor":36,"turns":5},{"damage":1,"enemies":"Maw","floor":37,"turns":9},{"damage":10,"enemies":"4 Shapes","floor":42,"turns":3},{"damage":37,"enemies":"Spire Growth","floor":45,"turns":5},{"damage":14,"enemies":"Flame Bruiser 2 Orb","floor":46,"turns":4},{"damage":5,"enemies":"Transient","floor":48,"turns":5},{"damage":56,"enemies":"Donu and Deca","floor":50,"turns":7}],"seed_played":"3043857468684393102","potions_obtained":[{"floor":1.0,"key":"Explosive Potion"},{"floor":3.0,"key":"LiquidBronze"},{"floor":5.0,"key":"Strength Potion"},{"floor":11.0,"key":"Explosive Potion"},{"floor":19.0,"key":"Fruit Juice"},{"floor":25,"key":"GamblersBrew"},{"floor":28,"key":"FearPotion"},{"floor":30,"key":"SpeedPotion"},{"floor":35,"key":"AttackPotion"},{"floor":36,"key":"Weak Potion"},{"floor":37,"key":"Explosive Potion"}],"is_trial":false,"path_per_floor":["M","?","M","M","M","E","R","E","T","M","M","?","R","?","R","B",null,"M","M","T","?","M","R","?","M","T","R","M","?","M","M","R","B",null,"M","M","M","$","?","R","?","M","T","R","M","M","$","M","R","B"],"character_chosen":"DEFECT","items_purchased":["Lantern","Tempest","Capacitor","Strawberry","Boot","Bag of Marbles","ClockworkSouvenir"],"campfire_rested":6,"item_purchase_floors":[38,38,38,38,47,47,47],"current_hp_per_floor":[58,51,50,46,42,8,43,34,34,34,36,36,36,41,77,21,77,63,45,45,24,24,64,64,33,33,73,57,57,42,25,66,12,94,83,74,73,80,80,80,80,70,70,70,35,23,23,18,65,9],"gold":23,"neow_bonus":"THREE_RARE_CARDS","is_prod":false,"is_daily":false,"chose_seed":false,"campfire_upgraded":3,"win_rate":0.0,"timestamp":1533919176,"path_taken":["M","?","M","M","M","E","R","E","T","M","M","?","R","?","R","BOSS","M","M","?","?","M","R","?","M","T","R","M","?","?","M","R","BOSS","M","M","M","$","?","R","?","M","T","R","M","M","$","?","R","BOSS"],"build_version":"2018-08-08","purchased_purges":1,"victory":true,"max_hp_per_floor":[68,68,68,68,68,68,68,70,70,70,72,72,72,77,77,77,77,79,79,79,79,84,84,84,86,86,86,86,86,88,88,88,88,94,94,96,96,103,103,103,103,103,103,103,105,107,107,107,107,107],"card_choices":[{"not_picked":["Amplify","Fission"],"picked":"Electrodynamics","floor":0.0},{"not_picked":["Reprogram","Barrage"],"picked":"Hologram","floor":1.0},{"not_picked":["Skim","Hologram"],"picked":"Conserve Battery","floor":3.0},{"not_picked":["Turbo","Ball Lightning"],"picked":"Reboot","floor":4.0},{"not_picked":["FTL","Auto Shields"],"picked":"Leap","floor":5.0},{"not_picked":["Chaos","Auto Shields"],"picked":"Steam","floor":6.0},{"not_picked":["Steam Power","Blizzard","Creative AI"],"picked":"Singing Bowl","floor":8.0},{"not_picked":["Turbo","Sweeping Beam"],"picked":"Conserve Battery","floor":10.0},{"not_picked":["Beam Cell","Skim","Undo"],"picked":"Singing Bowl","floor":11.0},{"not_picked":["Rainbow","Machine Learning"],"picked":"Echo Form","floor":16.0},{"not_picked":["Gash","Scrape","Compile Driver"],"picked":"Singing Bowl","floor":18.0},{"not_picked":["Conserve Battery","Streamline"],"picked":"Coolheaded","floor":19.0},{"not_picked":["Go for the Eyes+1","Loop"],"picked":"Echo Form","floor":22},{"not_picked":["Rebound","BootSequence+1","Scrape"],"picked":"Singing Bowl","floor":25},{"not_picked":["Reprogram","Scrape"],"picked":"Cold Snap+1","floor":28},{"not_picked":["Stack","Barrage","Double Energy"],"picked":"Singing Bowl","floor":30},{"not_picked":["Leap","Darkness+1"],"picked":"White Noise","floor":31},{"not_picked":["Multi-Cast","Reboot"],"picked":"Seek","floor":33},{"not_picked":["Beam Cell","Reprogram+1"],"picked":"Cold Snap+1","floor":35},{"not_picked":["Rip and Tear+1","Melter+1","Conserve Battery"],"picked":"Singing Bowl","floor":36},{"not_picked":["Force Field","Streamline"],"picked":"Storm+1","floor":37},{"not_picked":["Sunder+1","Force Field+1"],"picked":"Seek","floor":42},{"not_picked":["Compile Driver","Streamline","Go for the Eyes+1"],"picked":"Singing Bowl","floor":45},{"not_picked":["Melter+1","Stack","Streamline+1"],"picked":"Singing Bowl","floor":46},{"not_picked":["Sweeping Beam+1","Redo+1"],"picked":"Coolheaded+1","floor":48}],"player_experience":157170,"relics_obtained":[{"floor":6.0,"key":"Regal Pillow"},{"floor":8.0,"key":"Singing Bowl"},{"floor":9.0,"key":"Whetstone"},{"floor":20.0,"key":"Darkstone Periapt"},{"floor":26,"key":"Mercury Hourglass"},{"floor":43,"key":"Anchor"}],"event_choices":[{"event_name":"Golden Wing","player_choice":"Card Removal","floor":2.0,"damage_taken":0.0},{"event_name":"Liars Game","player_choice":"agreed","floor":12.0,"damage_taken":0.0},{"event_name":"Big Fish","player_choice":"Donut","floor":14.0,"damage_taken":0.0},{"event_name":"Knowing Skull","player_choice":"GOLD GOLD ","floor":21.0,"damage_taken":0.0},{"event_name":"FaceTrader","player_choice":"Trade","floor":24,"damage_taken":0},{"event_name":"Duplicator","player_choice":"One dupe","floor":29,"damage_taken":0},{"event_name":"Falling","player_choice":"Removed Attack","floor":39,"damage_taken":0},{"event_name":"Purifier","player_choice":"One Purge","floor":41,"damage_taken":0}],"is_beta":true,"boss_relics":[{"not_picked":["Empty Cage","Black Star"],"picked":"FrozenCore"},{"not_picked":["Coffee Dripper","White Beast Statue"],"picked":"Astrolabe"}],"items_purged_floors":[38],"is_endless":false,"potions_floor_spawned":[1,3,5,11,19,25,28,30,35,36,37],"ascension_level":0}