{"gold_per_floor":[114,64,64,78,78,78,110,110,110,123,133,133,64,75,75,176,176,156,3,3,3,13,13,13,13,67,67,67],"floor_reached":28,"playtime":850,"items_purged":["Strike_R"],"score":214,"play_id":"66aa4b51-a348-4f03-b263-4491a4db46bd","local_time":"20190123235707","is_ascension_mode":false,"campfire_choices":[{"data":"Flame Barrier","floor":6,"key":"SMITH"},{"data":"Headbutt","floor":8,"key":"SMITH"},{"data":"Carnage","floor":12,"key":"SMITH"},{"floor":15,"key":"REST"},{"data":"Double Tap","floor":23,"key":"SMITH"},{"data":"RitualDagger","floor":27,"key":"SMITH"}],"neow_cost":"NONE","seed_source_timestamp":958812143882840,"circlet_count":0,"master_deck":["Strike_R+1","Strike_R+1","Strike_R+1","Defend_R+1","Defend_R+1","Defend_R+1","Defend_R+1","Bash","Clothesline","Flame Barrier+1","Headbutt+1","Shrug It Off","Carnage+1","Evolve","Double Tap+1","Intimidate","Power Through","Disarm+1","RitualDagger+1"],"relics":["Runic Dome"],"potions_floor_usage":[],"damage_taken":[{"damage":0,"enemies":"Small Slimes","floor":1,"turns":3},{"damage":8,"enemies":"Jaw Worm","floor":4,"turns":3},{"damage":38,"enemies":"3 Sentries","floor":7,"turns":13},{"damage":0,"enemies":"Cultist","floor":10,"turns":2},{"damage":4,"enemies":"Blue Slaver","floor":11,"turns":3},{"damage":0,"enemies":"Large Slime","floor":14,"turns":3},{"damage":41,"enemies":"Slime Boss","floor":16,"turns":9},{"damage":12,"enemies":"2 Thieves","floor":18,"turns":4},{"damage":2,"enemies":"Spheric Guardian","floor":22,"turns":3},{"damage":28,"enemies":"Colosseum Slavers","floor":25,"turns":7},{"damage":41,"enemies":"Cultist and Chosen","floor":28,"turns":4}],"seed_played":"-964913550254056147","potions_obtained":[{"floor":1,"key":"Energy Potion"},{"floor":16,"key":"BloodPotion"},{"floor":18,"key":"Weak Potion"}],"is_trial":false,"path_per_floor":["M","?","?","M","?","R","E","R","T","M","M","R","$","M","R","B",null,"M","$","T","?","M","R","?","?","T","R","M"],"character_chosen":"IRONCLAD","items_purchased":["Evolve","Power Through"],"campfire_rested":1,"item_purchase_floors":[13,19],"current_hp_per_floor":[80,80,80,72,77,77,39,39,39,39,35,35,35,35,60,19,85,73,73,73,73,71,71,65,37,37,37,0],"gold":67,"neow_bonus":"BOSS_RELIC","is_prod":false,"is_daily":false,"chose_seed":false,"campfire_upgraded":5,"win_rate":0,"timestamp":1548316627,"path_taken":["M","?","?","M","?","R","E","R","T","M","?","R","$","M","R","BOSS","M","$","?","?","M","R","?","?","T","R","?"],"build_version":"2019-01-23","purchased_purges":1,"victory":false,"max_hp_per_floor":[80,80,80,80,85,85,85,85,85,85,85,85,85,85,85,85,85,85,85,85,85,85,85,85,85,85,85,85],"card_choices":[{"not_picked":["Spot Weakness","Heavy Blade"],"picked":"Clothesline","floor":1},{"not_picked":["Intimidate","Battle Trance"],"picked":"Flame Barrier","floor":4},{"not_picked":["Perfected Strike","Thunderclap"],"picked":"Headbutt","floor":7},{"not_picked":["Warcry","Thunderclap"],"picked":"Shrug It Off","floor":10},{"not_picked":["Twin Strike","Hemokinesis"],"picked":"Carnage","floor":11},{"not_picked":["Bludgeon","Dual Wield","Pommel Strike"],"picked":"SKIP","floor":14},{"not_picked":["Reaper","Exhume"],"picked":"Double Tap","floor":16},{"not_picked":["Intimidate","Headbutt","Armaments"],"picked":"SKIP","floor":18},{"not_picked":["Headbutt","Armaments"],"picked":"Intimidate","floor":18},{"not_picked":["Clash","Twin Strike"],"picked":"Disarm+1","floor":22}],"player_experience":293799,"relics_obtained":[],"event_choices":[{"cards_removed":["Strike_R"],"damage_healed":0,"gold_gain":0,"player_choice":"Card Removal","damage_taken":0,"max_hp_gain":0,"max_hp_loss":0,"event_name":"The Cleric","floor":2,"gold_loss":50},{"damage_healed":0,"gold_gain":0,"player_choice":"Ignored","damage_taken":0,"max_hp_gain":0,"max_hp_loss":0,"event_name":"Liars Game","floor":3,"gold_loss":0},{"damage_healed":0,"gold_gain":0,"player_choice":"Donut","damage_taken":0,"max_hp_gain":5,"max_hp_loss":0,"event_name":"Big Fish","floor":5,"gold_loss":0},{"damage_healed":0,"gold_gain":0,"player_choice":"Simplicity","damage_taken":0,"max_hp_gain":0,"max_hp_loss":0,"event_name":"Back to Basics","floor":21,"gold_loss":0,"cards_upgraded":["Strike_R","Strike_R","Strike_R","Defend_R","Defend_R","Defend_R","Defend_R"]},{"damage_healed":0,"gold_gain":0,"player_choice":"Joined the Cult","damage_taken":6,"max_hp_gain":0,"max_hp_loss":0,"event_name":"Nest","floor":24,"gold_loss":0,"cards_obtained":["RitualDagger"]},{"damage_healed":0,"gold_gain":0,"player_choice":"Fight","damage_taken":0,"max_hp_gain":0,"max_hp_loss":0,"event_name":"Colosseum","floor":25,"gold_loss":0},{"damage_healed":0,"gold_gain":0,"player_choice":"Fled From Nobs","damage_taken":0,"max_hp_gain":0,"max_hp_loss":0,"event_name":"Colosseum","floor":25,"gold_loss":0}],"is_beta":false,"boss_relics":[{"not_picked":["Philosopher\u0027s Stone","Tiny House","White Beast Statue"]}],"items_purged_floors":[19],"is_endless":false,"potions_floor_spawned":[1,16,18],"killed_by":"Cultist and Chosen","ascension_level":0}