{"gold_per_floor":[116,130,305,320,338,338,353,35,35,52,77,93,14,14,14,109,109,124,141,41,41,41,41,66,81,105,105,131,6,6],"floor_reached":30,"playtime":5648,"items_purged":["Doubt","Backflip","Underhanded Strike"],"score":400,"play_id":"a656b3e6-2539-40e2-9f46-e638b5f360e0","local_time":"20181028221637","is_ascension_mode":true,"campfire_choices":[{"data":"Cloak And Dagger","floor":6,"key":"SMITH"},{"floor":15,"key":"REST"},{"floor":23,"key":"REST"},{"floor":27,"key":"REST"}],"neow_cost":"NONE","seed_source_timestamp":1566645233858432,"circlet_count":0,"master_deck":["Survivor","Neutralize","Infinite Blades","Cloak And Dagger+1","Blade Dance","Unload","Deflect","Dagger Throw","Crippling Poison","Backflip","Quick Slash","Accuracy","Underhanded Strike","Footwork+1","Finisher","Endless Agony"],"relics":["Ring of the Snake","Oddly Smooth Stone","Torii","Dead Branch","Pandora\u0027s Box","Calipers","Centennial Puzzle","Incense Burner"],"potions_floor_usage":[7,10,10,11,18,30],"damage_taken":[{"damage":0,"enemies":"Jaw Worm","floor":1,"turns":5},{"damage":1,"enemies":"Small Slimes","floor":2,"turns":5},{"damage":0,"enemies":"2 Louse","floor":4,"turns":4},{"damage":7,"enemies":"Blue Slaver","floor":5,"turns":6},{"damage":18,"enemies":"Lots of Slimes","floor":7,"turns":7},{"damage":8,"enemies":"Exordium Thugs","floor":10,"turns":7},{"damage":27,"enemies":"Gremlin Nob","floor":11,"turns":5},{"damage":11,"enemies":"Large Slime","floor":12,"turns":6},{"damage":0,"enemies":"Hexaghost","floor":16,"turns":11},{"damage":9,"enemies":"Shell Parasite","floor":18,"turns":7},{"damage":17,"enemies":"2 Thieves","floor":19,"turns":4},{"damage":24,"enemies":"Book of Stabbing","floor":24,"turns":5},{"damage":0,"enemies":"Snecko","floor":25,"turns":6},{"damage":66,"enemies":"Slavers","floor":28,"turns":7},{"damage":6,"enemies":"Snake Plant","floor":30,"turns":4}],"seed_played":"8781805500783246838","potions_obtained":[{"floor":1,"key":"Regen Potion"},{"floor":5,"key":"SkillPotion"},{"floor":10,"key":"Weak Potion"},{"floor":11,"key":"Ancient Potion"},{"floor":24,"key":"Weak Potion"},{"floor":25,"key":"SteroidPotion"},{"floor":28,"key":"Energy Potion"}],"is_trial":false,"path_per_floor":["M","M","?","M","M","R","M","$","T","M","E","M","$","?","R","B",null,"M","M","$","?","?","R","E","M","T","R","E","$"],"character_chosen":"THE_SILENT","items_purchased":["Oddly Smooth Stone","Blade Dance","GhostInAJar","Regen Potion"],"campfire_rested":3,"item_purchase_floors":[8,8,8,13],"current_hp_per_floor":[77,76,76,76,69,69,66,66,66,58,31,20,20,20,43,43,69,74,57,57,57,43,67,43,43,43,67,1,1,0],"gold":6,"neow_bonus":"TEN_PERCENT_HP_BONUS","is_prod":false,"is_daily":false,"chose_seed":false,"campfire_upgraded":1,"win_rate":0,"timestamp":1540786597,"path_taken":["M","M","?","M","M","R","M","$","T","M","E","M","$","?","R","BOSS","M","M","$","?","?","R","E","M","T","R","E","$","?"],"build_version":"2018-10-25v2","purchased_purges":3,"victory":false,"max_hp_per_floor":[77,77,77,77,77,77,77,77,77,77,77,77,77,77,77,77,77,77,77,77,77,82,82,82,82,82,82,82,82,82],"card_choices":[{"not_picked":["Expertise","Dagger Spray"],"picked":"Infinite Blades","floor":1},{"not_picked":["Bane","Skewer"],"picked":"Cloak And Dagger","floor":2},{"not_picked":["Dodge and Roll","Heel Hook","Sucker Punch"],"picked":"SKIP","floor":4},{"not_picked":["Dagger Throw","PiercingWail","Setup"],"picked":"SKIP","floor":5},{"not_picked":["Deflect","Phantasmal Killer","Deadly Poison"],"picked":"SKIP","floor":7},{"not_picked":["Deadly Poison","Dash","Noxious Fumes"],"picked":"SKIP","floor":10},{"not_picked":["Tactician","Reflex","PiercingWail"],"picked":"SKIP","floor":11},{"not_picked":["Acrobatics","Dodge and Roll","Riddle With Holes"],"picked":"SKIP","floor":12},{"not_picked":["Glass Knife","A Thousand Cuts"],"picked":"Unload","floor":16},{"not_picked":["Prepared+1","Blade Dance"],"picked":"Footwork+1","floor":18},{"not_picked":["Dash","Leg Sweep","Outmaneuver"],"picked":"SKIP","floor":19},{"not_picked":["Backflip","All Out Attack","Underhanded Strike+1"],"picked":"SKIP","floor":24},{"not_picked":["Concentrate+1","Quick Slash"],"picked":"Finisher","floor":25},{"not_picked":["Dagger Throw+1","Slice"],"picked":"Endless Agony","floor":28}],"player_experience":948800,"relics_obtained":[{"floor":9,"key":"Torii"},{"floor":11,"key":"Dead Branch"},{"floor":24,"key":"Calipers"},{"floor":26,"key":"Centennial Puzzle"},{"floor":28,"key":"Incense Burner"}],"event_choices":[{"damage_healed":0,"gold_gain":175,"player_choice":"AGREE","damage_taken":0,"max_hp_gain":0,"max_hp_loss":0,"event_name":"Liars Game","floor":3,"gold_loss":0,"cards_obtained":["Doubt"]},{"cards_removed":["Strike_G"],"damage_healed":0,"gold_gain":0,"player_choice":"Offered Basic","damage_taken":0,"max_hp_gain":0,"max_hp_loss":0,"event_name":"Bonfire Elementals","floor":14,"gold_loss":0},{"damage_healed":0,"gold_gain":0,"player_choice":"Shed Blood","damage_taken":19,"max_hp_gain":5,"max_hp_loss":0,"event_name":"Forgotten Altar","floor":22,"gold_loss":0}],"is_beta":false,"boss_relics":[{"not_picked":["Velvet Choker","Runic Dome"],"picked":"Pandora\u0027s Box"}],"items_purged_floors":[8,20,29],"is_endless":false,"potions_floor_spawned":[1,5,10,11,24,25,28],"killed_by":"Snake Plant","ascension_level":5}