{"gold_per_floor":[111,59,59,70,70,70,21,21,21,38,38,68,91,103,115,224,236,258,302,314,241,277,306,328,250,262,274,315,327,354,379,391,501,513,541,553,565,577,589,601,624,636,671,683,712,724,24,24,24,24],"floor_reached":51,"playtime":1243,"items_purged":["Infernal Blade+1"],"score":759,"play_id":"f2ec4d52-7fa5-48b2-89ca-2b28a3692d3f","local_time":"20190409121704","is_ascension_mode":false,"campfire_choices":[{"data":"Bash","floor":6.0,"key":"SMITH"},{"data":"Flex","floor":11.0,"key":"SMITH"},{"data":"Demon Form","floor":15.0,"key":"SMITH"},{"data":"Whirlwind","floor":27.0,"key":"SMITH"},{"data":"Battle Trance","floor":29.0,"key":"SMITH"},{"floor":32.0,"key":"REST"},{"data":"Limit Break","floor":40.0,"key":"SMITH"},{"data":"Heavy Blade","floor":42.0,"key":"SMITH"},{"data":"Rampage","floor":44,"key":"SMITH"},{"floor":49,"key":"REST"}],"neow_cost":"NONE","seed_source_timestamp":8620946050753,"circlet_count":0,"master_deck":["Bash+1","Heavy Blade+1","Armaments+1","Flex+1","Battle Trance+1","Demon Form+1","Intimidate+1","Limit Break+1","Demon Form+1","Whirlwind+1","Feel No Pain+1","Seeing Red+1","Fiend Fire+1","Rampage+1","Spot Weakness+1","Havoc+1","Shockwave+1","Disarm+1","Flame Barrier+1","Armaments+1","Impervious+1","Heavy Blade+1"],"special_seed":0,"relics":["Burning Blood","NeowsBlessing","Art of War","Ice Cream","MawBank","Pandora\u0027s Box","Red Mask","Mango","Strawberry","Anchor","Juzu Bracelet","Snecko Eye","Darkstone Periapt","Boot","Mark of the Bloom","Bag of Preparation","Toxic Egg 2","MealTicket"],"potions_floor_usage":[50,50,50],"damage_taken":[{"damage":0.0,"enemies":"Jaw Worm","floor":1.0,"turns":1.0},{"damage":0.0,"enemies":"2 Louse","floor":4.0,"turns":1.0},{"damage":0.0,"enemies":"Cultist","floor":10.0,"turns":1.0},{"damage":19.0,"enemies":"3 Sentries","floor":12.0,"turns":8.0},{"damage":0.0,"enemies":"Large Slime","floor":13.0,"turns":3.0},{"damage":27.0,"enemies":"The Guardian","floor":16.0,"turns":10.0},{"damage":1.0,"enemies":"Spheric Guardian","floor":18.0,"turns":3.0},{"damage":29.0,"enemies":"Masked Bandits","floor":19.0,"turns":4.0},{"damage":6.0,"enemies":"Chosen","floor":23.0,"turns":3.0},{"damage":22.0,"enemies":"Sentry and Sphere","floor":24.0,"turns":4.0},{"damage":28.0,"enemies":"Slavers","floor":28.0,"turns":4.0},{"damage":0.0,"enemies":"Centurion and Healer","floor":30.0,"turns":5.0},{"damage":0.0,"enemies":"Snecko","floor":31.0,"turns":4.0},{"damage":17.0,"enemies":"Collector","floor":33.0,"turns":6.0},{"damage":0.0,"enemies":"3 Darklings","floor":35.0,"turns":4.0},{"damage":0.0,"enemies":"Orb Walker","floor":41.0,"turns":2.0},{"damage":0,"enemies":"Maw","floor":45,"turns":6},{"damage":0,"enemies":"Awakened One","floor":50,"turns":6}],"seed_played":"5839474065496526730","potions_obtained":[{"floor":4.0,"key":"SteroidPotion"},{"floor":13.0,"key":"EssenceOfSteel"},{"floor":18.0,"key":"SneckoOil"},{"floor":19.0,"key":"Energy Potion"},{"floor":28.0,"key":"AttackPotion"},{"floor":30.0,"key":"AttackPotion"},{"floor":33.0,"key":"Fire Potion"},{"floor":45,"key":"PowerPotion"}],"is_trial":false,"path_per_floor":["M","$","?","M","?","R","$","?","T","M","R","E","M","$","R","B",null,"M","?","?","?","T","M","M","?","T","R","E","R","M","M","R","B",null,"M","$","T","$","?","R","M","R","T","R","M","?","$","?","R","B",null],"character_chosen":"IRONCLAD","items_purchased":["Armaments","Flex","Bag of Preparation","SteroidPotion","Toxic Egg 2","MealTicket"],"campfire_rested":2,"item_purchase_floors":[2,7,47,47,47,47],"current_hp_per_floor":[80,80,80,80,85,85,85,85,85,85,85,72,78,78,78,57,85,85,62,62,76,83,83,67,67,67,67,45,45,51,57,88,77,106,106,106,106,106,101,101,101,101,101,101,101,101,101,101,101,101],"gold":24,"neow_bonus":"THREE_ENEMY_KILL","is_prod":false,"is_daily":false,"chose_seed":false,"campfire_upgraded":8,"win_rate":0,"timestamp":1554833824,"path_taken":["M","$","?","M","?","R","$","?","T","M","R","E","M","$","R","BOSS","M","?","?","?","?","?","M","?","T","R","E","R","M","M","R","BOSS","M","$","?","?","?","R","M","R","T","R","M","?","$","?","R","BOSS"],"build_version":"2019-01-23","purchased_purges":1,"victory":true,"max_hp_per_floor":[80,80,80,80,85,85,85,85,85,85,85,85,85,85,85,85,85,85,85,85,99,106,106,106,106,106,106,106,106,106,106,106,106,106,106,106,106,106,101,101,101,101,101,101,101,101,101,101,101,101],"card_choices":[{"not_picked":["Perfected Strike","Wild Strike"],"picked":"Heavy Blade","floor":1.0},{"not_picked":["Evolve","Reckless Charge"],"picked":"Infernal Blade","floor":4.0},{"not_picked":["Entrench","Body Slam"],"picked":"Battle Trance","floor":10.0},{"not_picked":["Wild Strike","Whirlwind"],"picked":"Demon Form","floor":12.0},{"not_picked":["Thunderclap","Warcry"],"picked":"Intimidate","floor":13.0},{"not_picked":["Dark Embrace","Brutality"],"picked":"Limit Break","floor":16.0},{"not_picked":["Wild Strike","Intimidate"],"picked":"Havoc+1","floor":18.0},{"not_picked":["Pummel","Dropkick"],"picked":"Shockwave+1","floor":19.0},{"not_picked":["Burning Pact+1","Cleave"],"picked":"Disarm","floor":23.0},{"not_picked":["Twin Strike","Second Wind+1","Clothesline"],"picked":"SKIP","floor":24.0},{"not_picked":["Juggernaut","Burning Pact"],"picked":"Flame Barrier","floor":28.0},{"not_picked":["Bloodletting","Thunderclap","Blood for Blood"],"picked":"SKIP","floor":30.0},{"not_picked":["Bloodletting","Thunderclap","Blood for Blood"],"picked":"SKIP","floor":30.0},{"not_picked":["Sword Boomerang","Iron Wave"],"picked":"Armaments+1","floor":31.0},{"not_picked":["Barricade","Juggernaut"],"picked":"Impervious","floor":33.0},{"not_picked":["Evolve","Twin Strike"],"picked":"Carnage+1","floor":35.0},{"not_picked":["Thunderclap","Shrug It Off+1"],"picked":"Heavy Blade+1","floor":41.0},{"not_picked":["True Grit","Second Wind","Iron Wave+1"],"picked":"SKIP","floor":45}],"player_experience":1163126,"relics_obtained":[{"floor":9.0,"key":"Ice Cream"},{"floor":12.0,"key":"MawBank"},{"floor":19.0,"key":"Red Mask"},{"floor":22.0,"key":"Strawberry"},{"floor":26.0,"key":"Anchor"},{"floor":28.0,"key":"Juzu Bracelet"},{"floor":37.0,"key":"Darkstone Periapt"},{"floor":43.0,"key":"Boot"}],"event_choices":[{"damage_healed":0.0,"max_hp_gain":0.0,"max_hp_loss":0.0,"gold_gain":0.0,"event_name":"Living Wall","player_choice":"Grow","floor":3.0,"gold_loss":0.0,"damage_taken":0.0,"cards_upgraded":["Armaments"]},{"damage_healed":0.0,"max_hp_gain":5.0,"max_hp_loss":0.0,"gold_gain":0.0,"event_name":"Big Fish","player_choice":"Donut","floor":5.0,"gold_loss":0.0,"damage_taken":0.0},{"damage_healed":0.0,"max_hp_gain":0.0,"max_hp_loss":0.0,"gold_gain":0.0,"event_name":"WeMeetAgain","player_choice":"Gave Potion","floor":8.0,"gold_loss":0.0,"damage_taken":0.0,"relics_obtained":["Art of War"]},{"damage_healed":0.0,"max_hp_gain":0.0,"max_hp_loss":0.0,"gold_gain":0.0,"event_name":"Masked Bandits","player_choice":"Fought Bandits","floor":19.0,"gold_loss":0.0,"damage_taken":0.0},{"cards_removed":["Bludgeon"],"damage_healed":0.0,"max_hp_gain":0.0,"max_hp_loss":0.0,"gold_gain":0.0,"event_name":"Back to Basics","player_choice":"Elegance","floor":20.0,"gold_loss":0.0,"damage_taken":0.0},{"damage_healed":0.0,"max_hp_gain":0.0,"max_hp_loss":0.0,"gold_gain":0.0,"event_name":"Addict","player_choice":"Obtained Relic","floor":21.0,"gold_loss":85.0,"damage_taken":0.0,"relics_obtained":["Mango"]},{"cards_removed":["Searing Blow"],"damage_healed":0.0,"max_hp_gain":0.0,"max_hp_loss":0.0,"gold_gain":0.0,"event_name":"Designer","player_choice":"Upgrade and Remove","floor":25.0,"gold_loss":90.0,"damage_taken":0.0,"cards_upgraded":["Demon Form"]},{"damage_healed":0.0,"max_hp_gain":0.0,"max_hp_loss":5.0,"gold_gain":0.0,"event_name":"Winding Halls","player_choice":"Max HP","floor":39.0,"gold_loss":0.0,"damage_taken":0.0},{"damage_healed":0,"gold_gain":0,"player_choice":"Upgrade","damage_taken":0,"relics_obtained":["Mark of the Bloom"],"max_hp_gain":0,"max_hp_loss":0,"event_name":"MindBloom","floor":46,"gold_loss":0,"cards_upgraded":["Infernal Blade","Intimidate","Feel No Pain","Seeing Red","Fiend Fire","Spot Weakness","Disarm","Flame Barrier","Impervious"]},{"cards_removed":["Carnage"],"damage_healed":0,"gold_gain":0,"player_choice":"Removed Attack","damage_taken":0,"max_hp_gain":0,"max_hp_loss":0,"event_name":"Falling","floor":48,"gold_loss":0}],"is_beta":false,"boss_relics":[{"not_picked":["Runic Cube","Black Blood"],"picked":"Pandora\u0027s Box"},{"not_picked":["Eternal Feather","Cursed Key"],"picked":"Snecko Eye"}],"items_purged_floors":[47],"is_endless":false,"potions_floor_spawned":[4,13,18,19,28,30,33,45],"ascension_level":0}