{"gold_per_floor":[115,135,135,2,17,29,29,45,117,117,135,135,154,164,164,262,262,280,280,270,369,385,385,402,3,3,3],"floor_reached":27,"playtime":2567,"items_purged":[],"score":230,"play_id":"79845dac-5d8a-4a32-aa15-fdc0f2e77123","local_time":"20190406193500","is_ascension_mode":true,"campfire_choices":[{"data":"Body Slam","floor":10,"key":"SMITH"},{"data":"Bash","floor":15,"key":"SMITH"},{"data":"Heavy Blade","floor":23,"key":"SMITH"}],"neow_cost":"NONE","seed_source_timestamp":632751852241200,"circlet_count":0,"master_deck":["Strike_R","Strike_R","Strike_R","Defend_R","Defend_R","Defend_R","Defend_R","Bash+1","Flame Barrier+1","Metallicize","Inflame","Body Slam+1","Heavy Blade+1","Reaper","Armaments","Shrug It Off"],"relics":["Burning Blood","Question Card","Empty Cage","Molten Egg 2","Blood Vial"],"potions_floor_usage":[2,6,8,8,11,11,14,16,16,20,22,27,27],"damage_taken":[{"damage":0,"enemies":"Small Slimes","floor":1,"turns":3},{"damage":1,"enemies":"Cultist","floor":2,"turns":3},{"damage":7,"enemies":"Jaw Worm","floor":5,"turns":3},{"damage":13,"enemies":"Blue Slaver","floor":6,"turns":3},{"damage":13,"enemies":"Gremlin Gang","floor":8,"turns":6},{"damage":9,"enemies":"Red Slaver","floor":11,"turns":2},{"damage":7,"enemies":"2 Fungi Beasts","floor":13,"turns":4},{"damage":12,"enemies":"Exordium Wildlife","floor":14,"turns":6},{"damage":29,"enemies":"The Guardian","floor":16,"turns":10},{"damage":27,"enemies":"Chosen","floor":18,"turns":8},{"damage":13,"enemies":"2 Thieves","floor":20,"turns":4},{"damage":2,"enemies":"Snecko","floor":22,"turns":5},{"damage":38,"enemies":"Snake Plant","floor":24,"turns":7},{"damage":71,"enemies":"Gremlin Leader","floor":27,"turns":11}],"seed_played":"3673648174931183738","potions_obtained":[{"floor":0,"key":"Energy Potion"},{"floor":0,"key":"EntropicBrew"},{"floor":0,"key":"BloodPotion"},{"floor":2,"key":"Fire Potion"},{"floor":6,"key":"EssenceOfSteel"},{"floor":13,"key":"Poison Potion"},{"floor":14,"key":"BloodPotion"},{"floor":20,"key":"AttackPotion"},{"floor":22,"key":"Swift Potion"},{"floor":24,"key":"Energy Potion"}],"is_trial":false,"path_per_floor":["M","M","?","$","M","M","?","M","T","R","M","?","M","M","R","B",null,"M","?","M","?","M","R","M","$","T","E"],"character_chosen":"IRONCLAD","items_purchased":["Inflame","Body Slam","Heavy Blade","Molten Egg 2","Blood Vial"],"campfire_rested":0,"item_purchase_floors":[4,4,4,25,25],"current_hp_per_floor":[80,80,80,80,79,72,72,73,73,73,70,70,69,63,63,40,80,65,65,66,66,76,76,50,50,50,0],"gold":3,"neow_bonus":"THREE_SMALL_POTIONS","is_prod":false,"is_daily":false,"chose_seed":false,"campfire_upgraded":3,"win_rate":0,"timestamp":1554593700,"path_taken":["M","M","?","$","M","?","?","M","T","R","M","?","M","?","R","BOSS","M","?","M","?","M","R","M","?","T","E"],"build_version":"2019-01-23","purchased_purges":0,"victory":false,"max_hp_per_floor":[80,80,80,80,80,80,80,80,80,80,80,80,80,80,80,80,80,80,80,80,80,80,80,80,80,80,80],"card_choices":[{"not_picked":["Combust","Anger"],"picked":"Flame Barrier","floor":1},{"not_picked":["Intimidate","Rampage"],"picked":"Metallicize","floor":2},{"not_picked":["Perfected Strike","Anger","Flame Barrier"],"picked":"SKIP","floor":5},{"not_picked":["Thunderclap","Iron Wave","Sentinel"],"picked":"SKIP","floor":6},{"not_picked":["Twin Strike","Rupture","Thunderclap"],"picked":"SKIP","floor":8},{"not_picked":["Havoc","Immolate","Twin Strike","Clash"],"picked":"SKIP","floor":11},{"not_picked":["Power Through","Thunderclap","Sword Boomerang","Uppercut"],"picked":"SKIP","floor":13},{"not_picked":["Dual Wield","Rage","Sword Boomerang","Body Slam"],"picked":"SKIP","floor":14},{"not_picked":["Juggernaut","Berserk","Immolate"],"picked":"Reaper","floor":16},{"not_picked":["Warcry","Dropkick","Rupture"],"picked":"Armaments","floor":18},{"not_picked":["Bloodletting+1","Pummel+1","True Grit"],"picked":"Shrug It Off","floor":20},{"not_picked":["Ghostly Armor","Clothesline","Thunderclap","Headbutt"],"picked":"SKIP","floor":22},{"not_picked":["Armaments","Dual Wield","Sentinel","Rupture"],"picked":"SKIP","floor":24}],"player_experience":190973,"relics_obtained":[{"floor":9,"key":"Question Card"}],"event_choices":[{"damage_healed":0,"gold_gain":0,"player_choice":"0 cards matched","damage_taken":0,"max_hp_gain":0,"max_hp_loss":0,"event_name":"Match and Keep!","floor":3,"gold_loss":0,"cards_obtained":[]},{"damage_healed":0,"gold_gain":0,"player_choice":"Ignored","damage_taken":0,"max_hp_gain":0,"max_hp_loss":0,"event_name":"Liars Game","floor":7,"gold_loss":0},{"damage_healed":0,"gold_gain":0,"player_choice":"Forge","damage_taken":0,"max_hp_gain":0,"max_hp_loss":0,"event_name":"Accursed Blacksmith","floor":12,"gold_loss":0,"cards_upgraded":["Flame Barrier"]},{"damage_healed":0,"gold_gain":0,"player_choice":"Ignored","damage_taken":0,"max_hp_gain":0,"max_hp_loss":0,"event_name":"The Mausoleum","floor":19,"gold_loss":0},{"damage_healed":0,"gold_gain":99,"player_choice":"Stole From Cult","damage_taken":0,"max_hp_gain":0,"max_hp_loss":0,"event_name":"Nest","floor":21,"gold_loss":0}],"is_beta":false,"boss_relics":[{"not_picked":["Runic Cube","Fusion Hammer"],"picked":"Empty Cage"}],"items_purged_floors":[],"is_endless":false,"potions_floor_spawned":[1,2,6,13,14,20,22,24],"killed_by":"Gremlin Leader","ascension_level":2}