{"path_per_floor":["M","M","M","?","$","R","M","$","T","R","E","M","M","?","R","B",null,"M","M","$","?","M","R","M","R","T","M","E","M","$","M","R","B",null,"M","?","M","M","M","M","R","M","T","R","?","M","?","M","R","B"],"character_chosen":"IRONCLAD","items_purchased":["Corruption","Armaments","Evolve"],"gold_per_floor":[118,129,146,111,40,40,52,1,1,1,29,42,62,62,62,159,159,159,159,2,2,2,2,2,2,2,2,2,2,2,2,2,2,2,2,2,2,2,2,2,2,2,2,2,2,2,2,2,2,2],"floor_reached":51,"campfire_rested":2,"playtime":3029,"current_hp_per_floor":[40,35,40,60,60,60,66,66,66,66,58,65,71,77,77,44,86,65,57,57,57,63,63,61,61,61,64,44,63,63,45,70,30,86,69,69,79,86,56,45,45,18,24,24,32,56,56,55,82,37],"items_purged":["Regret"],"gold":2,"score":527,"play_id":"f91f9351-181b-4fde-99d8-2b819698932d","local_time":"20180228011006","is_prod":false,"is_daily":false,"is_ascension_mode":false,"campfire_upgraded":7,"timestamp":1519798206,"path_taken":["M","?","M","?","$","R","M","?","T","R","E","M","M","?","R","BOSS","M","M","?","?","M","R","M","R","T","M","E","M","$","?","R","BOSS","M","?","M","M","M","M","R","M","T","R","?","M","?","?","R","BOSS"],"build_version":"2018-02-27-BETA1","purchased_purges":1,"victory":true,"master_deck":["Strike_R","Strike_R","Strike_R","Strike_R","Strike_R","Defend_R","Defend_R","Bash","Flex","Wild Strike","Flex","Whirlwind+1","Seeing Red","Corruption+1","Pommel Strike+1","Armaments+1","Entrench","Twin Strike","Disarm","Demon Form+1","Battle Trance","Metallicize+1","Evolve+1","Flame Barrier","Reaper+1","Rage","Armaments","Shrug It Off","Shockwave","Impervious","Fiend Fire","Bash","Bloodletting+1","Pommel Strike+1","True Grit+1","Feel No Pain+1","True Grit+1","Writhe","Ghostly Armor","Flame Barrier+1"],"max_hp_per_floor":[80,80,80,80,80,80,80,80,80,80,80,80,80,86,86,86,86,86,86,86,86,86,86,86,86,86,86,86,86,86,86,86,86,86,86,86,86,86,86,86,86,86,92,92,92,92,92,92,92,92],"relics":["Burning Blood","Calipers","Darkstone Periapt","Mercury Hourglass","Ectoplasm","Ornamental Fan","Ancient Tea Set","Cursed Key","Old Coin","Du-Vu Doll"],"card_choices":[{"not_picked":["Shrug It Off","Clothesline"],"picked":"Flex"},{"not_picked":["Iron Wave","Disarm"],"picked":"Whirlwind"},{"not_picked":["Whirlwind","Intimidate"],"picked":"Seeing Red"},{"not_picked":["Headbutt","Clash"],"picked":"Pommel Strike"},{"not_picked":["Corruption","Sever Soul"],"picked":"Entrench"},{"not_picked":["Whirlwind","Anger"],"picked":"Twin Strike"},{"not_picked":["Sword Boomerang","Rage"],"picked":"Disarm"},{"not_picked":["Fiend Fire","Limit Break"],"picked":"Demon Form"},{"not_picked":["Cleave","Iron Wave"],"picked":"Battle Trance"},{"not_picked":["Warcry","Shrug It Off"],"picked":"Metallicize"},{"not_picked":["Wild Strike","Reckless Charge"],"picked":"Reaper"},{"not_picked":["Corruption","Hemokinesis"],"picked":"Rage"},{"not_picked":["Flex","Headbutt"],"picked":"Armaments"},{"not_picked":["Evolve","Ghostly Armor"],"picked":"Shrug It Off"},{"not_picked":["Flex","Wild Strike"],"picked":"Shockwave"},{"not_picked":["Bludgeon","Reaper"],"picked":"Impervious"},{"not_picked":["True Grit","Sword Boomerang"],"picked":"Bloodletting"},{"not_picked":["Blood for Blood","Twin Strike"],"picked":"Pommel Strike"},{"not_picked":["Iron Wave","Anger"],"picked":"True Grit"},{"not_picked":["Seeing Red","Blood for Blood"],"picked":"Feel No Pain"},{"not_picked":["Clash","Headbutt"],"picked":"True Grit"},{"not_picked":["Sword Boomerang","Hemokinesis"],"picked":"Ghostly Armor"},{"not_picked":["Iron Wave","Shrug It Off"],"picked":"Flame Barrier"}],"player_experience":30499,"potions_floor_usage":[12,13,24,27,28,31,33,37,50],"damage_taken":[{"damage":6,"enemies":"Cultist","floor":1,"turns":3},{"damage":11,"enemies":"Jaw Worm","floor":2,"turns":2},{"damage":1,"enemies":"2 Louse","floor":3,"turns":2},{"damage":0,"enemies":"Lots of Slimes","floor":7,"turns":1},{"damage":14,"enemies":"Gremlin Nob","floor":11,"turns":3},{"damage":11,"enemies":"Exordium Wildlife","floor":12,"turns":5},{"damage":12,"enemies":"2 Fungi Beasts","floor":13,"turns":5},{"damage":39,"enemies":"Slime Boss","floor":16,"turns":7},{"damage":27,"enemies":"Spheric Guardian","floor":18,"turns":5},{"damage":14,"enemies":"Chosen","floor":19,"turns":5},{"damage":0,"enemies":"3 Cultists","floor":22,"turns":2},{"damage":17,"enemies":"Snake Plant","floor":24,"turns":4},{"damage":3,"enemies":"Snecko","floor":27,"turns":5},{"damage":26,"enemies":"Book of Stabbing","floor":28,"turns":5},{"damage":8,"enemies":"3 Cultists","floor":29,"turns":4},{"damage":34,"enemies":"Cultist and Chosen","floor":31,"turns":7},{"damage":46,"enemies":"Automaton","floor":33,"turns":9},{"damage":23,"enemies":"3 Shapes","floor":35,"turns":5},{"damage":22,"enemies":"Flame Bruiser 1 Orb","floor":37,"turns":7},{"damage":4,"enemies":"3 Darklings","floor":38,"turns":5},{"damage":49,"enemies":"4 Shapes","floor":39,"turns":7},{"damage":45,"enemies":"Maw","floor":40,"turns":7},{"damage":48,"enemies":"Flame Bruiser 2 Orb","floor":42,"turns":6},{"damage":15,"enemies":"Mysterious Sphere","floor":45,"turns":4},{"damage":0,"enemies":"Spire Growth","floor":46,"turns":6},{"damage":16,"enemies":"3 Darklings","floor":48,"turns":5},{"damage":64,"enemies":"Time Eater","floor":50,"turns":10}],"event_choices":[{"event_name":"The Cleric","player_choice":"Healed","floor":4,"damage_taken":0},{"event_name":"Big Fish","player_choice":"Box","floor":14,"damage_taken":0},{"event_name":"The Library","player_choice":"Read","floor":21,"damage_taken":0},{"event_name":"Match and Keep!","player_choice":"2 cards matched","floor":36,"damage_taken":0},{"event_name":"Mysterious Sphere","player_choice":"Fight","floor":45,"damage_taken":0},{"event_name":"Upgrade Shrine","player_choice":"Upgraded","floor":47,"damage_taken":0}],"boss_relics":[{"not_picked":["Question Card","Orrery"],"picked":"Ectoplasm"},{"not_picked":["Black Star","Philosopher\u0027s Stone"],"picked":"Cursed Key"}],"potions_floor_spawned":[11,12,13,19,22,24,31,35,42,48],"seed_played":"550259543708773102","ascension_level":0,"is_trial":false}