{"gold_per_floor":[117,135,60,78,78,104,114,29,29,29,49,49,78,88,88,164,164,181,196,95,115,5,32,48,48,48,48,48,80,97,130,130,204,204,220,236,636,656,675,707,435,467,491,491,491,526,526,546,546,546,546,546,51,78,78],"floor_reached":56,"playtime":4825,"items_purged":["Strike_G","Underhanded Strike+1","Defend_G"],"score":2212,"play_id":"5870c444-4088-404b-89f1-21b10901a659","local_time":"20190331204025","is_ascension_mode":true,"campfire_choices":[{"floor":10.0,"key":"REST"},{"floor":15.0,"key":"REST"},{"floor":25.0,"key":"REST"},{"data":"Footwork","floor":27.0,"key":"SMITH"},{"data":"Flechettes","floor":32.0,"key":"SMITH"},{"floor":45.0,"key":"REST"},{"floor":47.0,"key":"RECALL"},{"data":"Envenom","floor":49.0,"key":"SMITH"},{"data":"Leg Sweep","floor":52.0,"key":"SMITH"}],"neow_cost":"NONE","seed_source_timestamp":143112478104600,"circlet_count":0,"master_deck":["AscendersBane","Defend_G","Defend_G","Defend_G","Defend_G","Survivor","Neutralize+1","Backflip","Well Laid Plans+1","Flechettes+1","Choke+1","Leg Sweep+1","Footwork+1","Acrobatics+1","Cloak And Dagger+1","Cloak And Dagger+1","Bullet Time+1","Phantasmal Killer+1","Bullet Time+1","Calculated Gamble+1","Prepared+1","PiercingWail+1","Dodge and Roll+1","Blade Dance+1","Bouncing Flask+1","Acrobatics+1","Envenom+1","Caltrops+1","Expertise+1","Blur+1","Leg Sweep+1","Deep Breath+1","Panacea+1","PiercingWail+1","PiercingWail+1"],"special_seed":0,"relics":["Ring of the Snake","Letter Opener","Toxic Egg 2","Paper Crane","Astrolabe","Juzu Bracelet","Oddly Smooth Stone","Red Mask","Centennial Puzzle","Busted Crown","Old Coin","Gremlin Horn","Regal Pillow","Lantern","Molten Egg 2","Toolbox","Blood Vial"],"potions_floor_usage":[55],"damage_taken":[{"damage":0.0,"enemies":"Cultist","floor":1.0,"turns":4.0},{"damage":20.0,"enemies":"Jaw Worm","floor":2.0,"turns":7.0},{"damage":0.0,"enemies":"Small Slimes","floor":4.0,"turns":4.0},{"damage":29.0,"enemies":"Lagavulin","floor":6.0,"turns":13.0},{"damage":9.0,"enemies":"Gremlin Gang","floor":7.0,"turns":3.0},{"damage":1.0,"enemies":"Large Slime","floor":11.0,"turns":11.0},{"damage":18.0,"enemies":"Gremlin Nob","floor":13.0,"turns":6.0},{"damage":0.0,"enemies":"Blue Slaver","floor":14.0,"turns":5.0},{"damage":5.0,"enemies":"The Guardian","floor":16.0,"turns":18.0},{"damage":2.0,"enemies":"3 Byrds","floor":18.0,"turns":5.0},{"damage":8.0,"enemies":"2 Thieves","floor":19.0,"turns":3.0},{"damage":0.0,"enemies":"3 Cultists","floor":21.0,"turns":4.0},{"damage":18.0,"enemies":"Slavers","floor":23.0,"turns":6.0},{"damage":1.0,"enemies":"Cultist and Chosen","floor":24.0,"turns":10.0},{"damage":0.0,"enemies":"Masked Bandits","floor":29.0,"turns":5.0},{"damage":0.0,"enemies":"Shelled Parasite and Fungi","floor":30.0,"turns":4.0},{"damage":2.0,"enemies":"Book of Stabbing","floor":31.0,"turns":7.0},{"damage":25.0,"enemies":"Collector","floor":33.0,"turns":12.0},{"damage":0.0,"enemies":"3 Shapes","floor":35.0,"turns":5.0},{"damage":0.0,"enemies":"Orb Walker","floor":36.0,"turns":4.0},{"damage":0.0,"enemies":"Mind Bloom Boss Battle","floor":37.0,"turns":6.0},{"damage":15.0,"enemies":"4 Shapes","floor":38.0,"turns":6.0},{"damage":0.0,"enemies":"Jaw Worm Horde","floor":39.0,"turns":3.0},{"damage":0.0,"enemies":"Giant Head","floor":40.0,"turns":7.0},{"damage":0.0,"enemies":"Nemesis","floor":42.0,"turns":9.0},{"damage":0.0,"enemies":"Reptomancer","floor":46.0,"turns":5.0},{"damage":0.0,"enemies":"Spire Growth","floor":48.0,"turns":3.0},{"damage":12.0,"enemies":"Donu and Deca","floor":50.0,"turns":12.0},{"damage":21.0,"enemies":"Shield and Spear","floor":54.0,"turns":9.0},{"damage":35,"enemies":"The Heart","floor":55,"turns":11}],"seed_played":"564252941728985832","potions_obtained":[{"floor":0.0,"key":"EssenceOfSteel"},{"floor":0.0,"key":"LiquidBronze"},{"floor":6.0,"key":"Poison Potion"},{"floor":13.0,"key":"FearPotion"},{"floor":16.0,"key":"SkillPotion"},{"floor":23.0,"key":"Dexterity Potion"},{"floor":31.0,"key":"Block Potion"},{"floor":37.0,"key":"Strength Potion"},{"floor":40.0,"key":"Swift Potion"}],"is_trial":false,"path_per_floor":["M","M","$","M","?","E","M","$","T","R","M","?","E","M","R","B",null,"M","M","$","M","?","E","M","R","T","R","?","?","M","E","R","B",null,"M","M","?","M","M","E","$","E","T","?","R","E","R","M","R","B",null,"R","$","E","B",null],"character_chosen":"THE_SILENT","items_purchased":["Well Laid Plans","Footwork","PiercingWail+1","Regal Pillow","PiercingWail+1","GhostInAJar","Toolbox"],"campfire_rested":4,"item_purchase_floors":[3,8,20,41,53,53,53],"current_hp_per_floor":[59,39,39,39,39,10,1,1,1,20,19,19,1,1,20,15,53,51,43,43,43,43,25,24,43,43,43,43,43,43,41,41,16,54,54,54,54,39,39,39,39,39,39,29,63,63,63,63,63,51,62,62,62,41,8],"gold":78,"neow_bonus":"THREE_SMALL_POTIONS","is_prod":false,"is_daily":false,"chose_seed":false,"campfire_upgraded":4,"win_rate":0,"timestamp":1554090025,"path_taken":["M","?","$","M","?","E","M","$","T","R","?","?","E","M","R","BOSS","M","?","$","M","?","E","M","R","T","R","?","?","M","E","R","BOSS","M","M","?","M","M","E","$","E","T","?","R","E","R","M","R","BOSS","R","$","E","BOSS"],"build_version":"2019-01-23","purchased_purges":3,"victory":true,"max_hp_per_floor":[66,66,66,66,66,66,66,66,66,66,66,66,66,66,66,66,66,66,66,66,66,66,66,66,66,66,66,66,66,66,66,66,66,66,66,66,66,66,66,66,66,66,66,66,66,66,66,66,66,66,66,66,66,66,66],"card_choices":[{"not_picked":["Underhanded Strike","Sucker Punch","Accuracy"],"picked":"SKIP","floor":1.0},{"not_picked":["Die Die Die","PiercingWail"],"picked":"Backflip","floor":2.0},{"not_picked":["Quick Slash","Sucker Punch"],"picked":"Flechettes","floor":4.0},{"not_picked":["Flying Knee","Poisoned Stab"],"picked":"Choke","floor":6.0},{"not_picked":["Quick Slash","Outmaneuver"],"picked":"Leg Sweep","floor":7.0},{"not_picked":["Setup+1","Quick Slash"],"picked":"Acrobatics+1","floor":11.0},{"not_picked":["Sucker Punch","Outmaneuver+1"],"picked":"Cloak And Dagger+1","floor":13.0},{"not_picked":["Quick Slash","Phantasmal Killer+1"],"picked":"Cloak And Dagger+1","floor":14.0},{"not_picked":["Wraith Form v2","Doppelganger+1"],"picked":"Bullet Time+1","floor":16.0},{"not_picked":["Choke","Deadly Poison+1"],"picked":"Prepared+1","floor":18.0},{"not_picked":["Bane","Slice","Underhanded Strike"],"picked":"SKIP","floor":19.0},{"not_picked":["Outmaneuver+1","Flying Knee"],"picked":"Dodge and Roll+1","floor":21.0},{"not_picked":["Dagger Throw","Backstab","Calculated Gamble+1"],"picked":"SKIP","floor":23.0},{"not_picked":["Skewer+1","Prepared+1","Bane"],"picked":"SKIP","floor":24.0},{"not_picked":["Blade Dance+1","Wraith Form v2"],"picked":"Bouncing Flask+1","floor":29.0},{"not_picked":["Dodge and Roll+1","Prepared+1"],"picked":"Underhanded Strike+1","floor":30.0},{"not_picked":["Setup+1","Blade Dance+1"],"picked":"Acrobatics+1","floor":31.0},{"not_picked":["Wraith Form v2","Die Die Die"],"picked":"Envenom","floor":33.0},{"not_picked":["Cloak And Dagger+1"],"picked":"SKIP","floor":35.0},{"not_picked":[],"picked":"Caltrops+1","floor":36.0},{"not_picked":[],"picked":"Expertise+1","floor":37.0},{"not_picked":["Calculated Gamble+1"],"picked":"SKIP","floor":38.0},{"not_picked":[],"picked":"Blur+1","floor":39.0},{"not_picked":[],"picked":"Leg Sweep+1","floor":40.0},{"not_picked":["Deadly Poison+1"],"picked":"SKIP","floor":42.0},{"not_picked":[],"picked":"Deep Breath+1","floor":44.0},{"not_picked":[],"picked":"Panacea+1","floor":44.0},{"not_picked":["Tools of the Trade"],"picked":"SKIP","floor":46.0},{"not_picked":["Bane+1"],"picked":"SKIP","floor":48.0},{"not_picked":[],"picked":"PiercingWail+1","floor":54.0}],"player_experience":461387,"relics_obtained":[{"floor":6.0,"key":"Letter Opener"},{"floor":9.0,"key":"Toxic Egg 2"},{"floor":13.0,"key":"Paper Crane"},{"floor":23.0,"key":"Juzu Bracelet"},{"floor":26.0,"key":"Oddly Smooth Stone"},{"floor":29.0,"key":"Red Mask"},{"floor":31.0,"key":"Centennial Puzzle"},{"floor":37.0,"key":"Old Coin"},{"floor":40.0,"key":"Gremlin Horn"},{"floor":42.0,"key":"Lantern"},{"floor":46.0,"key":"Molten Egg 2"},{"floor":54.0,"key":"Blood Vial"}],"event_choices":[{"damage_healed":0.0,"max_hp_gain":0.0,"max_hp_loss":0.0,"gold_gain":0.0,"event_name":"Accursed Blacksmith","player_choice":"Forge","floor":5.0,"gold_loss":0.0,"damage_taken":0.0,"cards_upgraded":["Well Laid Plans"]},{"damage_healed":0.0,"max_hp_gain":0.0,"max_hp_loss":0.0,"gold_gain":0.0,"event_name":"Upgrade Shrine","player_choice":"Upgraded","floor":12.0,"gold_loss":0.0,"damage_taken":0.0,"cards_upgraded":["Neutralize"]},{"cards_removed":["Strike_G"],"damage_healed":0.0,"max_hp_gain":0.0,"max_hp_loss":0.0,"gold_gain":0.0,"event_name":"Designer","player_choice":"Upgrade and Remove","floor":22.0,"gold_loss":110.0,"damage_taken":0.0,"cards_upgraded":["Choke"]},{"damage_healed":0.0,"max_hp_gain":0.0,"max_hp_loss":0.0,"gold_gain":0.0,"event_name":"The Library","player_choice":"Read","floor":28.0,"gold_loss":0.0,"damage_taken":0.0,"cards_obtained":["Blade Dance"]},{"damage_healed":0.0,"max_hp_gain":0.0,"max_hp_loss":0.0,"gold_gain":0.0,"event_name":"Masked Bandits","player_choice":"Fought Bandits","floor":29.0,"gold_loss":0.0,"damage_taken":0.0},{"damage_healed":0.0,"max_hp_gain":0.0,"max_hp_loss":0.0,"gold_gain":0.0,"event_name":"MindBloom","player_choice":"Fight","floor":37.0,"gold_loss":0.0,"damage_taken":0.0},{"damage_healed":0.0,"max_hp_gain":0.0,"max_hp_loss":0.0,"gold_gain":0.0,"event_name":"SensoryStone","player_choice":"Memory 3","floor":44.0,"gold_loss":0.0,"damage_taken":10.0}],"is_beta":false,"boss_relics":[{"not_picked":["Eternal Feather","Tiny House"],"picked":"Astrolabe"},{"not_picked":["Pandora\u0027s Box","Empty Cage"],"picked":"Busted Crown"}],"items_purged_floors":[20,41,53],"is_endless":false,"potions_floor_spawned":[2,6,13,16,23,30,31,37,39,40,48,54],"ascension_level":16}