{"gold_per_floor":[118,44,60,8,8,38,38,66,66,66,66,66,85,103,103,199,199,173,189,114,130,130,130,130,130,199,199,22,36,54,73,73,168,168,188,188,206,223,240,268,268,295,368,702,719,719,719,285,285,285,285,285,25,50,50],"floor_reached":56,"playtime":3182,"items_purged":["Writhe","Pain"],"score":1945,"play_id":"87daf9c5-1560-4bff-a2cd-12a3f7914ab8","local_time":"20190215230801","is_ascension_mode":true,"campfire_choices":[{"data":"Noxious Fumes","floor":7.0,"key":"SMITH"},{"data":"Cloak And Dagger","floor":10.0,"key":"SMITH"},{"data":"Cloak And Dagger","floor":12.0,"key":"SMITH"},{"data":"Neutralize","floor":15.0,"key":"SMITH"},{"data":"Calculated Gamble","floor":23.0,"key":"SMITH"},{"floor":25.0,"key":"REST"},{"data":"Noxious Fumes","floor":27.0,"key":"SMITH"},{"floor":32.0,"key":"REST"},{"floor":41.0,"key":"REST"},{"data":"Well Laid Plans","floor":46.0,"key":"SMITH"},{"floor":49.0,"key":"RECALL"},{"data":"Adrenaline","floor":52.0,"key":"SMITH"}],"neow_cost":"NONE","seed_source_timestamp":1136650747670261,"circlet_count":0,"master_deck":["AscendersBane","Defend_G+1","Defend_G","Defend_G+1","Defend_G","Defend_G","Strike_G","Survivor","Neutralize+1","Cloak And Dagger+1","Noxious Fumes+1","Dagger Spray","Cloak And Dagger+1","Noxious Fumes+1","Adrenaline+1","Acrobatics+1","Backflip","Calculated Gamble+1","Underhanded Strike","Flechettes","Blur+1","Well Laid Plans+1","Concentrate+1","Burst+1","Corpse Explosion+1","Blur+1","Catalyst+1","Acrobatics+1","Expertise+1","Secret Technique+1","Tactician+1","Setup+1","After Image+1"],"special_seed":0,"relics":["Ring of the Snake","NeowsBlessing","Singing Bowl","Paper Crane","The Courier","Cursed Key","Matryoshka","War Paint","Toxic Egg 2","Black Star","Vajra","Happy Flower","Unceasing Top","Bag of Marbles","Frozen Egg 2","Juzu Bracelet","Lantern","Old Coin","Strawberry","Calipers","Blood Vial","Turnip"],"potions_floor_usage":[54],"damage_taken":[{"damage":0.0,"enemies":"Small Slimes","floor":1.0,"turns":1.0},{"damage":0.0,"enemies":"2 Louse","floor":3.0,"turns":1.0},{"damage":0.0,"enemies":"Lagavulin","floor":6.0,"turns":2.0},{"damage":30.0,"enemies":"Gremlin Nob","floor":8.0,"turns":5.0},{"damage":0.0,"enemies":"Jaw Worm","floor":13.0,"turns":2.0},{"damage":8.0,"enemies":"Blue Slaver","floor":14.0,"turns":3.0},{"damage":24.0,"enemies":"Slime Boss","floor":16.0,"turns":9.0},{"damage":22.0,"enemies":"2 Thieves","floor":18.0,"turns":5.0},{"damage":4.0,"enemies":"Shell Parasite","floor":19.0,"turns":6.0},{"damage":20.0,"enemies":"Snecko","floor":21.0,"turns":6.0},{"damage":5.0,"enemies":"Snake Plant","floor":29.0,"turns":5.0},{"damage":1.0,"enemies":"Shelled Parasite and Fungi","floor":30.0,"turns":6.0},{"damage":8.0,"enemies":"Sentry and Sphere","floor":31.0,"turns":7.0},{"damage":25.0,"enemies":"Champ","floor":33.0,"turns":16.0},{"damage":0.0,"enemies":"3 Shapes","floor":35.0,"turns":3.0},{"damage":1.0,"enemies":"Orb Walker","floor":37.0,"turns":3.0},{"damage":0.0,"enemies":"3 Darklings","floor":38.0,"turns":3.0},{"damage":9.0,"enemies":"4 Shapes","floor":39.0,"turns":3.0},{"damage":21.0,"enemies":"Reptomancer","floor":40.0,"turns":8.0},{"damage":0.0,"enemies":"Giant Head","floor":42.0,"turns":5.0},{"damage":1.0,"enemies":"Nemesis","floor":44.0,"turns":5.0},{"damage":31.0,"enemies":"Spire Growth","floor":45.0,"turns":4.0},{"damage":27.0,"enemies":"Donu and Deca","floor":50.0,"turns":4.0},{"damage":0,"enemies":"Shield and Spear","floor":54,"turns":3},{"damage":66,"enemies":"The Heart","floor":55,"turns":7}],"seed_played":"-6418267492214161039","potions_obtained":[{"floor":1.0,"key":"Swift Potion"},{"floor":3.0,"key":"GhostInAJar"},{"floor":8.0,"key":"Explosive Potion"},{"floor":29.0,"key":"SmokeBomb"},{"floor":39.0,"key":"Block Potion"},{"floor":44.0,"key":"Swift Potion"}],"is_trial":false,"path_per_floor":["M","$","M","$","?","E","R","E","T","R","?","R","M","M","R","B",null,"M","M","?","M","?","R","?","R","T","R","$","M","M","M","R","B",null,"M","?","M","M","M","E","R","E","T","E","M","R","?","$","R","B",null,"R","$","E","B",null],"character_chosen":"THE_SILENT","items_purchased":["Noxious Fumes","Cloak And Dagger","Flechettes","Blur+1","Strawberry","Calipers","Secret Technique+1","Tactician+1","Setup+1"],"campfire_rested":3,"item_purchase_floors":[2,4,28,28,48,48,53,53,53],"current_hp_per_floor":[63,63,63,63,68,70,70,42,42,42,42,42,44,36,36,12,64,44,40,40,20,20,20,20,44,44,44,44,39,38,30,54,29,70,72,72,71,71,62,43,69,69,69,70,41,41,41,48,48,21,79,79,79,79,15],"gold":50,"neow_bonus":"THREE_ENEMY_KILL","is_prod":false,"is_daily":false,"chose_seed":false,"campfire_upgraded":8,"win_rate":0,"timestamp":1550300881,"path_taken":["M","$","M","$","?","E","R","E","T","R","?","R","M","M","R","BOSS","M","M","?","M","?","R","?","R","T","R","$","M","?","M","R","BOSS","M","?","?","M","M","E","R","E","T","E","M","R","?","$","R","BOSS","R","$","E","BOSS"],"build_version":"2019-01-23","purchased_purges":2,"victory":true,"max_hp_per_floor":[70,70,70,70,75,77,77,79,79,79,79,79,81,81,81,81,81,83,83,83,83,83,83,83,83,83,83,83,83,83,83,83,83,83,85,85,85,85,85,87,87,87,87,89,91,91,91,98,98,98,98,98,98,98,98],"card_choices":[{"not_picked":["Heel Hook","Outmaneuver"],"picked":"Cloak And Dagger","floor":1.0},{"not_picked":["Escape Plan","Slice"],"picked":"Dagger Spray","floor":3.0},{"not_picked":["Cloak And Dagger","Eviscerate","Flechettes"],"picked":"Singing Bowl","floor":6.0},{"not_picked":["Deflect","Flying Knee","Dagger Throw"],"picked":"Singing Bowl","floor":8.0},{"not_picked":["Cloak And Dagger","Blade Dance","Dagger Throw"],"picked":"Singing Bowl","floor":13.0},{"not_picked":["Eviscerate","Concentrate"],"picked":"Noxious Fumes","floor":14.0},{"not_picked":["After Image","A Thousand Cuts"],"picked":"Adrenaline","floor":16.0},{"not_picked":["Flying Knee","Finisher","Quick Slash"],"picked":"Singing Bowl","floor":18.0},{"not_picked":["Outmaneuver","Masterful Stab"],"picked":"Acrobatics+1","floor":19.0},{"not_picked":["Poisoned Stab","Dagger Throw+1"],"picked":"Backflip","floor":21.0},{"not_picked":["Blade Dance+1","Blur+1"],"picked":"Well Laid Plans","floor":29.0},{"not_picked":["Dash","Setup+1"],"picked":"Concentrate+1","floor":30.0},{"not_picked":["Caltrops","Cloak And Dagger+1"],"picked":"Burst+1","floor":31.0},{"not_picked":["Doppelganger+1","Phantasmal Killer+1"],"picked":"Corpse Explosion+1","floor":33.0},{"not_picked":["Outmaneuver+1","Sucker Punch+1","Concentrate+1"],"picked":"Singing Bowl","floor":35.0},{"not_picked":["Calculated Gamble+1","Deflect+1"],"picked":"Blur+1","floor":37.0},{"not_picked":["Expertise+1","Bane+1"],"picked":"Catalyst+1","floor":38.0},{"not_picked":["Slice+1","All Out Attack+1"],"picked":"Acrobatics+1","floor":39.0},{"not_picked":["Predator","Dodge and Roll+1","Outmaneuver+1"],"picked":"Singing Bowl","floor":40.0},{"not_picked":["Backstab","Calculated Gamble+1"],"picked":"Expertise+1","floor":42.0},{"not_picked":["Slice+1","Doppelganger+1","Finisher+1"],"picked":"Singing Bowl","floor":44.0},{"not_picked":["Quick Slash","Deadly Poison+1","Cloak And Dagger+1"],"picked":"Singing Bowl","floor":45.0},{"not_picked":["Backstab+1","Quick Slash+1"],"picked":"After Image+1","floor":54}],"player_experience":402501,"relics_obtained":[{"floor":6.0,"key":"Singing Bowl"},{"floor":8.0,"key":"Paper Crane"},{"floor":9.0,"key":"The Courier"},{"floor":26.0,"key":"War Paint"},{"floor":26.0,"key":"Toxic Egg 2"},{"floor":40.0,"key":"Happy Flower"},{"floor":40.0,"key":"Unceasing Top"},{"floor":42.0,"key":"Bag of Marbles"},{"floor":42.0,"key":"Frozen Egg 2"},{"floor":43.0,"key":"Juzu Bracelet"},{"floor":44.0,"key":"Lantern"},{"floor":44.0,"key":"Old Coin"},{"floor":54,"key":"Blood Vial"},{"floor":54,"key":"Turnip"}],"event_choices":[{"damage_healed":0.0,"max_hp_gain":5.0,"max_hp_loss":0.0,"gold_gain":0.0,"event_name":"Big Fish","player_choice":"Donut","floor":5.0,"gold_loss":0.0,"damage_taken":0.0},{"damage_healed":0.0,"max_hp_gain":0.0,"max_hp_loss":0.0,"gold_gain":0.0,"event_name":"Liars Game","player_choice":"Ignored","floor":11.0,"gold_loss":0.0,"damage_taken":0.0},{"cards_removed":["Strike_G"],"damage_healed":0.0,"max_hp_gain":0.0,"max_hp_loss":0.0,"gold_gain":0.0,"event_name":"Beggar","player_choice":"Gave Gold","floor":20.0,"gold_loss":75.0,"damage_taken":0.0},{"damage_healed":0.0,"max_hp_gain":0.0,"max_hp_loss":0.0,"gold_gain":0.0,"cards_transformed":["Strike_G","Strike_G"],"event_name":"Drug Dealer","player_choice":"Became Test Subject","floor":22.0,"gold_loss":0.0,"damage_taken":0.0,"cards_obtained":["Calculated Gamble","Underhanded Strike"]},{"damage_healed":0.0,"max_hp_gain":0.0,"max_hp_loss":0.0,"gold_gain":0.0,"event_name":"The Mausoleum","player_choice":"Opened","floor":24.0,"gold_loss":0.0,"damage_taken":0.0,"relics_obtained":["Matryoshka"]},{"damage_healed":0.0,"max_hp_gain":0.0,"max_hp_loss":0.0,"gold_gain":0.0,"event_name":"WeMeetAgain","player_choice":"Gave Potion","floor":36.0,"gold_loss":0.0,"damage_taken":0.0,"relics_obtained":["Vajra"]},{"cards_removed":["Strike_G"],"damage_healed":0.0,"max_hp_gain":0.0,"max_hp_loss":0.0,"gold_gain":0.0,"event_name":"Purifier","player_choice":"Purged","floor":47.0,"gold_loss":0.0,"damage_taken":0.0}],"is_beta":false,"boss_relics":[{"not_picked":["Coffee Dripper","HoveringKite"],"picked":"Cursed Key"},{"not_picked":["Velvet Choker","Pandora\u0027s Box"],"picked":"Black Star"}],"items_purged_floors":[28,48],"is_endless":false,"potions_floor_spawned":[1,3,8,29,31,33,35,39,44],"ascension_level":11}