{"path_per_floor":["M","?","?","M","$","R","E","R","T","R","$","M","M","M","R","B",null,"M","M","M","$","?","E","R"],"character_chosen":"IRONCLAD","items_purchased":["Tiny Chest","Enlightenment","Flex","Regen Potion","Havoc","Lee\u0027s Waffle"],"gold_per_floor":[363,363,363,386,48,48,89,89,115,115,39,52,72,87,87,208,208,229,244,257,60,60,96,96],"floor_reached":25,"campfire_rested":1,"playtime":1090,"current_hp_per_floor":[72,54,47,51,51,51,38,38,38,38,38,40,46,35,56,52,72,64,47,31,79,79,27,27],"items_purged":[],"gold":96,"score":221,"play_id":"c18dddf3-995b-48d2-8e19-bc59e3b4b45c","is_prod":false,"is_daily":false,"is_ascension_mode":false,"campfire_upgraded":4,"path_taken":["M","?","?","?","$","R","E","R","T","R","$","M","M","M","R","BOSS","M","M","M","$","?","E","R","M"],"build_version":"2018-02-15-PROD1","purchased_purges":0,"victory":false,"master_deck":["Strike_R","Strike_R","Strike_R","Strike_R","Defend_R","Defend_R","Defend_R","Defend_R","Bash","Armaments+1","Uppercut+1","Enlightenment+1","Flex+1","Sentinel","Havoc","Clash","Flex","Inflame","Double Tap","Perfected Strike+1","Heavy Blade","Searing Blow","Writhe","Flex"],"max_hp_per_floor":[72,72,72,72,72,72,72,72,72,72,72,72,72,72,72,72,72,72,72,72,79,79,79,79],"relics":["Burning Blood","Golden Idol","Tiny Chest","Sundial","Ancient Tea Set","Cursed Key","Lee\u0027s Waffle","Meat on the Bone","Matryoshka"],"card_choices":[{"not_picked":["Burning Pact","Headbutt"],"picked":"Armaments"},{"not_picked":["Anger","Perfected Strike"],"picked":"Uppercut"},{"not_picked":["Anger","Rampage"],"picked":"Sentinel"},{"not_picked":["Berserk","Sword Boomerang"],"picked":"Clash"},{"not_picked":["Armaments","Evolve"],"picked":"Flex"},{"not_picked":["Thunderclap","Warcry"],"picked":"Inflame"},{"not_picked":["Berserk","Exhume"],"picked":"Double Tap"},{"not_picked":["Thunderclap","Wild Strike"],"picked":"Perfected Strike"},{"not_picked":["Iron Wave","Metallicize"],"picked":"Heavy Blade"},{"not_picked":["Pommel Strike","Headbutt"],"picked":"Searing Blow"},{"not_picked":["Clothesline","Feel No Pain"],"picked":"Flex"}],"player_experience":173177,"potions_floor_usage":[7,16,16,19,23],"damage_taken":[{"damage":5,"enemies":"Small Slimes","floor":1,"turns":4},{"damage":2,"enemies":"2 Louse","floor":4,"turns":4},{"damage":19,"enemies":"Gremlin Nob","floor":7,"turns":5},{"damage":4,"enemies":"Jaw Worm","floor":12,"turns":5},{"damage":0,"enemies":"Looter","floor":13,"turns":1},{"damage":17,"enemies":"Exordium Thugs","floor":14,"turns":4},{"damage":25,"enemies":"Hexaghost","floor":16,"turns":9},{"damage":14,"enemies":"Spheric Guardian","floor":18,"turns":4},{"damage":23,"enemies":"2 Thieves","floor":19,"turns":5},{"damage":22,"enemies":"Snecko","floor":20,"turns":4},{"damage":70,"enemies":"Slavers","floor":23,"turns":7},{"damage":0,"enemies":"3 Cultists","floor":25,"turns":2}],"event_choices":[{"event_name":"Golden Idol","player_choice":"Take Damage","floor":2,"damage_taken":0},{"event_name":"Golden Wing","player_choice":"Card Removal","floor":3,"damage_taken":0},{"event_name":"The Mausoleum","player_choice":"Yes","floor":22,"damage_taken":0}],"boss_relics":[{"not_picked":["Runic Pyramid","Snecko Eye"],"picked":"Cursed Key"}],"potions_floor_spawned":[1,14,16,19,20],"seed_played":"-4237548559527243830","killed_by":"3 Cultists","ascension_level":0,"is_trial":false}