{"gold_per_floor":[112,130,150,150,170,170,190,217,217,229,229,261,261,295,295,400,400,417,437,451,112,112,112],"floor_reached":23,"playtime":2163,"items_purged":[],"score":323,"play_id":"6931b543-92ab-4e5f-87a7-cd056fbda0d5","local_time":"20190329140056","is_ascension_mode":true,"campfire_choices":[{"data":"Sunder","floor":6,"key":"SMITH"},{"floor":11,"key":"REST"},{"floor":15,"key":"REST"}],"neow_cost":"NONE","seed_source_timestamp":1174204887950989,"circlet_count":0,"master_deck":["AscendersBane","Strike_B","Strike_B","Strike_B","Strike_B","Defend_B","Defend_B","Defend_B","Defend_B","Zap","Dualcast","Leap","Go for the Eyes","Sunder+1","FTL","Scrape","Sunder","Conserve Battery","Electrodynamics","Electrodynamics","Coolheaded","Coolheaded+1","Cold Snap","Seek","Cold Snap","Seek","Coolheaded","Flash of Steel"],"relics":["Cracked Core","NlothsMask","Du-Vu Doll","Kunai","Prayer Wheel","Torii","Inserter","Runic Capacitor"],"potions_floor_usage":[14,22,23],"damage_taken":[{"damage":11,"enemies":"2 Louse","floor":1,"turns":2},{"damage":1,"enemies":"Cultist","floor":2,"turns":5},{"damage":0,"enemies":"Small Slimes","floor":3,"turns":3},{"damage":1,"enemies":"Exordium Thugs","floor":5,"turns":3},{"damage":10,"enemies":"3 Louse","floor":7,"turns":3},{"damage":25,"enemies":"3 Sentries","floor":8,"turns":6},{"damage":11,"enemies":"Looter","floor":10,"turns":2},{"damage":25,"enemies":"Lagavulin","floor":12,"turns":6},{"damage":8,"enemies":"3 Sentries","floor":14,"turns":6},{"damage":13,"enemies":"Hexaghost","floor":16,"turns":10},{"damage":29,"enemies":"Shell Parasite","floor":18,"turns":10},{"damage":7,"enemies":"Chosen","floor":19,"turns":6},{"damage":11,"enemies":"Centurion and Healer","floor":20,"turns":7},{"damage":0,"enemies":"Snake Plant","floor":22,"turns":1},{"damage":24,"enemies":"Slavers","floor":23,"turns":1}],"seed_played":"6917647816438838827","potions_obtained":[{"floor":3,"key":"EssenceOfSteel"},{"floor":14,"key":"SmokeBomb"},{"floor":18,"key":"SteroidPotion"},{"floor":20,"key":"EssenceOfSteel"}],"is_trial":false,"path_per_floor":["?","M","T"],"character_chosen":"DEFECT","items_purchased":["Runic Capacitor","Coolheaded","Flash of Steel"],"campfire_rested":2,"item_purchase_floors":[21,21,21],"current_hp_per_floor":[64,63,63,63,62,62,52,27,27,16,40,15,15,7,31,18,66,37,30,19,19,19,0],"gold":112,"neow_bonus":"TEN_PERCENT_HP_BONUS","is_prod":false,"is_daily":false,"chose_seed":false,"campfire_upgraded":1,"win_rate":0,"timestamp":1553882456,"path_taken":["M","M","M","?","M","R","M","E","T","?","R","E","?","E","R","BOSS","M","M","M","$","M","E"],"build_version":"2019-01-23","purchased_purges":0,"victory":false,"max_hp_per_floor":[82,82,82,82,82,82,82,82,82,82,82,82,82,82,82,82,82,82,82,82,82,82,82],"card_choices":[{"not_picked":["Double Energy","Sweeping Beam"],"picked":"Leap","floor":1},{"not_picked":["Hologram","Beam Cell"],"picked":"Go for the Eyes","floor":2},{"not_picked":["Gash","Force Field"],"picked":"Sunder","floor":3},{"not_picked":["Reboot","Leap","Reprogram"],"picked":"SKIP","floor":5},{"not_picked":["Compile Driver","Sweeping Beam"],"picked":"FTL","floor":7},{"not_picked":["Turbo","Leap"],"picked":"Scrape","floor":8},{"not_picked":["Chill","Turbo"],"picked":"Sunder","floor":10},{"not_picked":["Auto Shields","Steam Power"],"picked":"Conserve Battery","floor":12},{"not_picked":["Streamline","Sweeping Beam"],"picked":"Electrodynamics","floor":14},{"not_picked":["Rainbow","Biased Cognition"],"picked":"Electrodynamics","floor":16},{"not_picked":["BootSequence+1","Hologram"],"picked":"Coolheaded","floor":18},{"not_picked":["Conserve Battery+1","Barrage"],"picked":"Coolheaded+1","floor":18},{"not_picked":["Compile Driver","Stack"],"picked":"Cold Snap","floor":19},{"not_picked":["Cold Snap","Fusion"],"picked":"Seek","floor":19},{"not_picked":["Hologram","Streamline+1"],"picked":"Cold Snap","floor":20},{"not_picked":["Turbo","Steam"],"picked":"Seek","floor":20}],"player_experience":1203258,"relics_obtained":[{"floor":8,"key":"Du-Vu Doll"},{"floor":12,"key":"Kunai"},{"floor":13,"key":"Prayer Wheel"},{"floor":14,"key":"Torii"}],"event_choices":[{"damage_healed":0,"gold_gain":0,"player_choice":"Trade","damage_taken":0,"relics_obtained":["NlothsMask"],"max_hp_gain":0,"max_hp_loss":0,"event_name":"FaceTrader","floor":4,"gold_loss":0}],"is_beta":false,"boss_relics":[{"not_picked":["Coffee Dripper","Tiny House"],"picked":"Inserter"}],"items_purged_floors":[],"is_endless":false,"potions_floor_spawned":[3,14,18,20],"killed_by":"Slavers","ascension_level":10}