{"gold_per_floor":[112,112,187,187,265,265,296,306,355,386,386,402,417,437,437,532,532,548,548,561,580,596,596,596],"floor_reached":24,"playtime":1006,"items_purged":[],"score":250,"play_id":"436be00e-e46d-4172-a3be-01c8bdbdfd56","local_time":"20180915121902","is_ascension_mode":true,"campfire_choices":[{"data":"Anger","floor":6,"key":"SMITH"},{"floor":15,"key":"REST"},{"floor":23,"key":"REST"}],"neow_cost":"NONE","seed_source_timestamp":153011629982478,"circlet_count":0,"master_deck":["Strike_R","Strike_R+1","Strike_R+1","Defend_R","Defend_R","Defend_R","Defend_R","Bash","Anger+1","Regret","Anger","Rampage","Battle Trance","Rampage","Pommel Strike","Anger","Barricade+1","Thunderclap","Disarm+1","Reckless Charge+1","Body Slam"],"relics":["Burning Blood","Frozen Egg 2","Question Card","Blue Candle","Lantern","Whetstone","Gambling Chip","Cursed Key","Ancient Tea Set"],"potions_floor_usage":[7,10,13,22,22],"damage_taken":[{"damage":4,"enemies":"Small Slimes","floor":1,"turns":6},{"damage":39,"enemies":"3 Sentries","floor":7,"turns":11},{"damage":2,"enemies":"Jaw Worm","floor":8,"turns":2},{"damage":12,"enemies":"Gremlin Nob","floor":10,"turns":3},{"damage":1,"enemies":"Cultist","floor":12,"turns":2},{"damage":22,"enemies":"Large Slime","floor":13,"turns":5},{"damage":0,"enemies":"3 Louse","floor":14,"turns":2},{"damage":37,"enemies":"Hexaghost","floor":16,"turns":9},{"damage":26,"enemies":"Chosen","floor":18,"turns":5},{"damage":2,"enemies":"3 Byrds","floor":20,"turns":5},{"damage":31,"enemies":"3 Cultists","floor":21,"turns":6},{"damage":9,"enemies":"Snake Plant","floor":22,"turns":6},{"damage":68,"enemies":"Gremlin Leader","floor":24,"turns":5}],"seed_played":"3149729683249028571","potions_obtained":[{"floor":1,"key":"EssenceOfSteel"},{"floor":8,"key":"PowerPotion"},{"floor":10,"key":"Poison Potion"},{"floor":21,"key":"EssenceOfSteel"},{"floor":22,"key":"Fruit Juice"}],"is_trial":false,"path_per_floor":["M","?","?","?","T","R","E","M","T","E","?","M","M","M","R","B",null,"M","?","M","M","M","R"],"character_chosen":"IRONCLAD","items_purchased":[],"campfire_rested":2,"item_purchase_floors":[],"current_hp_per_floor":[80,77,66,66,66,66,33,37,37,31,24,29,13,19,43,12,80,60,60,64,39,41,66,0],"gold":596,"neow_bonus":"REMOVE_CARD","is_prod":false,"is_daily":false,"chose_seed":false,"campfire_upgraded":1,"win_rate":0,"timestamp":1537035542,"path_taken":["M","?","?","?","?","R","E","M","T","E","?","?","M","M","R","BOSS","M","?","?","M","M","R","E"],"build_version":"2018-09-06","purchased_purges":0,"victory":false,"max_hp_per_floor":[80,80,80,80,80,80,80,80,80,80,80,80,80,80,80,80,80,80,80,80,80,85,85,85],"card_choices":[{"not_picked":["Shockwave","Dual Wield"],"picked":"Anger","floor":1},{"not_picked":["Evolve+1","Headbutt","Havoc"],"picked":"Anger","floor":7},{"not_picked":["Spot Weakness","Perfected Strike","Cleave"],"picked":"Rampage","floor":8},{"not_picked":["Headbutt","Havoc","Flame Barrier"],"picked":"Battle Trance","floor":10},{"not_picked":["Spot Weakness","Warcry","Burning Pact"],"picked":"Rampage","floor":12},{"not_picked":["Body Slam","Searing Blow","Wild Strike"],"picked":"Pommel Strike","floor":13},{"not_picked":["Infernal Blade","Immolate","Warcry"],"picked":"Anger","floor":14},{"not_picked":["Feed","Double Tap","Juggernaut+1"],"picked":"Barricade+1","floor":16},{"not_picked":["Seeing Red","Uppercut","Shockwave"],"picked":"Thunderclap","floor":18},{"not_picked":["Wild Strike","Warcry","Rampage"],"picked":"Disarm+1","floor":20},{"not_picked":["Headbutt","Sword Boomerang","Heavy Blade+1"],"picked":"Reckless Charge+1","floor":21},{"not_picked":["True Grit+1","Infernal Blade","Headbutt"],"picked":"Body Slam","floor":22}],"player_experience":522575,"relics_obtained":[{"floor":5,"key":"Blue Candle"},{"floor":7,"key":"Lantern"},{"floor":9,"key":"Whetstone"},{"floor":10,"key":"Gambling Chip"}],"event_choices":[{"event_name":"Scrap Ooze","player_choice":"success","floor":2,"damage_taken":3},{"event_name":"World of Goop","player_choice":"Gather Gold","floor":3,"damage_taken":0},{"event_name":"Big Fish","player_choice":"Box","floor":4,"damage_taken":0},{"event_name":"Golden Wing","player_choice":"Card Removal","floor":11,"damage_taken":0},{"event_name":"The Mausoleum","player_choice":"Yes","floor":19,"damage_taken":0}],"is_beta":false,"boss_relics":[{"not_picked":["Snecko Eye","Busted Crown"],"picked":"Cursed Key"}],"items_purged_floors":[],"is_endless":false,"potions_floor_spawned":[1,8,10,21,22],"killed_by":"Gremlin Leader","ascension_level":4}