{"gold_per_floor":[18,37,37,37,37,37,66,66,116,116,147,164,239,239,239,343,343,354,367,367,367,212,238,238,238],"floor_reached":25,"playtime":1267,"items_purged":["Strike_R"],"score":270,"play_id":"f0fffe4c-c914-4569-87de-3ff69b1614b4","local_time":"20190115104732","is_ascension_mode":true,"campfire_choices":[{"data":"Searing Blow+1","floor":6.0,"key":"SMITH"},{"data":"Searing Blow+2","floor":8.0,"key":"SMITH"},{"floor":10.0,"key":"REST"},{"data":"Armaments","floor":15.0,"key":"SMITH"},{"floor":24.0,"key":"REST"}],"neow_cost":"NO_GOLD","seed_source_timestamp":219031456262225,"circlet_count":0,"master_deck":["Strike_R","Strike_R","Strike_R","Defend_R","Defend_R","Defend_R","Defend_R","Bash","Limit Break","Searing Blow+3","Armaments+1","Evolve","Power Through+1","Inflame"],"special_seed":0,"relics":["Burning Blood","Pantograph","Mercury Hourglass","Regal Pillow","Toxic Egg 2","Mango","Black Star","Peace Pipe","Incense Burner"],"potions_floor_usage":[25],"damage_taken":[{"damage":7.0,"enemies":"Jaw Worm","floor":1.0,"turns":3.0},{"damage":4.0,"enemies":"Small Slimes","floor":2.0,"turns":4.0},{"damage":40.0,"enemies":"3 Sentries","floor":7.0,"turns":10.0},{"damage":32.0,"enemies":"Gremlin Nob","floor":11.0,"turns":4.0},{"damage":2.0,"enemies":"2 Louse","floor":12.0,"turns":2.0},{"damage":29.0,"enemies":"Slime Boss","floor":16.0,"turns":10.0},{"damage":25.0,"enemies":"Spheric Guardian","floor":18.0,"turns":5.0},{"damage":7.0,"enemies":"Chosen","floor":19.0,"turns":4.0},{"damage":54.0,"enemies":"Slavers","floor":23.0,"turns":5.0},{"damage":72,"enemies":"Gremlin Leader","floor":25,"turns":4}],"seed_played":"3886033854244068608","potions_obtained":[{"floor":1.0,"key":"SpeedPotion"},{"floor":7.0,"key":"Dexterity Potion"},{"floor":18.0,"key":"AttackPotion"},{"floor":23.0,"key":"Poison Potion"}],"is_trial":false,"path_per_floor":["M","M","?","?","?","R","E","R","T","R","E","M","?","T","R","B",null,"M","M","?","?","$","E","R","E"],"character_chosen":"IRONCLAD","items_purchased":["Inflame"],"campfire_rested":2,"item_purchase_floors":[22],"current_hp_per_floor":[79,80,80,73,73,73,39,39,39,78,52,56,45,59,59,61,94,75,74,74,74,74,26,69,0],"gold":238,"neow_bonus":"THREE_RARE_CARDS","is_prod":false,"is_daily":false,"chose_seed":false,"campfire_upgraded":3,"win_rate":0,"timestamp":1547578052,"path_taken":["M","M","?","?","?","R","E","R","T","R","E","?","?","?","R","BOSS","M","M","?","?","$","E","R","E"],"build_version":"2019-01-10","purchased_purges":1,"victory":false,"max_hp_per_floor":[80,80,80,80,80,80,80,80,80,80,80,80,80,94,94,94,94,94,94,94,94,94,94,94,94],"card_choices":[{"not_picked":["Double Tap","Brutality"],"picked":"Limit Break","floor":0.0},{"not_picked":["Blood for Blood","Warcry","Dual Wield"],"picked":"SKIP","floor":1.0},{"not_picked":["Anger","Sword Boomerang"],"picked":"Searing Blow","floor":2.0},{"not_picked":["Pommel Strike","Disarm"],"picked":"Armaments","floor":7.0},{"not_picked":["Dark Embrace","Limit Break"],"picked":"Evolve","floor":11.0},{"not_picked":["Rage+1","Flex+1","Heavy Blade"],"picked":"SKIP","floor":12.0},{"not_picked":["Evolve+1","Iron Wave","Pommel Strike"],"picked":"SKIP","floor":18.0},{"not_picked":["Rampage","Havoc+1"],"picked":"Power Through+1","floor":19.0},{"not_picked":["Sever Soul","Havoc+1","Wild Strike"],"picked":"SKIP","floor":23.0}],"player_experience":232283,"relics_obtained":[{"floor":7.0,"key":"Mercury Hourglass"},{"floor":9.0,"key":"Regal Pillow"},{"floor":11.0,"key":"Toxic Egg 2"},{"floor":14.0,"key":"Mango"},{"floor":23.0,"key":"Peace Pipe"},{"floor":23.0,"key":"Incense Burner"}],"event_choices":[{"damage_healed":0.0,"max_hp_gain":0.0,"max_hp_loss":0.0,"gold_gain":0.0,"event_name":"Big Fish","player_choice":"Box","floor":3.0,"gold_loss":0.0,"damage_taken":0.0,"relics_obtained":["Pantograph"],"cards_obtained":["Regret"]},{"cards_removed":["Regret"],"damage_healed":0.0,"max_hp_gain":0.0,"max_hp_loss":0.0,"gold_gain":0.0,"event_name":"Golden Wing","player_choice":"Card Removal","floor":4.0,"gold_loss":0.0,"damage_taken":7.0},{"damage_healed":0.0,"max_hp_gain":0.0,"max_hp_loss":0.0,"gold_gain":0.0,"event_name":"Living Wall","player_choice":"Grow","floor":5.0,"gold_loss":0.0,"damage_taken":0.0,"cards_upgraded":["Searing Blow"]},{"damage_healed":0.0,"max_hp_gain":0.0,"max_hp_loss":0.0,"gold_gain":75.0,"event_name":"World of Goop","player_choice":"Gather Gold","floor":13.0,"gold_loss":0.0,"damage_taken":11.0},{"cards_removed":["Strike_R"],"damage_healed":0.0,"max_hp_gain":0.0,"max_hp_loss":0.0,"gold_gain":0.0,"event_name":"Back to Basics","player_choice":"Elegance","floor":20.0,"gold_loss":0.0,"damage_taken":0.0},{"damage_healed":0.0,"max_hp_gain":0.0,"max_hp_loss":0.0,"gold_gain":0.0,"event_name":"Vampires","player_choice":"Ignored","floor":21.0,"gold_loss":0.0,"damage_taken":0.0}],"is_beta":false,"boss_relics":[{"not_picked":["Fusion Hammer","Runic Dome"],"picked":"Black Star"}],"items_purged_floors":[22],"is_endless":false,"potions_floor_spawned":[1,7,18,23],"killed_by":"Gremlin Leader","ascension_level":4}