{"gold_per_floor":[113,129,27,27,27,59,59,92,117,142,161,161,177,189,189,284,284,294,294,304,129,145,145,171,171,171,191,191,202,214,214],"floor_reached":31,"playtime":1146,"items_purged":[],"score":317,"play_id":"c0423384-6701-4655-bcc0-15df7ac07950","local_time":"20180817181257","is_ascension_mode":true,"campfire_choices":[{"floor":15,"key":"REST"},{"data":"Infinite Blades","floor":23,"key":"SMITH"},{"floor":28,"key":"REST"}],"neow_cost":"NONE","seed_source_timestamp":60214678192036,"circlet_count":0,"master_deck":["Defend_G","Defend_G+1","Defend_G+1","Defend_G","Defend_G","Strike_G","Strike_G","Strike_G","Strike_G","Strike_G","Survivor","Neutralize","Poisoned Stab","Crippling Poison+1","Cloak And Dagger+1","Accuracy","Accuracy","Bane","Poisoned Stab","Deadly Poison","Dodge and Roll+1","Flying Knee","Corpse Explosion+1","Leg Sweep+1","RitualDagger","Infinite Blades+1","Flying Knee","Accuracy","Crippling Poison+1","Infinite Blades+1","Noxious Fumes+1","Distraction+1","Blade Dance+1","Deadly Poison+1"],"relics":["Ring of the Snake","NeowsBlessing","FaceOfCleric","Bronze Scales","Snake Skull","War Paint","Du-Vu Doll","Toxic Egg 2","WristBlade","Regal Pillow","Dodecahedron"],"potions_floor_usage":[8,16,24,29,30,30,30],"damage_taken":[{"damage":0,"enemies":"Cultist","floor":1,"turns":1},{"damage":0,"enemies":"Jaw Worm","floor":2,"turns":1},{"damage":0,"enemies":"3 Sentries","floor":6,"turns":1},{"damage":9,"enemies":"Gremlin Nob","floor":8,"turns":4},{"damage":21,"enemies":"3 Sentries","floor":10,"turns":8},{"damage":0,"enemies":"2 Louse","floor":11,"turns":2},{"damage":10,"enemies":"Looter","floor":13,"turns":2},{"damage":1,"enemies":"3 Louse","floor":14,"turns":2},{"damage":24,"enemies":"Hexaghost","floor":16,"turns":6},{"damage":3,"enemies":"Chosen","floor":18,"turns":4},{"damage":0,"enemies":"3 Byrds","floor":20,"turns":2},{"damage":7,"enemies":"Snecko","floor":22,"turns":5},{"damage":39,"enemies":"Book of Stabbing","floor":24,"turns":4},{"damage":22,"enemies":"Centurion and Healer","floor":27,"turns":4},{"damage":24,"enemies":"Snake Plant","floor":29,"turns":4},{"damage":8,"enemies":"3 Cultists","floor":30,"turns":4},{"damage":19,"enemies":"Centurion and Healer","floor":31,"turns":4}],"seed_played":"-7961104379376144586","potions_obtained":[{"floor":2,"key":"EssenceOfSteel"},{"floor":10,"key":"Strength Potion"},{"floor":11,"key":"GamblersBrew"},{"floor":16,"key":"FearPotion"},{"floor":22,"key":"Swift Potion"},{"floor":29,"key":"EssenceOfSteel"}],"is_trial":false,"path_per_floor":["M","M","$","?","?","E","?","E","T","E","M","?","M","M","R","B",null,"M","?","M","$","M","R","E","?","T","M","R","M","M"],"character_chosen":"THE_SILENT","items_purchased":["Cloak And Dagger","Accuracy","Flying Knee","Accuracy","Crippling Poison+1"],"campfire_rested":2,"item_purchase_floors":[3,3,21,21,21],"current_hp_per_floor":[70,70,70,70,56,57,57,49,49,29,30,30,21,21,43,20,77,75,69,70,70,64,64,26,26,26,5,44,21,14,0],"gold":214,"neow_bonus":"THREE_ENEMY_KILL","is_prod":false,"is_daily":false,"chose_seed":false,"campfire_upgraded":1,"win_rate":0,"timestamp":1534551177,"path_taken":["M","?","$","?","?","E","?","E","T","E","M","?","M","?","R","BOSS","M","?","M","$","M","R","E","?","T","M","R","M","?","M"],"build_version":"2018-08-16","purchased_purges":0,"victory":false,"max_hp_per_floor":[70,70,70,70,70,71,71,72,72,73,74,74,75,76,76,77,77,78,78,79,79,80,80,81,81,81,82,82,83,84,84],"card_choices":[{"not_picked":["Acrobatics","Cloak And Dagger"],"picked":"Poisoned Stab","floor":1},{"not_picked":["Catalyst","Leg Sweep"],"picked":"Crippling Poison","floor":2},{"not_picked":["Acrobatics","Deflect"],"picked":"Accuracy","floor":6},{"not_picked":["Acrobatics","Blur"],"picked":"Bane","floor":8},{"not_picked":["Flying Knee","Wraith Form v2"],"picked":"Poisoned Stab","floor":10},{"not_picked":["Well Laid Plans","PiercingWail"],"picked":"Deadly Poison","floor":11},{"not_picked":["Tactician+1","Quick Slash"],"picked":"Dodge and Roll+1","floor":13},{"not_picked":["Underhanded Strike","Escape Plan+1"],"picked":"Flying Knee","floor":14},{"not_picked":["After Image","Glass Knife"],"picked":"Corpse Explosion+1","floor":16},{"not_picked":["Quick Slash","Backflip+1"],"picked":"Leg Sweep+1","floor":18},{"not_picked":["Backstab","Acrobatics+1"],"picked":"Infinite Blades+1","floor":20},{"not_picked":["Bullet Time+1","Terror+1"],"picked":"Infinite Blades","floor":22},{"not_picked":["PiercingWail+1","Deflect+1"],"picked":"Noxious Fumes","floor":24},{"not_picked":["Setup+1","Flechettes+1"],"picked":"Distraction+1","floor":27},{"not_picked":["PiercingWail+1","Slice+1"],"picked":"Blade Dance+1","floor":29},{"not_picked":["Quick Slash+1","Finisher"],"picked":"Deadly Poison+1","floor":30}],"player_experience":237487,"relics_obtained":[{"floor":6,"key":"Bronze Scales"},{"floor":8,"key":"Snake Skull"},{"floor":9,"key":"War Paint"},{"floor":10,"key":"Du-Vu Doll"},{"floor":24,"key":"Regal Pillow"},{"floor":26,"key":"Dodecahedron"}],"event_choices":[{"event_name":"FaceTrader","player_choice":"Trade","floor":4,"damage_taken":0},{"event_name":"Shining Light","player_choice":"Entered Light","floor":5,"damage_taken":0},{"event_name":"Golden Wing","player_choice":"Ignored","floor":7,"damage_taken":0},{"event_name":"Dead Adventurer","player_choice":"Searched \u00272\u0027 times","floor":12,"damage_taken":0},{"event_name":"Nest","player_choice":"Joined the Cult","floor":19,"damage_taken":0},{"event_name":"Upgrade Shrine","player_choice":"Upgraded","floor":25,"damage_taken":0}],"is_beta":false,"boss_relics":[{"not_picked":["Astrolabe","Empty Cage"],"picked":"WristBlade"}],"items_purged_floors":[],"is_endless":false,"potions_floor_spawned":[2,10,11,16,22,29],"killed_by":"Centurion and Healer","ascension_level":1}