{"gold_per_floor":[111,38,38,38,56,56,84,101,182,156,166,74,94,269,269,370,370,387,387,302,402,402,402,402],"floor_reached":24,"playtime":925,"items_purged":[],"score":246,"play_id":"613d8fc8-f7ba-49ce-bb8c-3c6dfa2ad526","local_time":"20180830103424","is_ascension_mode":true,"campfire_choices":[{"floor":6,"key":"REST"},{"floor":15,"key":"REST"},{"data":"Die Die Die","floor":23,"key":"SMITH"}],"neow_cost":"NONE","seed_source_timestamp":52896392111791,"circlet_count":0,"master_deck":["Survivor","Neutralize","Cloak And Dagger","Blade Dance","Dagger Spray","Cloak And Dagger","Dagger Spray","Dagger Spray","Cloak And Dagger","Backstab","Sucker Punch","Doubt","Cloak And Dagger","Die Die Die+1","Flechettes","Expertise","Dagger Throw","Backflip","Prepared","Quick Slash","Well Laid Plans","Flying Knee","Sucker Punch","Deflect+1"],"relics":["Ring of the Snake","Whetstone","Happy Flower","Dream Catcher","Gremlin Horn","Pandora\u0027s Box","Dodecahedron","Meat on the Bone"],"potions_floor_usage":[16,16,19],"damage_taken":[{"damage":0,"enemies":"Small Slimes","floor":1,"turns":3},{"damage":8,"enemies":"2 Louse","floor":5,"turns":2},{"damage":36,"enemies":"Lagavulin","floor":7,"turns":9},{"damage":0,"enemies":"Cultist","floor":8,"turns":3},{"damage":1,"enemies":"Large Slime","floor":11,"turns":5},{"damage":0,"enemies":"Looter","floor":13,"turns":2},{"damage":47,"enemies":"Slime Boss","floor":16,"turns":11},{"damage":0,"enemies":"3 Byrds","floor":18,"turns":2},{"damage":12,"enemies":"Colosseum Slavers","floor":19,"turns":3},{"damage":58,"enemies":"Gremlin Leader","floor":24,"turns":6}],"seed_played":"3128162505419824577","potions_obtained":[{"floor":8,"key":"EssenceOfSteel"},{"floor":13,"key":"Regen Potion"},{"floor":18,"key":"SpeedPotion"}],"is_trial":false,"path_per_floor":["M","$","?","?","M","R","E","M","T","?","M","$","M","?","R","B",null,"M","?","?","?","T","R"],"character_chosen":"THE_SILENT","items_purchased":["Blade Dance","Dagger Spray","Cloak And Dagger","Backstab"],"campfire_rested":2,"item_purchase_floors":[2,2,12,12],"current_hp_per_floor":[70,70,63,38,30,51,15,15,15,15,14,14,14,14,35,3,70,70,58,58,58,58,58,0],"gold":402,"neow_bonus":"RANDOM_COMMON_RELIC","is_prod":false,"is_daily":false,"chose_seed":false,"campfire_upgraded":1,"win_rate":0,"timestamp":1535646864,"path_taken":["M","$","?","?","M","R","E","M","T","?","M","?","?","?","R","BOSS","M","?","?","?","?","R","E"],"build_version":"2018-08-23v2","purchased_purges":0,"victory":false,"max_hp_per_floor":[70,70,70,70,70,70,70,70,70,70,70,70,70,70,70,70,70,70,70,70,70,70,70,70],"card_choices":[{"not_picked":["Footwork","Bane"],"picked":"Cloak And Dagger","floor":1},{"not_picked":["Acrobatics","Flying Knee"],"picked":"Cloak And Dagger","floor":5},{"not_picked":["Predator","Escape Plan","Grand Finale"],"picked":"SKIP","floor":7},{"not_picked":["Tactician","Underhanded Strike"],"picked":"Dagger Spray","floor":8},{"not_picked":["Dodge and Roll","Dagger Throw"],"picked":"Dagger Spray","floor":11},{"not_picked":["Flying Knee","Dagger Throw"],"picked":"Sucker Punch","floor":13},{"not_picked":["Dagger Throw","Dagger Spray"],"picked":"Cloak And Dagger","floor":15},{"not_picked":["Malaise","Envenom"],"picked":"Die Die Die","floor":16},{"not_picked":["Endless Agony","Dodge and Roll"],"picked":"Deflect+1","floor":18}],"player_experience":421876,"relics_obtained":[{"floor":7,"key":"Dream Catcher"},{"floor":9,"key":"Gremlin Horn"},{"floor":22,"key":"Meat on the Bone"}],"event_choices":[{"event_name":"Golden Wing","player_choice":"Card Removal","floor":3,"damage_taken":0},{"event_name":"Scrap Ooze","player_choice":"success","floor":4,"damage_taken":25},{"event_name":"World of Goop","player_choice":"Left","floor":10,"damage_taken":0},{"event_name":"Liars Game","player_choice":"agreed","floor":14,"damage_taken":0},{"event_name":"Colosseum","player_choice":"Fight","floor":19,"damage_taken":0},{"event_name":"Colosseum","player_choice":"Fled From Nobs","floor":19,"damage_taken":0},{"event_name":"Addict","player_choice":"Obtained Relic","floor":20,"damage_taken":0},{"event_name":"Golden Shrine","player_choice":"Pray","floor":21,"damage_taken":0}],"is_beta":false,"boss_relics":[{"not_picked":["Snecko Eye","Calling Bell"],"picked":"Pandora\u0027s Box"}],"items_purged_floors":[],"is_endless":false,"potions_floor_spawned":[8,13,18],"killed_by":"Gremlin Leader","ascension_level":3}