{"gold_per_floor":[114,114,114,114,28,62,62,78,78,99,120,143,174,199,199,329,329,254,254,51,70,91,91,91,91,91,112,112,125,148,168,168,291,291,310,310,324,339,339,339,383,383,383,36,71,71,71,90,90,90],"floor_reached":51,"playtime":3755,"items_purged":["Strike_B","Strike_B"],"score":1004,"play_id":"ae287ae6-88c1-4ec9-8a87-97f27e2cd005","local_time":"20190325020553","is_ascension_mode":true,"campfire_choices":[{"floor":7,"key":"REST"},{"data":"Consume","floor":15,"key":"SMITH"},{"floor":23,"key":"REST"},{"data":"Defragment","floor":25,"key":"SMITH"},{"data":"Capacitor","floor":32,"key":"SMITH"},{"floor":40,"key":"REST"},{"floor":42,"key":"REST"},{"floor":47,"key":"REST"},{"floor":49,"key":"REST"}],"neow_cost":"NONE","seed_source_timestamp":784101967908503,"circlet_count":0,"master_deck":["Defend_B","Defend_B","Defend_B","Defend_B","Zap+1","Dualcast","BootSequence","FTL","Compile Driver","Undo","Steam","Cold Snap","Capacitor+1","Consume+1","Ball Lightning","Creative AI","Coolheaded","Defragment+1","Stack","White Noise","Undo","RitualDagger","Genetic Algorithm","Coolheaded","Seek","Seek","FTL","Loop","Finesse"],"relics":["FrozenCore","NeowsBlessing","Happy Flower","Golden Idol","Darkstone Periapt","Bottled Flame","Strawberry","Enchiridion","Symbiotic Virus","Empty Cage","Anchor","Vajra"],"potions_floor_usage":[45,48,50,50],"damage_taken":[{"damage":0,"enemies":"2 Louse","floor":1,"turns":1},{"damage":0,"enemies":"Lagavulin","floor":6,"turns":1},{"damage":0,"enemies":"Jaw Worm","floor":8,"turns":1},{"damage":0,"enemies":"Small Slimes","floor":10,"turns":3},{"damage":0,"enemies":"Looter","floor":11,"turns":2},{"damage":0,"enemies":"Blue Slaver","floor":12,"turns":3},{"damage":15,"enemies":"3 Sentries","floor":13,"turns":8},{"damage":7,"enemies":"3 Louse","floor":14,"turns":3},{"damage":16,"enemies":"Hexaghost","floor":16,"turns":8},{"damage":7,"enemies":"2 Thieves","floor":18,"turns":5},{"damage":23,"enemies":"Chosen","floor":21,"turns":6},{"damage":7,"enemies":"Snecko","floor":22,"turns":8},{"damage":6,"enemies":"Centurion and Healer","floor":27,"turns":8},{"damage":8,"enemies":"Sentry and Sphere","floor":29,"turns":4},{"damage":3,"enemies":"3 Cultists","floor":30,"turns":7},{"damage":0,"enemies":"Chosen and Byrds","floor":31,"turns":7},{"damage":13,"enemies":"Champ","floor":33,"turns":11},{"damage":0,"enemies":"3 Shapes","floor":35,"turns":6},{"damage":20,"enemies":"3 Darklings","floor":37,"turns":4},{"damage":33,"enemies":"Jaw Worm Horde","floor":38,"turns":6},{"damage":1,"enemies":"Nemesis","floor":41,"turns":35},{"damage":46,"enemies":"Reptomancer","floor":45,"turns":9},{"damage":22,"enemies":"Spire Growth","floor":48,"turns":5},{"damage":32,"enemies":"Donu and Deca","floor":50,"turns":13}],"seed_played":"-1757076907728465056","potions_obtained":[{"floor":1,"key":"Strength Potion"},{"floor":8,"key":"Ancient Potion"},{"floor":13,"key":"SteroidPotion"},{"floor":16,"key":"PowerPotion"},{"floor":45,"key":"AttackPotion"},{"floor":48,"key":"Ancient Potion"}],"is_trial":false,"path_per_floor":["?","?","?","?","?","?","?","?","?"],"character_chosen":"DEFECT","items_purchased":["FTL","Compile Driver","Defragment","Stack","FTL","Loop","Block Potion","Energy Potion"],"campfire_rested":6,"item_purchase_floors":[5,5,20,20,44,44,44,44],"current_hp_per_floor":[68,43,43,25,25,25,47,47,47,47,47,47,39,32,32,16,66,59,43,43,20,13,37,64,64,64,58,52,44,41,41,41,28,69,69,69,49,16,16,39,38,61,61,61,15,15,38,16,39,7],"gold":90,"neow_bonus":"THREE_ENEMY_KILL","is_prod":false,"is_daily":false,"chose_seed":false,"campfire_upgraded":3,"win_rate":0,"timestamp":1553493953,"path_taken":["M","?","?","?","$","E","R","M","T","M","M","M","E","M","R","BOSS","M","?","$","M","M","R","?","R","T","M","?","M","M","M","R","BOSS","M","?","M","M","?","R","E","R","T","$","E","?","R","M","R","BOSS"],"build_version":"2019-01-23","purchased_purges":2,"victory":true,"max_hp_per_floor":[75,75,75,75,75,75,75,75,75,75,75,75,82,82,82,82,82,82,82,82,82,82,82,82,82,82,82,82,82,82,82,82,82,82,82,78,78,78,78,78,78,78,78,78,78,78,78,78,78,78],"card_choices":[{"not_picked":["Beam Cell","Compile Driver"],"picked":"BootSequence","floor":1},{"not_picked":["Blizzard","Gash"],"picked":"Undo","floor":6},{"not_picked":["Redo","Skim"],"picked":"Steam","floor":8},{"not_picked":["Force Field","Undo"],"picked":"Cold Snap","floor":10},{"not_picked":["Turbo","Recycle","Force Field"],"picked":"SKIP","floor":11},{"not_picked":["Undo","Redo"],"picked":"Capacitor","floor":12},{"not_picked":["Doom and Gloom","Stack"],"picked":"Consume","floor":13},{"not_picked":["Sweeping Beam","Doom and Gloom"],"picked":"Ball Lightning","floor":14},{"not_picked":["Thunder Strike","Electrodynamics"],"picked":"Creative AI","floor":16},{"not_picked":["Chaos+1","Steam"],"picked":"Coolheaded","floor":18},{"not_picked":["Reprogram","Turbo+1"],"picked":"White Noise","floor":21},{"not_picked":["Turbo","Blizzard+1","Meteor Strike"],"picked":"SKIP","floor":22},{"not_picked":["Ball Lightning","Streamline"],"picked":"Undo","floor":27},{"not_picked":["Leap","Stack"],"picked":"Genetic Algorithm","floor":29},{"not_picked":["Multi-Cast","Hologram","Streamline+1"],"picked":"SKIP","floor":30},{"not_picked":["Beam Cell","Conserve Battery"],"picked":"Coolheaded","floor":31},{"not_picked":["Thunder Strike","Core Surge"],"picked":"Seek","floor":33},{"not_picked":["Consume","Go for the Eyes+1","Lockon+1"],"picked":"SKIP","floor":35},{"not_picked":["Rip and Tear+1","Go for the Eyes","Redo"],"picked":"SKIP","floor":37},{"not_picked":["Steam","Storm+1","Redo"],"picked":"SKIP","floor":38},{"not_picked":["Doom and Gloom+1","Rip and Tear+1"],"picked":"Seek","floor":41},{"not_picked":["Coolheaded","Reboot","Reinforced Body+1"],"picked":"SKIP","floor":45},{"not_picked":["Madness","Dark Shackles"],"picked":"Finesse","floor":46},{"not_picked":["Cold Snap","Steam","Hologram+1"],"picked":"SKIP","floor":48}],"player_experience":980075,"relics_obtained":[{"floor":6,"key":"Darkstone Periapt"},{"floor":9,"key":"Bottled Flame"},{"floor":13,"key":"Strawberry"},{"floor":19,"key":"Enchiridion"},{"floor":26,"key":"Symbiotic Virus"},{"floor":41,"key":"Anchor"},{"floor":45,"key":"Vajra"}],"event_choices":[{"damage_healed":0,"gold_gain":0,"player_choice":"Success","damage_taken":25,"relics_obtained":["Happy Flower"],"max_hp_gain":0,"max_hp_loss":0,"event_name":"Scrap Ooze","floor":2,"gold_loss":0},{"damage_healed":0,"gold_gain":0,"player_choice":"Grow","damage_taken":0,"max_hp_gain":0,"max_hp_loss":0,"event_name":"Living Wall","floor":3,"gold_loss":0,"cards_upgraded":["Zap"]},{"damage_healed":0,"gold_gain":0,"player_choice":"Take Damage","damage_taken":18,"relics_obtained":["Golden Idol"],"max_hp_gain":0,"max_hp_loss":0,"event_name":"Golden Idol","floor":4,"gold_loss":0},{"damage_healed":0,"gold_gain":0,"player_choice":"Obtained Book","damage_taken":16,"max_hp_gain":0,"max_hp_loss":0,"event_name":"Cursed Tome","floor":19,"gold_loss":0},{"damage_healed":27,"gold_gain":0,"player_choice":"Heal","damage_taken":0,"max_hp_gain":0,"max_hp_loss":0,"event_name":"The Library","floor":24,"gold_loss":0},{"damage_healed":0,"gold_gain":0,"player_choice":"Joined the Cult","damage_taken":6,"max_hp_gain":0,"max_hp_loss":0,"event_name":"Nest","floor":28,"gold_loss":0,"cards_obtained":["RitualDagger"]},{"damage_healed":0,"gold_gain":0,"player_choice":"Max HP","damage_taken":0,"max_hp_gain":0,"max_hp_loss":4,"event_name":"Winding Halls","floor":36,"gold_loss":0},{"damage_healed":0,"gold_gain":0,"player_choice":"Ignored","damage_taken":0,"max_hp_gain":0,"max_hp_loss":0,"event_name":"Tomb of Lord Red Mask","floor":39,"gold_loss":0},{"damage_healed":0,"gold_gain":0,"player_choice":"Memory 1","damage_taken":0,"max_hp_gain":0,"max_hp_loss":0,"event_name":"SensoryStone","floor":46,"gold_loss":0}],"is_beta":false,"boss_relics":[{"not_picked":["Pandora\u0027s Box","Calling Bell"],"picked":"FrozenCore"},{"not_picked":["Tiny House","Sozu"],"picked":"Empty Cage"}],"items_purged_floors":[20,44],"is_endless":false,"potions_floor_spawned":[1,8,13,16,22,30,31,33,37,38,45,48],"ascension_level":8}