{"gold_per_floor":[112,128,139,64,64,64,79,98,98,98,117,117,71,86,86,187,187,197,197,210,59,59,70,70,87,169,181,195,195,221,19,19,114,114,124,124,124,139,159,159,99,134,158,58,76,76,88,107,107,107],"floor_reached":51,"playtime":12297,"items_purged":["Strike_R","Strike_R"],"score":668,"play_id":"d471350c-2e85-4070-a535-1f24eb7b2656","local_time":"20190106042009","is_ascension_mode":false,"campfire_choices":[{"data":"Whirlwind","floor":6.0,"key":"SMITH"},{"data":"Bash","floor":10.0,"key":"SMITH"},{"floor":12.0,"key":"REST"},{"data":"Flex","floor":15.0,"key":"SMITH"},{"data":"Heavy Blade","floor":24.0,"key":"SMITH"},{"floor":29.0,"key":"REST"},{"floor":32.0,"key":"REST"},{"data":"Seeing Red","floor":40,"key":"SMITH"},{"floor":46,"key":"REST"},{"data":"Demon Form","floor":49,"key":"SMITH"}],"neow_cost":"NONE","seed_source_timestamp":740641223401397,"circlet_count":0,"master_deck":["Strike_R","Strike_R","Defend_R","Defend_R","Defend_R","Defend_R","Bash+1","Clothesline","Anger","Whirlwind+1","Thunderclap","Flex+1","Twin Strike+1","Flex+1","Heavy Blade+1","Headbutt","Seeing Red+1","Demon Form+1","Finesse","Battle Trance"],"special_seed":0,"relics":["Burning Blood","Mango","Incense Burner","Eternal Feather","Red Skull","FaceOfCleric","Pantograph","Shuriken","Chemical X","Busted Crown","Magic Flower","Bag of Marbles"],"potions_floor_usage":[50,50,50],"damage_taken":[{"damage":4.0,"enemies":"Cultist","floor":1.0,"turns":3.0},{"damage":1.0,"enemies":"Jaw Worm","floor":2.0,"turns":3.0},{"damage":2.0,"enemies":"2 Louse","floor":3.0,"turns":3.0},{"damage":5.0,"enemies":"Red Slaver","floor":7.0,"turns":4.0},{"damage":36.0,"enemies":"Exordium Thugs","floor":8.0,"turns":5.0},{"damage":2.0,"enemies":"Looter","floor":11.0,"turns":4.0},{"damage":5.0,"enemies":"Blue Slaver","floor":14.0,"turns":3.0},{"damage":30.0,"enemies":"The Guardian","floor":16.0,"turns":6.0},{"damage":14.0,"enemies":"Chosen","floor":18.0,"turns":5.0},{"damage":30.0,"enemies":"Shell Parasite","floor":20.0,"turns":4.0},{"damage":31.0,"enemies":"Cultist and Chosen","floor":23.0,"turns":5.0},{"damage":12.0,"enemies":"Centurion and Healer","floor":25.0,"turns":2.0},{"damage":0.0,"enemies":"Snake Plant","floor":27.0,"turns":2.0},{"damage":19.0,"enemies":"Shelled Parasite and Fungi","floor":28.0,"turns":3.0},{"damage":50.0,"enemies":"Book of Stabbing","floor":30.0,"turns":5.0},{"damage":34.0,"enemies":"Automaton","floor":33.0,"turns":6.0},{"damage":29.0,"enemies":"3 Shapes","floor":35.0,"turns":4.0},{"damage":17,"enemies":"3 Darklings","floor":38,"turns":2},{"damage":23,"enemies":"Sphere and 2 Shapes","floor":39,"turns":3},{"damage":50,"enemies":"Reptomancer","floor":42,"turns":5},{"damage":18,"enemies":"4 Shapes","floor":45,"turns":2},{"damage":2,"enemies":"Transient","floor":47,"turns":5},{"damage":12,"enemies":"3 Darklings","floor":48,"turns":4},{"damage":101,"enemies":"Donu and Deca","floor":50,"turns":7}],"seed_played":"-4245028768756384545","potions_obtained":[{"floor":2.0,"key":"AttackPotion"},{"floor":7.0,"key":"Explosive Potion"},{"floor":8.0,"key":"GamblersBrew"},{"floor":11.0,"key":"Poison Potion"},{"floor":14.0,"key":"Ancient Potion"},{"floor":27.0,"key":"LiquidBronze"},{"floor":30.0,"key":"AttackPotion"},{"floor":33.0,"key":"LiquidBronze"},{"floor":42,"key":"Dexterity Potion"},{"floor":45,"key":"Dexterity Potion"},{"floor":48,"key":"Regen Potion"}],"is_trial":false,"path_per_floor":["M","M","M","$","?","R","M","M","T","R","M","R","$","M","R","B",null,"M","?","M","$","?","M","R","M","T","M","M","R","E","$","R","B",null,"M","?","?","M","M","R","?","E","T","$","M","R","M","M","R","B",null],"character_chosen":"IRONCLAD","items_purchased":["Flex","Red Skull","Chemical X"],"campfire_rested":4,"item_purchase_floors":[13,21,31],"current_hp_per_floor":[80,80,80,80,94,94,94,64,64,64,68,94,94,94,94,70,94,86,86,62,62,62,38,47,42,42,49,37,75,32,32,70,68,100,78,78,78,68,52,64,64,21,21,21,14,54,63,62,74,38],"gold":107,"neow_bonus":"TRANSFORM_CARD","is_prod":false,"is_daily":false,"chose_seed":false,"campfire_upgraded":6,"win_rate":0.0,"timestamp":1546770009,"path_taken":["M","M","M","?","?","R","M","?","T","R","?","R","$","M","R","BOSS","M","?","?","$","?","M","R","M","T","M","?","R","E","$","R","BOSS","M","?","?","M","M","R","?","E","T","$","M","R","?","?","R","BOSS"],"build_version":"2019-01-03v4","purchased_purges":2,"victory":true,"max_hp_per_floor":[80,80,80,80,94,94,94,94,94,94,94,94,94,94,94,94,94,94,94,94,94,94,95,95,96,96,97,98,98,99,99,99,100,100,101,101,101,102,103,103,103,104,104,104,105,105,106,107,107,108],"card_choices":[{"not_picked":["Clothesline","Metallicize"],"picked":"Anger","floor":1.0},{"not_picked":["Clothesline","Reckless Charge","Anger"],"picked":"SKIP","floor":2.0},{"not_picked":["True Grit","Twin Strike"],"picked":"Whirlwind","floor":3.0},{"not_picked":["Shockwave","Intimidate"],"picked":"Thunderclap","floor":7.0},{"not_picked":["Iron Wave","Armaments","Burning Pact"],"picked":"SKIP","floor":8.0},{"not_picked":["Shrug It Off","Thunderclap","Impervious"],"picked":"SKIP","floor":11.0},{"not_picked":["Shrug It Off","Thunderclap","Impervious"],"picked":"SKIP","floor":11.0},{"not_picked":["True Grit","Perfected Strike"],"picked":"Twin Strike","floor":14.0},{"not_picked":["Barricade","Brutality"],"picked":"Bludgeon","floor":16.0},{"not_picked":["Corruption+1","Perfected Strike"],"picked":"Flex+1","floor":18.0},{"not_picked":["Warcry","Burning Pact"],"picked":"Heavy Blade","floor":20.0},{"not_picked":["Pommel Strike","Rupture"],"picked":"Headbutt","floor":23.0},{"not_picked":["Iron Wave","Havoc","Shrug It Off"],"picked":"SKIP","floor":25.0},{"not_picked":["Warcry","Dual Wield","Cleave"],"picked":"SKIP","floor":27.0},{"not_picked":["Clash","Dark Embrace","Disarm"],"picked":"SKIP","floor":28.0},{"not_picked":["Rage","Shockwave"],"picked":"Seeing Red","floor":30.0},{"not_picked":["Bludgeon","Berserk"],"picked":"Demon Form","floor":33.0},{"not_picked":["Uppercut+1"],"picked":"SKIP","floor":35.0},{"not_picked":[],"picked":"Finesse","floor":37},{"not_picked":["Whirlwind"],"picked":"SKIP","floor":38},{"not_picked":["Dropkick"],"picked":"SKIP","floor":39},{"not_picked":["Impervious"],"picked":"SKIP","floor":42},{"not_picked":["Rupture+1"],"picked":"SKIP","floor":45},{"not_picked":["Perfected Strike+1"],"picked":"SKIP","floor":47},{"not_picked":[],"picked":"Battle Trance","floor":48}],"player_experience":99651,"relics_obtained":[{"floor":9.0,"key":"Incense Burner"},{"floor":26.0,"key":"Pantograph"},{"floor":30.0,"key":"Shuriken"},{"floor":42,"key":"Magic Flower"},{"floor":43,"key":"Bag of Marbles"}],"event_choices":[{"damage_healed":0.0,"max_hp_gain":0.0,"max_hp_loss":0.0,"gold_gain":0.0,"event_name":"WeMeetAgain","player_choice":"Gave Potion","floor":5.0,"gold_loss":0.0,"damage_taken":0.0,"relics_obtained":["Mango"]},{"damage_healed":0.0,"max_hp_gain":0.0,"max_hp_loss":0.0,"gold_gain":0.0,"event_name":"Accursed Blacksmith","player_choice":"Forge","floor":19.0,"gold_loss":0.0,"damage_taken":0.0,"cards_upgraded":["Twin Strike"]},{"damage_healed":0.0,"max_hp_gain":0.0,"max_hp_loss":0.0,"gold_gain":0.0,"event_name":"FaceTrader","player_choice":"Trade","floor":22.0,"gold_loss":0.0,"damage_taken":0.0,"relics_obtained":["FaceOfCleric"]},{"damage_healed":0.0,"max_hp_gain":0.0,"max_hp_loss":0.0,"gold_gain":0.0,"event_name":"Mysterious Sphere","player_choice":"Ignored","floor":36.0,"gold_loss":0.0,"damage_taken":0.0},{"damage_healed":0,"gold_gain":0,"player_choice":"Memory 1","damage_taken":0,"max_hp_gain":0,"max_hp_loss":0,"event_name":"SensoryStone","floor":37,"gold_loss":0},{"cards_removed":["Bludgeon"],"damage_healed":0,"gold_gain":0,"player_choice":"Single Remove","damage_taken":0,"max_hp_gain":0,"max_hp_loss":0,"event_name":"Designer","floor":41,"gold_loss":60}],"is_beta":false,"boss_relics":[{"not_picked":["Lizard Tail","Philosopher\u0027s Stone"],"picked":"Eternal Feather"},{"not_picked":["Cursed Key","Fusion Hammer"],"picked":"Busted Crown"}],"items_purged_floors":[4,44],"is_endless":false,"potions_floor_spawned":[2,7,8,11,14,27,30,33,42,45,48],"ascension_level":0}