{"gold_per_floor":[115,126,51,51,51,51,79,79,124,149,159,172,172,185,185,185],"floor_reached":16,"playtime":1359,"items_purged":["Strike_B"],"score":121,"play_id":"0ade1a77-4213-4a86-9dea-77e15441bd7c","local_time":"20190411130824","is_ascension_mode":true,"campfire_choices":[{"data":"Darkness","floor":6.0,"key":"SMITH"},{"data":"Sunder","floor":8.0,"key":"SMITH"},{"floor":15.0,"key":"REST"}],"neow_cost":"NONE","seed_source_timestamp":549156469508091,"circlet_count":0,"master_deck":["Strike_B","Strike_B","Defend_B","Defend_B","Defend_B","Defend_B","Zap","Dualcast","Darkness+1","Sunder+1","Turbo","Go for the Eyes","Hologram","Redo","Conserve Battery"],"special_seed":0,"relics":["Cracked Core","Centennial Puzzle","Darkstone Periapt","Ancient Tea Set","Mummified Hand"],"potions_floor_usage":[16,16],"damage_taken":[{"damage":5.0,"enemies":"Cultist","floor":1.0,"turns":4.0},{"damage":4.0,"enemies":"Jaw Worm","floor":2.0,"turns":4.0},{"damage":16.0,"enemies":"3 Sentries","floor":7.0,"turns":5.0},{"damage":11.0,"enemies":"Lagavulin","floor":10.0,"turns":5.0},{"damage":1.0,"enemies":"2 Louse","floor":11.0,"turns":2.0},{"damage":15.0,"enemies":"Gremlin Gang","floor":12.0,"turns":4.0},{"damage":3.0,"enemies":"Lots of Slimes","floor":14.0,"turns":3.0},{"damage":43,"enemies":"Slime Boss","floor":16,"turns":5}],"seed_played":"-3835776266898855786","potions_obtained":[{"floor":2.0,"key":"Block Potion"},{"floor":10.0,"key":"Dexterity Potion"},{"floor":14.0,"key":"FearPotion"}],"is_trial":false,"path_per_floor":["M","M","$","?","?","R","E","R","T","E","M","M","?","M","R","B"],"character_chosen":"DEFECT","items_purchased":[],"campfire_rested":1,"item_purchase_floors":[],"current_hp_per_floor":[70,66,66,66,66,66,50,50,50,39,38,23,23,20,42,0],"gold":185,"neow_bonus":"REMOVE_CARD","is_prod":false,"is_daily":false,"chose_seed":false,"campfire_upgraded":2,"win_rate":0,"timestamp":1555006104,"path_taken":["M","?","$","?","?","R","E","R","T","E","M","?","?","M","R","BOSS"],"build_version":"2019-01-23","purchased_purges":1,"victory":false,"max_hp_per_floor":[75,75,75,75,75,75,75,75,75,75,75,75,75,75,75,75],"card_choices":[{"not_picked":["Leap","Static Discharge"],"picked":"Darkness","floor":1.0},{"not_picked":["Leap","Auto Shields"],"picked":"Sunder","floor":2.0},{"not_picked":["Hyperbeam","Auto Shields"],"picked":"Turbo","floor":7.0},{"not_picked":["Rip and Tear","Beam Cell"],"picked":"Go for the Eyes","floor":10.0},{"not_picked":["Rebound","Stack"],"picked":"Hologram","floor":11.0},{"not_picked":["Stack","Hello World"],"picked":"Redo","floor":12.0},{"not_picked":["FTL","Barrage"],"picked":"Conserve Battery","floor":14.0}],"player_experience":298903,"relics_obtained":[{"floor":7.0,"key":"Darkstone Periapt"},{"floor":9.0,"key":"Ancient Tea Set"},{"floor":10.0,"key":"Mummified Hand"}],"event_choices":[{"damage_healed":0.0,"max_hp_gain":0.0,"max_hp_loss":0.0,"gold_gain":0.0,"event_name":"Liars Game","player_choice":"Ignored","floor":4.0,"gold_loss":0.0,"damage_taken":0.0},{"damage_healed":0.0,"max_hp_gain":0.0,"max_hp_loss":0.0,"gold_gain":0.0,"event_name":"WeMeetAgain","player_choice":"Gave Potion","floor":5.0,"gold_loss":0.0,"damage_taken":0.0,"relics_obtained":["Centennial Puzzle"]},{"damage_healed":0.0,"max_hp_gain":0.0,"max_hp_loss":0.0,"gold_gain":0.0,"event_name":"Match and Keep!","player_choice":"0 cards matched","floor":13.0,"gold_loss":0.0,"damage_taken":0.0,"cards_obtained":[]}],"is_beta":false,"boss_relics":[],"items_purged_floors":[3],"is_endless":false,"potions_floor_spawned":[2,10,14],"killed_by":"Slime Boss","ascension_level":2}