{"gold_per_floor":[114,129,198,233,233,263,263,293,293,333,333,408,408,443,443,543,543,583,623,688,688],"floor_reached":21,"playtime":3534,"items_purged":[],"score":226,"play_id":"b0b3a34e-98e5-4ab2-a1e3-34fc3d735e53","local_time":"20190202092521","daily_mods":["Shiny","Colorless Cards","Lethality"],"is_ascension_mode":false,"campfire_choices":[{"floor":7,"key":"REST"},{"floor":11,"key":"REST"},{"floor":13,"key":"REST"},{"floor":15,"key":"REST"}],"neow_cost":"","seed_source_timestamp":0,"circlet_count":0,"master_deck":["Venomology","Corpse Explosion","Malaise","Phantasmal Killer","Die Die Die","Adrenaline","Envenom","Doppelganger","Burst","Wraith Form v2","Tools of the Trade","Night Terror","Unload","After Image","Bullet Time","Storm of Steel","Glass Knife","A Thousand Cuts","Grand Finale","Thinking Ahead","Metamorphosis","Master of Strategy","Magnetism","Chrysalis","Transmutation","HandOfGreed","Mayhem","Apotheosis","Secret Weapon","Panache","Violence","Secret Technique","The Bomb","Sadistic Nature","Outmaneuver","Dodge and Roll","Cloak And Dagger","HandOfGreed+1","Escape Plan","Dagger Spray+1","Deflect","Phantasmal Killer","Underhanded Strike+1","Trip","Dramatic Entrance+1"],"special_seed":17929,"relics":["Ring of the Snake","Turnip","Vajra","Molten Egg 2","Bottled Lightning","Oddly Smooth Stone","Runic Pyramid"],"potions_floor_usage":[8,16,20,20,21],"damage_taken":[{"damage":0,"enemies":"2 Louse","floor":1,"turns":2},{"damage":0,"enemies":"Cultist","floor":2,"turns":2},{"damage":11,"enemies":"Small Slimes","floor":4,"turns":2},{"damage":20,"enemies":"3 Sentries","floor":6,"turns":3},{"damage":13,"enemies":"Gremlin Nob","floor":8,"turns":3},{"damage":15,"enemies":"Blue Slaver","floor":10,"turns":2},{"damage":21,"enemies":"3 Sentries","floor":12,"turns":3},{"damage":0,"enemies":"Lots of Slimes","floor":14,"turns":1},{"damage":5,"enemies":"The Guardian","floor":16,"turns":6},{"damage":16,"enemies":"Chosen","floor":18,"turns":3},{"damage":26,"enemies":"Shell Parasite","floor":19,"turns":3},{"damage":10,"enemies":"Centurion and Healer","floor":20,"turns":3},{"damage":22,"enemies":"Shelled Parasite and Fungi","floor":21,"turns":1}],"seed_played":"1821043760548627163","potions_obtained":[{"floor":1,"key":"Dexterity Potion"},{"floor":2,"key":"SpeedPotion"},{"floor":10,"key":"GamblersBrew"}],"is_trial":false,"path_per_floor":["M","M","?","M","?","E","R","E","T","M","R","E","R","M","R","B",null,"M","M","M","M"],"character_chosen":"THE_SILENT","items_purchased":[],"campfire_rested":4,"item_purchase_floors":[],"current_hp_per_floor":[70,70,70,59,59,39,60,47,47,32,53,32,53,53,70,65,70,54,28,18,0],"gold":688,"neow_bonus":"","is_prod":false,"is_daily":true,"chose_seed":false,"campfire_upgraded":0,"win_rate":0.0,"timestamp":1549099521,"path_taken":["M","M","?","M","?","E","R","E","T","M","R","E","R","?","R","BOSS","M","M","M","M"],"build_version":"2019-01-23","purchased_purges":0,"victory":false,"max_hp_per_floor":[70,70,70,70,70,70,70,70,70,70,70,70,70,70,70,70,70,70,70,70,70],"card_choices":[{"not_picked":["Madness","Flash of Steel"],"picked":"Outmaneuver","floor":1},{"not_picked":["Blade Dance","Deep Breath"],"picked":"Well Laid Plans","floor":2},{"not_picked":["Deflect","Bane"],"picked":"Dodge and Roll","floor":4},{"not_picked":["Dodge and Roll","Well Laid Plans"],"picked":"Cloak And Dagger","floor":6},{"not_picked":["Cloak And Dagger","Predator"],"picked":"HandOfGreed","floor":8},{"not_picked":["Calculated Gamble","Quick Slash+1"],"picked":"Escape Plan","floor":10},{"not_picked":["Deadly Poison","Sadistic Nature"],"picked":"Dagger Spray+1","floor":12},{"not_picked":["Bane+1","Acrobatics"],"picked":"Deflect","floor":14},{"not_picked":["Corpse Explosion","Glass Knife+1"],"picked":"Phantasmal Killer","floor":16},{"not_picked":["Dagger Spray+1","Acrobatics+1"],"picked":"Underhanded Strike+1","floor":18},{"not_picked":["Poisoned Stab+1","Dagger Spray+1"],"picked":"Trip","floor":19},{"not_picked":["Acrobatics+1","Slice+1"],"picked":"Dramatic Entrance+1","floor":20}],"player_experience":151661,"relics_obtained":[{"floor":6,"key":"Vajra"},{"floor":8,"key":"Molten Egg 2"},{"floor":9,"key":"Bottled Lightning"},{"floor":12,"key":"Oddly Smooth Stone"}],"event_choices":[{"damage_healed":0,"gold_gain":69,"player_choice":"Gained Gold","damage_taken":0,"max_hp_gain":0,"max_hp_loss":0,"event_name":"Golden Wing","floor":3,"gold_loss":0},{"cards_removed":["Well Laid Plans"],"damage_healed":0,"gold_gain":0,"player_choice":"Gave Card","damage_taken":0,"relics_obtained":["Turnip"],"max_hp_gain":0,"max_hp_loss":0,"event_name":"WeMeetAgain","floor":5,"gold_loss":0}],"is_beta":false,"boss_relics":[{"not_picked":["Fusion Hammer","Black Star"],"picked":"Runic Pyramid"}],"items_purged_floors":[],"is_endless":false,"potions_floor_spawned":[1,2,6,10,14],"killed_by":"Shelled Parasite and Fungi","ascension_level":0}