{"gold_per_floor":[114,189,149,168,31,62,62,94,117,137,137,157,170,181,181,284,284,294,47,65,164,164,164],"floor_reached":23,"playtime":687,"items_purged":[],"score":291,"play_id":"df303775-83d9-4774-87d9-4e602b9bc805","local_time":"20190111174539","is_ascension_mode":true,"campfire_choices":[{"floor":7,"key":"REST"},{"floor":15,"key":"REST"}],"neow_cost":"NONE","seed_source_timestamp":125027165109619,"circlet_count":0,"master_deck":["Strike_B","Strike_B","Strike_B","Strike_B","Defend_B","Defend_B","Defend_B","Defend_B","Zap","Dualcast","Chill","Leap","White Noise+1","Loop","FTL","Amplify","Sunder","Storm","Echo Form","Leap+1","Finesse"],"relics":["Cracked Core","Ancient Tea Set","Orichalcum","Blue Candle","Smiling Mask","Bronze Scales","Runic Dome","PreservedInsect"],"potions_floor_usage":[6,8,18,23],"damage_taken":[{"damage":8,"enemies":"2 Louse","floor":1,"turns":3},{"damage":0,"enemies":"Small Slimes","floor":4,"turns":2},{"damage":28,"enemies":"Gremlin Nob","floor":6,"turns":5},{"damage":7,"enemies":"3 Sentries","floor":8,"turns":5},{"damage":0,"enemies":"Cultist","floor":10,"turns":3},{"damage":7,"enemies":"Red Slaver","floor":12,"turns":4},{"damage":16,"enemies":"Gremlin Gang","floor":13,"turns":4},{"damage":0,"enemies":"Large Slime","floor":14,"turns":4},{"damage":23,"enemies":"Hexaghost","floor":16,"turns":11},{"damage":20,"enemies":"2 Thieves","floor":18,"turns":4},{"damage":16,"enemies":"Spheric Guardian","floor":20,"turns":4},{"damage":37,"enemies":"Book of Stabbing","floor":23,"turns":4}],"seed_played":"6711123907354162464","potions_obtained":[{"floor":3,"key":"Ancient Potion"},{"floor":3,"key":"EssenceOfSteel"},{"floor":3,"key":"Fire Potion"},{"floor":4,"key":"Poison Potion"},{"floor":6,"key":"Energy Potion"},{"floor":12,"key":"Energy Potion"},{"floor":16,"key":"Explosive Potion"},{"floor":18,"key":"Regen Potion"}],"is_trial":false,"path_per_floor":["M","?","?","M","$","E","R","E","T","M","?","M","M","M","R","B",null,"M","$","M","?","?","E"],"character_chosen":"DEFECT","items_purchased":["White Noise","Loop","PreservedInsect","Finesse"],"campfire_rested":2,"item_purchase_floors":[5,5,19,19],"current_hp_per_floor":[60,49,49,49,49,21,43,36,36,36,36,29,13,13,35,12,59,39,39,23,23,23,0],"gold":164,"neow_bonus":"RANDOM_COMMON_RELIC","is_prod":false,"is_daily":false,"chose_seed":false,"campfire_upgraded":0,"win_rate":0,"timestamp":1547246739,"path_taken":["M","?","?","?","?","E","R","E","T","?","?","M","M","M","R","BOSS","M","$","?","?","?","E"],"build_version":"2019-01-10","purchased_purges":0,"victory":false,"max_hp_per_floor":[75,75,75,75,75,75,75,75,75,75,75,75,75,75,75,75,75,75,75,75,75,75,75],"card_choices":[{"not_picked":["Sweeping Beam","Barrage"],"picked":"Chill","floor":1},{"not_picked":["Double Energy","Rebound"],"picked":"Leap","floor":4},{"not_picked":["Reprogram","Recycle"],"picked":"FTL","floor":6},{"not_picked":["Gash","Turbo"],"picked":"Amplify","floor":8},{"not_picked":["Ball Lightning","Chaos"],"picked":"Sweeping Beam","floor":10},{"not_picked":["Ball Lightning","Compile Driver"],"picked":"Sunder","floor":12},{"not_picked":["Beam Cell","BootSequence"],"picked":"Storm","floor":13},{"not_picked":["Double Energy","Go for the Eyes","Turbo"],"picked":"SKIP","floor":14},{"not_picked":["All For One","Thunder Strike"],"picked":"Echo Form","floor":16},{"not_picked":["Go for the Eyes","Steam+1"],"picked":"Leap+1","floor":18},{"not_picked":["Streamline","Compile Driver+1","Redo"],"picked":"SKIP","floor":20}],"player_experience":501201,"relics_obtained":[{"floor":6,"key":"Orichalcum"},{"floor":8,"key":"Blue Candle"},{"floor":9,"key":"Smiling Mask"}],"event_choices":[{"damage_healed":0,"gold_gain":75,"player_choice":"Gather Gold","damage_taken":11,"max_hp_gain":0,"max_hp_loss":0,"event_name":"World of Goop","floor":2,"gold_loss":0},{"damage_healed":0,"gold_gain":0,"player_choice":"Bought 3 Potions","damage_taken":0,"max_hp_gain":0,"max_hp_loss":0,"event_name":"The Woman in Blue","floor":3,"gold_loss":0},{"cards_removed":["Sweeping Beam"],"damage_healed":0,"gold_gain":0,"player_choice":"Gave Card","damage_taken":0,"relics_obtained":["Bronze Scales"],"max_hp_gain":0,"max_hp_loss":0,"event_name":"WeMeetAgain","floor":11,"gold_loss":0},{"damage_healed":0,"gold_gain":99,"player_choice":"Stole From Cult","damage_taken":0,"max_hp_gain":0,"max_hp_loss":0,"event_name":"Nest","floor":21,"gold_loss":0},{"damage_healed":0,"gold_gain":0,"player_choice":"Upgraded","damage_taken":0,"max_hp_gain":0,"max_hp_loss":0,"event_name":"Upgrade Shrine","floor":22,"gold_loss":0,"cards_upgraded":["White Noise"]}],"is_beta":true,"boss_relics":[{"not_picked":["Tiny House","Lizard Tail"],"picked":"Runic Dome"}],"items_purged_floors":[],"is_endless":false,"potions_floor_spawned":[4,6,12,14,16,18,20],"killed_by":"Book of Stabbing","ascension_level":9}