{"gold_per_floor":[113,125,75,95,95,129,141,169,205,173,185,227,259,298,310,417,429,458,481,493,505,717,729,135,135,160,85,62,74,84,110,110,209,209,225,225,271,291,291,317,317,344,344,356,382,400,411,411,411,411],"floor_reached":50,"playtime":3439,"items_purged":[],"score":822,"play_id":"454eb384-2915-472f-85f6-018aa1b65838","local_time":"20180915181253","is_ascension_mode":true,"campfire_choices":[{"floor":7,"key":"REST"},{"floor":15,"key":"REST"},{"floor":23,"key":"REST"},{"data":"After Image","floor":25,"key":"SMITH"},{"floor":32,"key":"REST"},{"data":"Footwork","floor":41,"key":"SMITH"},{"floor":49,"key":"REST"}],"neow_cost":"NONE","seed_source_timestamp":171807990810579,"circlet_count":0,"master_deck":["Survivor+1","Neutralize","Footwork+1","Cloak And Dagger","Escape Plan+1","Caltrops","Backstab","Cloak And Dagger","Dagger Spray","PiercingWail","Venomology","Sucker Punch","Outmaneuver","Flying Knee","Blade Dance","Deadly Poison","Bane","Bouncing Flask","Dodge and Roll+1","Backflip+1","After Image+1","Dark Shackles","PiercingWail","Cloak And Dagger","Blade Dance+1","PiercingWail","Dodge and Roll","Venomology","Noxious Fumes+1","Prepared+1","Flying Knee+1","Crippling Poison+1","Dagger Throw+1","Catalyst","Heel Hook+1","Slice+1","Bandage Up"],"relics":["Ring of the Snake","War Paint","MawBank","Juzu Bracelet","Smiling Mask","Dead Branch","Pandora\u0027s Box","FossilizedHelix","Centennial Puzzle","PreservedInsect","Eternal Feather","Mummified Hand","Ginger","FaceOfCleric","Regal Pillow","Torii","Gremlin Horn","Potion Belt"],"potions_floor_usage":[6,12,12,14,16,18,29,31,31,33,33,33,35,37,37,38,38,40,40,40,42,44,44,46,46,47,47,47,50,50,50],"damage_taken":[{"damage":4,"enemies":"Small Slimes","floor":1,"turns":5},{"damage":1,"enemies":"2 Louse","floor":2,"turns":3},{"damage":0,"enemies":"Cultist","floor":4,"turns":5},{"damage":26,"enemies":"3 Sentries","floor":6,"turns":10},{"damage":3,"enemies":"Red Slaver","floor":8,"turns":4},{"damage":0,"enemies":"Gremlin Nob","floor":12,"turns":3},{"damage":3,"enemies":"Blue Slaver","floor":13,"turns":3},{"damage":7,"enemies":"Lagavulin","floor":14,"turns":10},{"damage":11,"enemies":"The Guardian","floor":16,"turns":13},{"damage":22,"enemies":"Chosen","floor":18,"turns":6},{"damage":18,"enemies":"Shell Parasite","floor":19,"turns":6},{"damage":6,"enemies":"Snake Plant","floor":29,"turns":4},{"damage":0,"enemies":"3 Cultists","floor":30,"turns":7},{"damage":32,"enemies":"Gremlin Leader","floor":31,"turns":9},{"damage":53,"enemies":"Champ","floor":33,"turns":15},{"damage":19,"enemies":"3 Darklings","floor":35,"turns":7},{"damage":7,"enemies":"Mysterious Sphere","floor":37,"turns":6},{"damage":0,"enemies":"3 Shapes","floor":38,"turns":5},{"damage":0,"enemies":"Nemesis","floor":40,"turns":7},{"damage":14,"enemies":"Giant Head","floor":42,"turns":8},{"damage":13,"enemies":"Transient","floor":44,"turns":5},{"damage":0,"enemies":"Nemesis","floor":45,"turns":5},{"damage":0,"enemies":"Spire Growth","floor":46,"turns":5},{"damage":0,"enemies":"Maw","floor":47,"turns":9},{"damage":87,"enemies":"Awakened One","floor":50,"turns":8}],"seed_played":"2642781195151435291","potions_obtained":[{"floor":1,"key":"Poison Potion"},{"floor":2,"key":"FearPotion"},{"floor":6,"key":"AttackPotion"},{"floor":13,"key":"Dexterity Potion"},{"floor":18,"key":"FearPotion"},{"floor":19,"key":"Swift Potion"},{"floor":37,"key":"EntropicBrew"},{"floor":45,"key":"Block Potion"}],"is_trial":false,"path_per_floor":["M","M","?","M","?","E","R","M","T","?","?","E","M","E","R","B",null,"M","M","?","?","?","R","$","R","T","?","$","M","M","E","R","B",null,"M","T","?","M","?","E","R","E","T","M","E","M","M","?","R"],"character_chosen":"THE_SILENT","items_purchased":["After Image","FossilizedHelix","Dark Shackles","PiercingWail","Cloak And Dagger"],"campfire_rested":5,"item_purchase_floors":[24,24,24,24,28],"current_hp_per_floor":[66,65,65,65,65,39,60,57,57,57,57,57,54,47,68,57,70,57,39,62,49,49,71,71,71,71,71,71,65,65,33,55,2,75,56,56,49,49,49,50,68,55,55,43,44,45,46,46,81,0],"gold":411,"neow_bonus":"TRANSFORM_CARD","is_prod":false,"is_daily":false,"chose_seed":false,"campfire_upgraded":2,"win_rate":0,"timestamp":1537056773,"path_taken":["M","M","?","M","?","E","R","M","T","?","?","E","M","E","R","BOSS","M","M","?","?","?","R","$","R","T","?","?","M","M","E","R","BOSS","M","?","?","M","?","E","R","E","T","M","E","M","M","?","R","BOSS"],"build_version":"2018-09-06","purchased_purges":0,"victory":false,"max_hp_per_floor":[70,70,70,70,70,70,70,70,70,70,70,70,70,70,70,70,70,70,70,70,75,75,75,75,75,75,75,75,75,75,75,75,75,75,75,75,75,75,75,76,76,77,77,78,79,80,81,81,81,81],"card_choices":[{"not_picked":["Escape Plan","Dash"],"picked":"Cloak And Dagger","floor":1},{"not_picked":["Sucker Punch","Concentrate"],"picked":"Escape Plan","floor":2},{"not_picked":["Underhanded Strike","Deflect"],"picked":"Caltrops","floor":4},{"not_picked":["Prepared","Choke"],"picked":"Backstab","floor":6},{"not_picked":["Finisher","Expertise"],"picked":"Cloak And Dagger","floor":8},{"not_picked":["Noxious Fumes","Expertise"],"picked":"Dagger Spray","floor":12},{"not_picked":["Poisoned Stab","Choke","Bane"],"picked":"SKIP","floor":13},{"not_picked":["Caltrops","Underhanded Strike"],"picked":"PiercingWail","floor":14},{"not_picked":["Glass Knife","Tools of the Trade"],"picked":"Venomology","floor":16},{"not_picked":["Slice","Quick Slash"],"picked":"Dodge and Roll+1","floor":18},{"not_picked":["Endless Agony","Dagger Throw+1"],"picked":"Backflip+1","floor":19},{"not_picked":["Terror","Cloak And Dagger"],"picked":"Blade Dance+1","floor":29},{"not_picked":["Acrobatics","Wraith Form v2"],"picked":"PiercingWail","floor":30},{"not_picked":["Dagger Throw","PiercingWail"],"picked":"Dodge and Roll","floor":31},{"not_picked":["Night Terror","A Thousand Cuts"],"picked":"Venomology","floor":33},{"not_picked":["Setup","Distraction"],"picked":"Noxious Fumes+1","floor":35},{"not_picked":["Dagger Spray+1","Eviscerate+1"],"picked":"Prepared+1","floor":37},{"not_picked":["Sucker Punch","Dodge and Roll"],"picked":"Flying Knee+1","floor":38},{"not_picked":["Expertise+1","Dagger Spray","Quick Slash"],"picked":"SKIP","floor":40},{"not_picked":["Sucker Punch","Quick Slash+1"],"picked":"Crippling Poison+1","floor":42},{"not_picked":["Flechettes","Setup"],"picked":"Dagger Throw+1","floor":44},{"not_picked":["Distraction","Dagger Throw"],"picked":"Catalyst","floor":45},{"not_picked":["Deadly Poison","Sucker Punch"],"picked":"Heel Hook+1","floor":46},{"not_picked":["Expertise","Acrobatics"],"picked":"Slice+1","floor":47},{"not_picked":["Impatience","Panacea"],"picked":"Bandage Up","floor":48}],"player_experience":525166,"relics_obtained":[{"floor":6,"key":"MawBank"},{"floor":9,"key":"Juzu Bracelet"},{"floor":12,"key":"Smiling Mask"},{"floor":14,"key":"Dead Branch"},{"floor":26,"key":"Centennial Puzzle"},{"floor":31,"key":"PreservedInsect"},{"floor":36,"key":"Mummified Hand"},{"floor":37,"key":"Ginger"},{"floor":40,"key":"Regal Pillow"},{"floor":42,"key":"Torii"},{"floor":43,"key":"Gremlin Horn"},{"floor":45,"key":"Potion Belt"}],"event_choices":[{"event_name":"The Cleric","player_choice":"Card Removal","floor":3,"damage_taken":0},{"event_name":"Big Fish","player_choice":"Box","floor":5,"damage_taken":0},{"event_name":"World of Goop","player_choice":"Left","floor":10,"damage_taken":0},{"event_name":"Living Wall","player_choice":"Forget","floor":11,"damage_taken":0},{"event_name":"The Library","player_choice":"Heal","floor":20,"damage_taken":0},{"event_name":"Forgotten Altar","player_choice":"Shed Blood","floor":21,"damage_taken":0},{"event_name":"The Joust","player_choice":"Bet on Owner","floor":22,"damage_taken":0},{"event_name":"Beggar","player_choice":"Gave Gold","floor":27,"damage_taken":0},{"event_name":"Mysterious Sphere","player_choice":"Fight","floor":37,"damage_taken":0},{"event_name":"FaceTrader","player_choice":"Trade","floor":39,"damage_taken":0},{"event_name":"SensoryStone","player_choice":"Memory 1","floor":48,"damage_taken":0}],"is_beta":false,"boss_relics":[{"not_picked":["Coffee Dripper","HoveringKite"],"picked":"Pandora\u0027s Box"},{"not_picked":["Sozu","Empty Cage"],"picked":"Eternal Feather"}],"items_purged_floors":[],"is_endless":false,"potions_floor_spawned":[1,2,6,13,18,19,37,40,45],"killed_by":"Awakened One","ascension_level":4}