{"gold_per_floor":[110,110,35,35,110,151,151,192,192,192,231,181,194,214,214,338,338,361,361,44,63,82,82,96,96,96,21,21,34,57,76,76,200,200,223,223,237,237,36,72,72,112,137,0,0,16,36,36,36,36],"floor_reached":51,"playtime":8098,"items_purged":["Strike_B","Defend_B","Defend_B","Defend_B"],"score":812,"play_id":"fe72c3e3-42c2-458c-80c1-eff6d7d45de9","local_time":"20190408173147","is_ascension_mode":true,"campfire_choices":[{"data":"Loop","floor":7.0,"key":"SMITH"},{"floor":10.0,"key":"REST"},{"data":"Genetic Algorithm","floor":15.0,"key":"SMITH"},{"floor":23.0,"key":"REST"},{"data":"Defragment","floor":25.0,"key":"SMITH"},{"data":"Capacitor","floor":28.0,"key":"SMITH"},{"data":"Defragment","floor":32,"key":"SMITH"},{"data":"Blizzard","floor":41,"key":"SMITH"},{"data":"Seek","floor":49,"key":"SMITH"}],"neow_cost":"NONE","seed_source_timestamp":299046157956410,"circlet_count":0,"master_deck":["Strike_B","Strike_B","Dualcast+1","Loop+1","Glacier","Cold Snap","Conserve Battery+1","Genetic Algorithm+1","Capacitor+1","Coolheaded","Sunder","Seek+1","Defragment+1","Self Repair","Redo+1","Coolheaded","Creative AI","Chill","Defragment+1","Cold Snap+1","Reboot","Turbo","Blizzard+1","FTL+1"],"special_seed":0,"relics":["Cracked Core","NeowsBlessing","Prayer Wheel","Golden Idol","Anchor","Letter Opener","Omamori","Juzu Bracelet","Runic Pyramid","Lantern","Membership Card","War Paint","Cables","Busted Crown","Toolbox","Bronze Scales","Dodecahedron","Dream Catcher","Red Mask"],"potions_floor_usage":[30,33,33,40,40,40,50,50,50],"damage_taken":[{"damage":0.0,"enemies":"Cultist","floor":1.0,"turns":1.0},{"damage":0.0,"enemies":"3 Sentries","floor":6.0,"turns":1.0},{"damage":0.0,"enemies":"Gremlin Nob","floor":8.0,"turns":1.0},{"damage":2.0,"enemies":"3 Sentries","floor":11.0,"turns":11.0},{"damage":0.0,"enemies":"Small Slimes","floor":13.0,"turns":4.0},{"damage":0.0,"enemies":"Jaw Worm","floor":14.0,"turns":4.0},{"damage":36.0,"enemies":"Hexaghost","floor":16.0,"turns":17.0},{"damage":29.0,"enemies":"3 Byrds","floor":18.0,"turns":8.0},{"damage":0.0,"enemies":"Shell Parasite","floor":21.0,"turns":9.0},{"damage":4.0,"enemies":"Snake Plant","floor":22.0,"turns":5.0},{"damage":0.0,"enemies":"Chosen and Byrds","floor":24.0,"turns":9.0},{"damage":0.0,"enemies":"Sentry and Sphere","floor":29.0,"turns":8.0},{"damage":0,"enemies":"Centurion and Healer","floor":30,"turns":13},{"damage":0,"enemies":"Snecko","floor":31,"turns":6},{"damage":35,"enemies":"Champ","floor":33,"turns":23},{"damage":22,"enemies":"3 Shapes","floor":35,"turns":7},{"damage":13,"enemies":"3 Darklings","floor":37,"turns":8},{"damage":0,"enemies":"Nemesis","floor":40,"turns":11},{"damage":30,"enemies":"Reptomancer","floor":42,"turns":7},{"damage":0,"enemies":"Maw","floor":46,"turns":10},{"damage":16,"enemies":"Jaw Worm Horde","floor":47,"turns":5},{"damage":8,"enemies":"Awakened One","floor":50,"turns":18}],"seed_played":"2084287626213562812","potions_obtained":[{"floor":1.0,"key":"AttackPotion"},{"floor":6.0,"key":"FearPotion"},{"floor":11.0,"key":"LiquidBronze"},{"floor":22.0,"key":"Regen Potion"},{"floor":24.0,"key":"Fire Potion"},{"floor":31,"key":"Poison Potion"},{"floor":33,"key":"SkillPotion"},{"floor":35,"key":"Strength Potion"},{"floor":37,"key":"GamblersBrew"},{"floor":47,"key":"Energy Potion"}],"is_trial":false,"path_per_floor":["M","T","$","?","?","E","R","E","T","R","E","?","M","M","R","B",null,"M","?","$","M","M","R","M","R","T","?","R","M","M","M","R","B",null,"M","?","M","?","$","E","R","E","T","$","?","M","M","?","R","B",null],"character_chosen":"DEFECT","items_purchased":["Membership Card","War Paint","Blizzard","Toolbox","Regen Potion","Poison Potion"],"campfire_rested":2,"item_purchase_floors":[20,20,39,39,44,44],"current_hp_per_floor":[75,75,75,57,50,50,50,50,50,72,70,70,70,70,70,34,75,46,46,46,46,49,71,75,75,75,75,75,75,75,75,75,58,75,60,60,54,54,54,61,61,38,38,38,38,45,36,75,75,75],"gold":36,"neow_bonus":"THREE_ENEMY_KILL","is_prod":false,"is_daily":false,"chose_seed":false,"campfire_upgraded":7,"win_rate":0,"timestamp":1554762707,"path_taken":["M","?","$","?","?","E","R","E","T","R","E","?","M","M","R","BOSS","M","?","$","M","M","R","M","R","T","?","R","M","M","M","R","BOSS","M","?","M","?","$","E","R","E","T","$","?","M","M","?","R","BOSS"],"build_version":"2019-01-23","purchased_purges":4,"victory":true,"max_hp_per_floor":[75,75,75,75,75,75,75,75,75,75,75,75,75,75,75,75,75,75,75,75,75,75,75,75,75,75,75,75,75,75,75,75,75,75,75,75,75,75,75,75,75,75,75,75,75,75,75,75,75,75],"card_choices":[{"not_picked":["Sweeping Beam","Rebound"],"picked":"Loop","floor":1.0},{"not_picked":["Redo","Defragment"],"picked":"Glacier","floor":6.0},{"not_picked":["Consume","Melter"],"picked":"Cold Snap","floor":8.0},{"not_picked":["FTL","Auto Shields"],"picked":"Conserve Battery","floor":11.0},{"not_picked":["Recycle","White Noise"],"picked":"Genetic Algorithm","floor":13.0},{"not_picked":["Stack","Redo"],"picked":"Capacitor","floor":13.0},{"not_picked":["Steam","Go for the Eyes"],"picked":"Coolheaded","floor":14.0},{"not_picked":["Gash","Core Surge"],"picked":"Sunder","floor":14.0},{"not_picked":["Core Surge","Buffer"],"picked":"Seek","floor":16.0},{"not_picked":["Sunder","Leap"],"picked":"Defragment","floor":18.0},{"not_picked":["Rebound","Sweeping Beam+1","Static Discharge"],"picked":"SKIP","floor":18.0},{"not_picked":["Recycle+1","Force Field+1"],"picked":"Self Repair","floor":21.0},{"not_picked":["Scrape+1","Compile Driver","Conserve Battery+1"],"picked":"SKIP","floor":21.0},{"not_picked":["Hologram","Ball Lightning"],"picked":"Redo+1","floor":22.0},{"not_picked":["Compile Driver","Steam","Conserve Battery"],"picked":"SKIP","floor":22.0},{"not_picked":["Gash+1","Thunder Strike","Darkness"],"picked":"SKIP","floor":24.0},{"not_picked":["Stack","Steam","Streamline+1"],"picked":"SKIP","floor":24.0},{"not_picked":["Go for the Eyes","FTL"],"picked":"Coolheaded","floor":29.0},{"not_picked":["Hello World","Gash+1","Sweeping Beam+1"],"picked":"SKIP","floor":29.0},{"not_picked":["Lockon","Sweeping Beam"],"picked":"Creative AI","floor":30},{"not_picked":["Gash+1","Ball Lightning"],"picked":"Chill","floor":30},{"not_picked":["Gash+1","Streamline"],"picked":"Defragment","floor":31},{"not_picked":["Double Energy","Beam Cell+1"],"picked":"Cold Snap+1","floor":31},{"not_picked":["Meteor Strike","Thunder Strike"],"picked":"Reboot","floor":33},{"not_picked":[],"picked":"Turbo","floor":35},{"not_picked":["Steam Power"],"picked":"SKIP","floor":35},{"not_picked":["Gash+1"],"picked":"SKIP","floor":37},{"not_picked":["Chaos"],"picked":"SKIP","floor":37},{"not_picked":["Cold Snap"],"picked":"SKIP","floor":40},{"not_picked":["Force Field+1"],"picked":"SKIP","floor":42},{"not_picked":["Hologram+1"],"picked":"SKIP","floor":46},{"not_picked":["Undo+1"],"picked":"SKIP","floor":46},{"not_picked":[],"picked":"FTL+1","floor":47},{"not_picked":["Hologram+1"],"picked":"SKIP","floor":47}],"player_experience":188232,"relics_obtained":[{"floor":2.0,"key":"Prayer Wheel"},{"floor":6.0,"key":"Anchor"},{"floor":8.0,"key":"Letter Opener"},{"floor":9.0,"key":"Omamori"},{"floor":11.0,"key":"Juzu Bracelet"},{"floor":26.0,"key":"Cables"},{"floor":40,"key":"Bronze Scales"},{"floor":42,"key":"Dodecahedron"},{"floor":43,"key":"Dream Catcher"}],"event_choices":[{"damage_healed":0.0,"max_hp_gain":0.0,"max_hp_loss":0.0,"gold_gain":0.0,"event_name":"Golden Idol","player_choice":"Take Damage","floor":4.0,"gold_loss":0.0,"damage_taken":18.0,"relics_obtained":["Golden Idol"]},{"damage_healed":0.0,"max_hp_gain":0.0,"max_hp_loss":0.0,"gold_gain":75.0,"event_name":"FaceTrader","player_choice":"Touch","floor":5.0,"gold_loss":0.0,"damage_taken":7.0},{"cards_removed":["Zap"],"damage_healed":0.0,"max_hp_gain":0.0,"max_hp_loss":0.0,"gold_gain":0.0,"event_name":"The Cleric","player_choice":"Card Removal","floor":12.0,"gold_loss":50.0,"damage_taken":0.0},{"damage_healed":0.0,"max_hp_gain":0.0,"max_hp_loss":0.0,"gold_gain":0.0,"event_name":"Addict","player_choice":"Stole Relic","floor":19.0,"gold_loss":0.0,"damage_taken":0.0,"relics_obtained":["Lantern"],"cards_obtained":["Shame"]},{"cards_removed":["Defend_B"],"damage_healed":0.0,"max_hp_gain":0.0,"max_hp_loss":0.0,"gold_gain":0.0,"event_name":"Beggar","player_choice":"Gave Gold","floor":27.0,"gold_loss":75.0,"damage_taken":0.0},{"damage_healed":0,"gold_gain":0,"player_choice":"Bought 0 Potions","damage_taken":0,"max_hp_gain":0,"max_hp_loss":0,"event_name":"The Woman in Blue","floor":36,"gold_loss":0},{"cards_removed":["Strike_B"],"damage_healed":0,"gold_gain":0,"player_choice":"Removed Attack","damage_taken":0,"max_hp_gain":0,"max_hp_loss":0,"event_name":"Falling","floor":38,"gold_loss":0},{"damage_healed":0,"gold_gain":0,"player_choice":"Paid","damage_taken":0,"relics_obtained":["Red Mask"],"max_hp_gain":0,"max_hp_loss":0,"event_name":"Tomb of Lord Red Mask","floor":45,"gold_loss":0},{"damage_healed":39,"gold_gain":0,"player_choice":"Heal","damage_taken":0,"max_hp_gain":0,"max_hp_loss":0,"event_name":"MindBloom","floor":48,"gold_loss":0,"cards_obtained":["Doubt"]}],"is_beta":false,"boss_relics":[{"not_picked":["Astrolabe","Nuclear Battery"],"picked":"Runic Pyramid"},{"not_picked":["White Beast Statue","Fusion Hammer"],"picked":"Busted Crown"}],"items_purged_floors":[3,20,39,44],"is_endless":false,"potions_floor_spawned":[1,6,11,22,24,31,33,35,37,47],"ascension_level":1}