{"gold_per_floor":[113,127,140,39,39,39,16,16,16,31,49,49,61,61,61,161,161,179,179,179],"floor_reached":20,"playtime":2863,"items_purged":["Strike_G"],"score":164,"play_id":"58f74e71-092d-4616-99b4-22df7eb616f5","local_time":"20190331091337","is_ascension_mode":false,"campfire_choices":[{"data":"Neutralize","floor":6,"key":"SMITH"},{"data":"Survivor","floor":12,"key":"SMITH"},{"floor":15,"key":"REST"}],"neow_cost":"NONE","seed_source_timestamp":76750740034900,"circlet_count":0,"master_deck":["Defend_G","Defend_G","Defend_G","Defend_G","Defend_G","Strike_G","Strike_G","Strike_G","Survivor+1","Neutralize+1","Dagger Spray","Cloak And Dagger","Cloak And Dagger","Acrobatics","Infinite Blades","Quick Slash","Cloak And Dagger"],"relics":["Ring of the Snake","Bag of Preparation","Frozen Egg 2","HoveringKite"],"potions_floor_usage":[3,10,16],"damage_taken":[{"damage":0,"enemies":"2 Louse","floor":1,"turns":4},{"damage":0,"enemies":"Small Slimes","floor":2,"turns":3},{"damage":0,"enemies":"Jaw Worm","floor":3,"turns":5},{"damage":0,"enemies":"Exordium Thugs","floor":10,"turns":5},{"damage":0,"enemies":"Blue Slaver","floor":11,"turns":4},{"damage":0,"enemies":"Looter","floor":13,"turns":4},{"damage":25,"enemies":"Hexaghost","floor":16,"turns":12},{"damage":4,"enemies":"3 Byrds","floor":18,"turns":8},{"damage":55,"enemies":"Colosseum Slavers","floor":19,"turns":12},{"damage":13,"enemies":"Spheric Guardian","floor":20,"turns":5}],"seed_played":"-7674095225084639663","potions_obtained":[{"floor":0,"key":"SneckoOil"},{"floor":0,"key":"EssenceOfSteel"},{"floor":0,"key":"Strength Potion"},{"floor":1,"key":"FearPotion"}],"is_trial":false,"path_per_floor":["M","M","M","$","?","R","?","?","T","M","M","R","M","T","R","B",null,"M","?","M"],"character_chosen":"THE_SILENT","items_purchased":["Acrobatics"],"campfire_rested":1,"item_purchase_floors":[4],"current_hp_per_floor":[70,70,70,70,63,63,63,63,63,63,63,63,63,63,70,45,70,66,11,0],"gold":179,"neow_bonus":"THREE_SMALL_POTIONS","is_prod":false,"is_daily":false,"chose_seed":false,"campfire_upgraded":2,"win_rate":0.0,"timestamp":1554038017,"path_taken":["M","M","M","$","?","R","?","?","T","M","M","R","?","?","R","BOSS","M","?","M"],"build_version":"2019-01-23","purchased_purges":1,"victory":false,"max_hp_per_floor":[70,70,70,70,70,70,70,70,70,70,70,70,70,70,70,70,70,70,70,70],"card_choices":[{"not_picked":["Reflex","Choke"],"picked":"Dagger Spray","floor":1},{"not_picked":["Prepared","Slice"],"picked":"Cloak And Dagger","floor":2},{"not_picked":["Flying Knee","Outmaneuver"],"picked":"Cloak And Dagger","floor":3},{"not_picked":["Venomology","Underhanded Strike"],"picked":"Infinite Blades","floor":10},{"not_picked":["Backstab","Dodge and Roll"],"picked":"Quick Slash","floor":11},{"not_picked":["Backstab","Underhanded Strike","Blade Dance"],"picked":"SKIP","floor":13},{"not_picked":["Dash+1","Acrobatics+1"],"picked":"Cloak And Dagger","floor":18}],"player_experience":45371,"relics_obtained":[{"floor":9,"key":"Bag of Preparation"},{"floor":14,"key":"Frozen Egg 2"}],"event_choices":[{"cards_removed":["Strike_G"],"damage_healed":0,"gold_gain":0,"player_choice":"Card Removal","damage_taken":7,"max_hp_gain":0,"max_hp_loss":0,"event_name":"Golden Wing","floor":5,"gold_loss":0},{"damage_healed":0,"gold_gain":0,"player_choice":"Left Gold","damage_taken":0,"max_hp_gain":0,"max_hp_loss":0,"event_name":"World of Goop","floor":7,"gold_loss":23},{"damage_healed":0,"gold_gain":0,"player_choice":"Leave","damage_taken":0,"max_hp_gain":0,"max_hp_loss":0,"event_name":"The Cleric","floor":8,"gold_loss":0},{"damage_healed":0,"gold_gain":0,"player_choice":"Fight","damage_taken":0,"max_hp_gain":0,"max_hp_loss":0,"event_name":"Colosseum","floor":19,"gold_loss":0},{"damage_healed":0,"gold_gain":0,"player_choice":"Fled From Nobs","damage_taken":0,"max_hp_gain":0,"max_hp_loss":0,"event_name":"Colosseum","floor":19,"gold_loss":0}],"is_beta":false,"boss_relics":[{"not_picked":["Runic Dome","Busted Crown"],"picked":"HoveringKite"}],"items_purged_floors":[4],"is_endless":false,"potions_floor_spawned":[1],"killed_by":"Spheric Guardian","ascension_level":0}