{"gold_per_floor":[115,11,27,44,54,54,83,83,83,83,83,96,107,127,127,227,227,198,113,62,62,81,81],"floor_reached":23,"playtime":1552,"items_purged":[],"score":193,"play_id":"9d392952-ff49-46a5-9f92-249625c21355","local_time":"20180730131856","is_ascension_mode":false,"campfire_choices":[{"data":"Juggernaut","floor":6,"key":"SMITH"},{"floor":10,"key":"REST"},{"data":"Armaments","floor":15,"key":"SMITH"}],"neow_cost":"NONE","seed_source_timestamp":328220160551529,"circlet_count":0,"master_deck":["Strike_R","Strike_R","Strike_R","Strike_R","Strike_R","Defend_R","Defend_R+1","Defend_R","Defend_R","Bash","Juggernaut+1","Flame Barrier","Bandage Up+1","Entrench","Shrug It Off+1","Rampage","Spot Weakness","Cleave","Ghostly Armor","Armaments+1","Feed","Infernal Blade+1","Armaments","RitualDagger","Perfected Strike"],"relics":["Burning Blood","Centennial Puzzle","War Paint","Lizard Tail","Question Card"],"potions_floor_usage":[7,16,18],"damage_taken":[{"damage":18,"enemies":"Cultist","floor":1,"turns":6},{"damage":0,"enemies":"Small Slimes","floor":3,"turns":4},{"damage":6,"enemies":"2 Louse","floor":4,"turns":4},{"damage":13,"enemies":"Exordium Thugs","floor":5,"turns":6},{"damage":52,"enemies":"Gremlin Nob","floor":7,"turns":6},{"damage":2,"enemies":"Blue Slaver","floor":12,"turns":4},{"damage":8,"enemies":"3 Louse","floor":13,"turns":3},{"damage":0,"enemies":"Large Slime","floor":14,"turns":7},{"damage":52,"enemies":"Hexaghost","floor":16,"turns":14},{"damage":24,"enemies":"2 Thieves","floor":18,"turns":5},{"damage":48,"enemies":"Shell Parasite","floor":22,"turns":11},{"damage":80,"enemies":"Book of Stabbing","floor":23,"turns":8}],"seed_played":"-9108208407530580633","potions_obtained":[{"floor":1,"key":"FearPotion"},{"floor":4,"key":"Ancient Potion"},{"floor":12,"key":"Swift Potion"},{"floor":13,"key":"SpeedPotion"}],"is_trial":false,"path_per_floor":["M","$","M","M","M","R","E","?","T","R","?","M","M","M","R","B",null,"M","?","$","?","M"],"character_chosen":"IRONCLAD","items_purchased":["Bandage Up","Armaments"],"campfire_rested":1,"item_purchase_floors":[2,20],"current_hp_per_floor":[68,68,78,78,74,74,32,32,32,56,56,66,70,80,80,40,80,71,71,71,65,29,0],"gold":81,"neow_bonus":"ONE_RANDOM_RARE_CARD","is_prod":false,"is_daily":false,"chose_seed":false,"campfire_upgraded":2,"win_rate":0.0,"timestamp":1532978336,"path_taken":["M","$","M","?","M","R","E","?","T","R","?","M","?","M","R","BOSS","M","?","$","?","M","E"],"build_version":"2018-07-26","purchased_purges":0,"victory":false,"max_hp_per_floor":[80,80,80,80,80,80,80,80,80,80,80,80,80,80,80,80,80,83,83,83,83,83,83],"card_choices":[{"not_picked":["Power Through","Inflame"],"picked":"Flame Barrier","floor":1},{"not_picked":["Pommel Strike","Body Slam"],"picked":"Entrench","floor":3},{"not_picked":["Ghostly Armor","Disarm"],"picked":"Shrug It Off","floor":4},{"not_picked":["Corruption","Havoc"],"picked":"Feel No Pain","floor":5},{"not_picked":["Warcry","Entrench"],"picked":"Rampage","floor":7},{"not_picked":["Wild Strike","Demon Form"],"picked":"Cleave","floor":12},{"not_picked":["Anger","Sword Boomerang"],"picked":"Ghostly Armor","floor":13},{"not_picked":["Perfected Strike","Body Slam"],"picked":"Armaments","floor":14},{"not_picked":["Immolate","Brutality"],"picked":"Feed","floor":16},{"not_picked":["Havoc+1","Ghostly Armor"],"picked":"Infernal Blade+1","floor":18},{"not_picked":["Anger","True Grit","Wild Strike"],"picked":"Perfected Strike","floor":22}],"player_experience":96842,"relics_obtained":[{"floor":7,"key":"Centennial Puzzle"},{"floor":9,"key":"War Paint"}],"event_choices":[{"event_name":"Transmorgrifier","player_choice":"Transform","floor":8,"damage_taken":0},{"event_name":"Living Wall","player_choice":"Grow","floor":11,"damage_taken":0},{"event_name":"Addict","player_choice":"Obtained Relic","floor":19,"damage_taken":0},{"event_name":"Nest","player_choice":"Joined the Cult","floor":21,"damage_taken":0}],"is_beta":false,"boss_relics":[{"not_picked":["Coffee Dripper","Runic Dome"],"picked":"Lizard Tail"}],"items_purged_floors":[],"is_endless":false,"potions_floor_spawned":[1,4,12,13,14],"killed_by":"Book of Stabbing","ascension_level":0}