{"gold_per_floor":[113,133,133,133,308,308,342,365,365,365],"floor_reached":10,"playtime":482,"items_purged":[],"score":86,"play_id":"3fb5b0a8-0de9-4261-aeb7-476c0a819f3d","local_time":"20190130184814","is_ascension_mode":true,"campfire_choices":[{"data":"Neutralize","floor":6,"key":"SMITH"}],"neow_cost":"NONE","seed_source_timestamp":110050064946512,"circlet_count":0,"master_deck":["Defend_G","Defend_G","Defend_G","Defend_G","Defend_G","Strike_G","Strike_G","Strike_G","Strike_G","Strike_G","Survivor","Neutralize+1","Purity","Cloak And Dagger+1","Blur","Injury","Doubt","Accuracy","Dagger Spray"],"relics":["Ring of the Snake","Golden Idol","Girya","Unceasing Top"],"potions_floor_usage":[],"damage_taken":[{"damage":7,"enemies":"Small Slimes","floor":1,"turns":5},{"damage":0,"enemies":"2 Louse","floor":2,"turns":3},{"damage":40,"enemies":"3 Sentries","floor":7,"turns":17},{"damage":0,"enemies":"Cultist","floor":8,"turns":4},{"damage":34,"enemies":"Exordium Thugs","floor":10,"turns":7}],"seed_played":"-3986768695458421510","potions_obtained":[],"is_trial":false,"path_per_floor":["M","M","?","?","?","R","E","M","T","M"],"character_chosen":"THE_SILENT","items_purchased":[],"campfire_rested":0,"item_purchase_floors":[],"current_hp_per_floor":[56,56,56,56,56,56,16,16,16,0],"gold":365,"neow_bonus":"RANDOM_COLORLESS","is_prod":false,"is_daily":false,"chose_seed":false,"campfire_upgraded":1,"win_rate":0,"timestamp":1548899294,"path_taken":["M","M","?","?","?","R","E","M","T","M"],"build_version":"2019-01-23","purchased_purges":0,"victory":false,"max_hp_per_floor":[70,70,70,70,70,70,70,70,70,70],"card_choices":[{"not_picked":["Backflip","Quick Slash"],"picked":"Cloak And Dagger","floor":1},{"not_picked":["Outmaneuver","Sucker Punch"],"picked":"Blur","floor":2},{"not_picked":["Cloak And Dagger","Dagger Spray"],"picked":"Accuracy","floor":7},{"not_picked":["Concentrate","Flying Knee"],"picked":"Dagger Spray","floor":8}],"player_experience":1345132,"relics_obtained":[{"floor":7,"key":"Girya"},{"floor":9,"key":"Unceasing Top"}],"event_choices":[{"damage_healed":0,"gold_gain":0,"player_choice":"Grow","damage_taken":0,"max_hp_gain":0,"max_hp_loss":0,"event_name":"Living Wall","floor":3,"gold_loss":0,"cards_upgraded":["Cloak And Dagger"]},{"damage_healed":0,"gold_gain":0,"player_choice":"Take Wound","damage_taken":0,"relics_obtained":["Golden Idol"],"max_hp_gain":0,"max_hp_loss":0,"event_name":"Golden Idol","floor":4,"gold_loss":0,"cards_obtained":["Injury"]},{"damage_healed":0,"gold_gain":175,"player_choice":"AGREE","damage_taken":0,"max_hp_gain":0,"max_hp_loss":0,"event_name":"Liars Game","floor":5,"gold_loss":0,"cards_obtained":["Doubt"]}],"is_beta":false,"boss_relics":[],"items_purged_floors":[],"is_endless":false,"potions_floor_spawned":[],"killed_by":"Exordium Thugs","ascension_level":6}