{"gold_per_floor":[118,118,71,71,89,118,118,130,130,160,176,510,510,526,526,631,631,643,643,658,658,675,708,722,734,757,768,802,802,742,757,757,852,852],"floor_reached":34,"playtime":1138,"items_purged":[],"score":539,"play_id":"6359f684-9eb0-487a-99aa-7d06e65f26ee","local_time":"20190211104451","is_ascension_mode":false,"campfire_choices":[{"data":"Shrug It Off","floor":7,"key":"SMITH"},{"data":"Bash","floor":15,"key":"SMITH"},{"floor":29,"key":"REST"},{"data":"Shrug It Off","floor":32,"key":"SMITH"}],"neow_cost":"NONE","seed_source_timestamp":338725482477387,"circlet_count":0,"master_deck":["Strike_R","Strike_R","Strike_R","Strike_R","Strike_R","Defend_R","Defend_R+1","Defend_R","Bash+1","Perfected Strike+1","Shrug It Off+1","Wild Strike+1","Immolate+1","Twin Strike+1","Wild Strike+1","Shrug It Off","Writhe","Twin Strike+1","Iron Wave+1","Cleave+1","Twin Strike+1","Iron Wave+1","Pommel Strike+1","Shrug It Off+1","Twin Strike+1","Shrug It Off+1","Pommel Strike+1","Wild Strike+1"],"relics":["Black Blood","NeowsBlessing","Molten Egg 2","Kunai","Ginger","Meat on the Bone","Old Coin","PreservedInsect","Pear","Lantern","Pantograph","Orrery"],"potions_floor_usage":[20,23,24,33],"damage_taken":[{"damage":0,"enemies":"Small Slimes","floor":1,"turns":1},{"damage":0,"enemies":"Jaw Worm","floor":5,"turns":1},{"damage":0,"enemies":"Gremlin Nob","floor":6,"turns":1},{"damage":0,"enemies":"Cultist","floor":8,"turns":2},{"damage":29,"enemies":"Lagavulin","floor":10,"turns":5},{"damage":2,"enemies":"Blue Slaver","floor":11,"turns":2},{"damage":0,"enemies":"3 Sentries","floor":12,"turns":3},{"damage":0,"enemies":"2 Fungi Beasts","floor":14,"turns":1},{"damage":60,"enemies":"The Guardian","floor":16,"turns":9},{"damage":10,"enemies":"Chosen","floor":18,"turns":3},{"damage":2,"enemies":"3 Byrds","floor":20,"turns":5},{"damage":42,"enemies":"Shelled Parasite and Fungi","floor":22,"turns":4},{"damage":31,"enemies":"Book of Stabbing","floor":23,"turns":4},{"damage":3,"enemies":"3 Cultists","floor":24,"turns":4},{"damage":29,"enemies":"Cultist and Chosen","floor":25,"turns":5},{"damage":16,"enemies":"Snake Plant","floor":27,"turns":3},{"damage":22,"enemies":"Slavers","floor":28,"turns":2},{"damage":18,"enemies":"Centurion and Healer","floor":31,"turns":4},{"damage":91,"enemies":"Collector","floor":33,"turns":8}],"seed_played":"1594628767162683707","potions_obtained":[{"floor":8,"key":"EssenceOfSteel"},{"floor":10,"key":"Swift Potion"},{"floor":12,"key":"GamblersBrew"},{"floor":13,"key":"Regen Potion"},{"floor":18,"key":"Energy Potion"},{"floor":20,"key":"SteroidPotion"},{"floor":23,"key":"Regen Potion"},{"floor":31,"key":"Ancient Potion"},{"floor":33,"key":"Dexterity Potion"}],"is_trial":false,"path_per_floor":["?","?","?","?","?","?"],"character_chosen":"IRONCLAD","items_purchased":["Shrug It Off"],"campfire_rested":1,"item_purchase_floors":[3],"current_hp_per_floor":[80,77,77,61,67,73,73,79,79,56,60,66,66,72,72,30,80,80,80,80,65,45,58,77,58,58,64,64,92,92,84,84,26,95],"gold":852,"neow_bonus":"THREE_ENEMY_KILL","is_prod":false,"is_daily":false,"chose_seed":false,"campfire_upgraded":3,"win_rate":0,"timestamp":1549899891,"path_taken":["M","?","$","?","M","E","R","M","T","E","M","E","?","M","R","BOSS","M","?","M","?","M","E","M","M","T","M","E","R","?","M","R","BOSS"],"build_version":"2019-01-23","purchased_purges":0,"victory":false,"max_hp_per_floor":[80,80,80,80,80,80,80,80,80,80,80,80,80,80,80,80,80,80,80,80,85,85,95,95,95,95,95,95,95,95,95,95,95,95],"card_choices":[{"not_picked":["Entrench","Warcry"],"picked":"Perfected Strike","floor":1},{"not_picked":["Warcry","Body Slam+1"],"picked":"Wild Strike+1","floor":5},{"not_picked":["Evolve","Armaments","Clothesline+1"],"picked":"SKIP","floor":6},{"not_picked":["Fire Breathing","Clothesline+1"],"picked":"Immolate+1","floor":8},{"not_picked":["Armaments","Pummel+1"],"picked":"Twin Strike+1","floor":10},{"not_picked":["Rupture","Bloodletting","Havoc"],"picked":"SKIP","floor":11},{"not_picked":["True Grit","Barricade","Sword Boomerang+1"],"picked":"SKIP","floor":12},{"not_picked":["Whirlwind+1","Warcry"],"picked":"Wild Strike+1","floor":14},{"not_picked":["Thunderclap+1","Ghostly Armor"],"picked":"Shrug It Off","floor":18},{"not_picked":["Entrench","Havoc"],"picked":"Twin Strike+1","floor":20},{"not_picked":["Inflame+1","Flex+1"],"picked":"Iron Wave+1","floor":22},{"not_picked":["Flex","Sentinel"],"picked":"Cleave+1","floor":23},{"not_picked":["Power Through","Reckless Charge+1"],"picked":"Twin Strike+1","floor":24},{"not_picked":["Reckless Charge+1","Shrug It Off"],"picked":"Iron Wave+1","floor":25},{"not_picked":["Inflame","Reckless Charge+1"],"picked":"Pommel Strike+1","floor":27},{"not_picked":["Disarm","Rampage+1"],"picked":"Shrug It Off","floor":28},{"not_picked":["Fire Breathing","Armaments","Spot Weakness"],"picked":"SKIP","floor":31},{"not_picked":["Flame Barrier","Intimidate"],"picked":"Twin Strike+1","floor":34},{"not_picked":["Flex","Flame Barrier+1"],"picked":"Shrug It Off+1","floor":34},{"not_picked":["Headbutt+1","Armaments"],"picked":"Pommel Strike+1","floor":34},{"not_picked":["Shrug It Off","Blood for Blood+1"],"picked":"Wild Strike+1","floor":34}],"player_experience":409943,"relics_obtained":[{"floor":6,"key":"Kunai"},{"floor":9,"key":"Ginger"},{"floor":10,"key":"Meat on the Bone"},{"floor":12,"key":"Old Coin"},{"floor":23,"key":"Pear"},{"floor":26,"key":"Lantern"},{"floor":28,"key":"Pantograph"}],"event_choices":[{"damage_healed":0,"gold_gain":0,"player_choice":"Success","damage_taken":3,"relics_obtained":["Molten Egg 2"],"max_hp_gain":0,"max_hp_loss":0,"event_name":"Scrap Ooze","floor":2,"gold_loss":0},{"damage_healed":0,"gold_gain":0,"player_choice":"Entered Light","damage_taken":16,"max_hp_gain":0,"max_hp_loss":0,"event_name":"Shining Light","floor":4,"gold_loss":0,"cards_upgraded":["Perfected Strike","Defend_R"]},{"damage_healed":0,"gold_gain":0,"player_choice":"Got Potions","damage_taken":0,"max_hp_gain":0,"max_hp_loss":0,"event_name":"Lab","floor":13,"gold_loss":0},{"damage_healed":0,"gold_gain":0,"player_choice":"Opened","damage_taken":0,"relics_obtained":["PreservedInsect"],"max_hp_gain":0,"max_hp_loss":0,"event_name":"The Mausoleum","floor":19,"gold_loss":0,"cards_obtained":["Writhe"]},{"damage_healed":0,"gold_gain":0,"player_choice":"Shed Blood","damage_taken":20,"max_hp_gain":5,"max_hp_loss":0,"event_name":"Forgotten Altar","floor":21,"gold_loss":0},{"cards_removed":["Defend_R"],"damage_healed":0,"gold_gain":0,"player_choice":"Single Remove","damage_taken":0,"max_hp_gain":0,"max_hp_loss":0,"event_name":"Designer","floor":30,"gold_loss":60}],"is_beta":false,"boss_relics":[{"not_picked":["Velvet Choker","Busted Crown"],"picked":"Black Blood"},{"not_picked":["Runic Cube","Astrolabe"],"picked":"Orrery"}],"items_purged_floors":[],"is_endless":false,"potions_floor_spawned":[8,10,12,18,20,23,31,33],"ascension_level":0}