{"gold_per_floor":[366,380,380,380,380,380,410,410,410,423,450,463,473,485,485,583,583,600,153,172,183,183,183,215,85,85,105,115,115,92,110,110,110],"floor_reached":33,"playtime":1277,"items_purged":[],"score":413,"play_id":"f350c7e4-d24d-408a-ac25-ae6c2b6b91f7","local_time":"20181027111643","is_ascension_mode":true,"campfire_choices":[{"data":"Perfected Strike","floor":6,"key":"SMITH"},{"floor":8,"key":"REST"},{"floor":15,"key":"REST"},{"data":"Searing Blow+1","floor":23,"key":"SMITH"},{"data":"True Grit","floor":29,"key":"SMITH"},{"floor":32,"key":"REST"}],"neow_cost":"CURSE","seed_source_timestamp":1445019947551849,"circlet_count":0,"master_deck":["Strike_R","Strike_R","Strike_R","Strike_R+1","Strike_R+1","Defend_R","Defend_R","Defend_R","Defend_R","Bash","Perfected Strike+1","Flex","Reckless Charge","Searing Blow+2","Burning Pact","Shrug It Off","Flex+1","Body Slam+1","Feed+1","Body Slam+1","Perfected Strike+1","Spot Weakness+1","Twin Strike+1","Power Through","Rage+1","Wild Strike+1","Shrug It Off","Cleave+1","Ghostly Armor+1","True Grit+1","Body Slam+1","Cleave+1"],"relics":["Burning Blood","FaceOfCleric","Potion Belt","Molten Egg 2","Orichalcum","Velvet Choker","Pen Nib","Lee\u0027s Waffle","War Paint","Self Forming Clay"],"potions_floor_usage":[16,18,21,22,24,24,33,33],"damage_taken":[{"damage":5,"enemies":"Small Slimes","floor":1,"turns":3},{"damage":0,"enemies":"Cultist","floor":2,"turns":2},{"damage":40,"enemies":"3 Sentries","floor":7,"turns":10},{"damage":0,"enemies":"2 Louse","floor":10,"turns":2},{"damage":28,"enemies":"Gremlin Nob","floor":11,"turns":4},{"damage":5,"enemies":"Gremlin Gang","floor":12,"turns":4},{"damage":7,"enemies":"Exordium Thugs","floor":13,"turns":3},{"damage":0,"enemies":"3 Louse","floor":14,"turns":3},{"damage":48,"enemies":"The Guardian","floor":16,"turns":15},{"damage":11,"enemies":"2 Thieves","floor":18,"turns":3},{"damage":7,"enemies":"Chosen","floor":20,"turns":4},{"damage":30,"enemies":"Centurion and Healer","floor":21,"turns":5},{"damage":6,"enemies":"Colosseum Slavers","floor":22,"turns":2},{"damage":24,"enemies":"Slavers","floor":24,"turns":5},{"damage":19,"enemies":"Snake Plant","floor":27,"turns":2},{"damage":3,"enemies":"Sentry and Sphere","floor":28,"turns":3},{"damage":17,"enemies":"Chosen and Byrds","floor":31,"turns":5},{"damage":108,"enemies":"Champ","floor":33,"turns":9}],"seed_played":"-4269368736107207175","potions_obtained":[{"floor":10,"key":"LiquidBronze"},{"floor":11,"key":"Fire Potion"},{"floor":13,"key":"Energy Potion"},{"floor":14,"key":"Dexterity Potion"},{"floor":18,"key":"Ancient Potion"},{"floor":20,"key":"BloodPotion"},{"floor":27,"key":"Ancient Potion"},{"floor":28,"key":"LiquidBronze"}],"is_trial":false,"path_per_floor":["M","M","?","?","?","R","E","R","T","M","E","M","M","M","R","B",null,"M","$","M","M","?","R","E","$","T","M","M","R","$","M","R"],"character_chosen":"IRONCLAD","items_purchased":["Perfected Strike+1","Spot Weakness","Pen Nib","Lee\u0027s Waffle","Wild Strike+1","Shrug It Off","Cleave+1","Body Slam+1"],"campfire_rested":3,"item_purchase_floors":[19,19,19,19,25,25,25,30],"current_hp_per_floor":[73,79,79,77,62,62,29,52,52,59,38,40,40,47,71,30,71,71,96,96,87,92,92,79,79,79,67,71,71,71,65,100,0],"gold":110,"neow_bonus":"TWO_FIFTY_GOLD","is_prod":false,"is_daily":false,"chose_seed":false,"campfire_upgraded":3,"win_rate":0,"timestamp":1540660603,"path_taken":["M","M","?","?","?","R","E","R","T","M","E","M","M","?","R","BOSS","M","$","M","M","?","R","E","$","T","?","M","R","$","M","R","BOSS"],"build_version":"2018-10-25v2","purchased_purges":0,"victory":false,"max_hp_per_floor":[80,80,80,77,77,77,78,78,78,79,80,81,82,83,83,84,84,89,96,97,102,107,107,112,112,112,113,114,114,114,119,119,119],"card_choices":[{"not_picked":["Warcry","Disarm"],"picked":"Perfected Strike","floor":1},{"not_picked":["Infernal Blade","Rupture"],"picked":"Flex","floor":2},{"not_picked":["Headbutt","Feel No Pain"],"picked":"Reckless Charge","floor":7},{"not_picked":["Evolve","Clothesline+1"],"picked":"Searing Blow+1","floor":10},{"not_picked":["Flex","Dual Wield"],"picked":"Burning Pact","floor":11},{"not_picked":["Heavy Blade+1","Cleave+1"],"picked":"Shrug It Off","floor":12},{"not_picked":["True Grit","Heavy Blade+1"],"picked":"Flex","floor":13},{"not_picked":["Flex","Heavy Blade+1"],"picked":"Body Slam+1","floor":14},{"not_picked":["Limit Break","Bludgeon+1"],"picked":"Feed+1","floor":16},{"not_picked":["Rage","True Grit"],"picked":"Body Slam+1","floor":18},{"not_picked":["Clash+1","Flex+1"],"picked":"Twin Strike+1","floor":20},{"not_picked":["Anger+1","Hemokinesis+1"],"picked":"Power Through","floor":21},{"not_picked":["Anger+1","Sword Boomerang+1"],"picked":"Rage+1","floor":24},{"not_picked":["Heavy Blade+1","Flex"],"picked":"Ghostly Armor+1","floor":27},{"not_picked":["Whirlwind+1","Fire Breathing+1"],"picked":"True Grit","floor":28},{"not_picked":["Heavy Blade+1","Feed+1"],"picked":"Cleave+1","floor":31}],"player_experience":896970,"relics_obtained":[{"floor":7,"key":"Potion Belt"},{"floor":9,"key":"Molten Egg 2"},{"floor":11,"key":"Orichalcum"},{"floor":24,"key":"War Paint"},{"floor":26,"key":"Self Forming Clay"}],"event_choices":[{"damage_healed":0,"gold_gain":0,"player_choice":"Trade","damage_taken":0,"relics_obtained":["FaceOfCleric"],"max_hp_gain":0,"max_hp_loss":0,"event_name":"FaceTrader","floor":3,"gold_loss":0},{"cards_removed":["Parasite"],"damage_healed":0,"gold_gain":0,"player_choice":"Removed Curses","damage_taken":0,"max_hp_gain":0,"max_hp_loss":0,"event_name":"Fountain of Cleansing","floor":4,"gold_loss":0},{"damage_healed":0,"gold_gain":0,"player_choice":"Entered Light","damage_taken":15,"max_hp_gain":0,"max_hp_loss":0,"event_name":"Shining Light","floor":5,"gold_loss":0,"cards_upgraded":["Strike_R","Strike_R"]},{"damage_healed":0,"gold_gain":0,"player_choice":"Fight","damage_taken":0,"max_hp_gain":0,"max_hp_loss":0,"event_name":"Colosseum","floor":22,"gold_loss":0},{"damage_healed":0,"gold_gain":0,"player_choice":"Fled From Nobs","damage_taken":0,"max_hp_gain":0,"max_hp_loss":0,"event_name":"Colosseum","floor":22,"gold_loss":0}],"is_beta":false,"boss_relics":[{"not_picked":["Fusion Hammer","Runic Dome"],"picked":"Velvet Choker"}],"items_purged_floors":[],"is_endless":false,"potions_floor_spawned":[10,11,13,14,18,20,27,28],"killed_by":"Champ","ascension_level":6}