{"path_per_floor":["M","M","M","M","$","R","?","R","T","R","M","M","?","$","R","B",null,"M","?","M","$","?","R","M","?","T","R","$","M","$","M","R"],"character_chosen":"IRONCLAD","items_purchased":["Sadistic Nature","Twin Strike","Double Tap","Armaments","Bottled Tornado"],"gold_per_floor":[214,229,242,259,22,22,22,22,47,47,61,78,153,29,29,131,131,143,323,336,76,76,76,90,5,5,5,5,18,18,29,29],"floor_reached":33,"campfire_rested":2,"playtime":2111,"current_hp_per_floor":[70,73,67,63,63,63,63,63,63,63,69,71,60,60,60,24,83,69,37,24,24,24,48,46,46,46,46,46,36,36,26,50],"items_purged":[],"gold":29,"play_id":"42224944-29c7-4d61-94cf-6b4ff03f9157","is_prod":false,"is_daily":false,"is_ascension_mode":false,"campfire_upgraded":5,"path_taken":["M","M","M","M","?","R","?","R","T","R","M","M","?","?","R","BOSS","M","?","M","$","?","R","M","?","T","R","?","M","$","?","R","BOSS"],"build_version":"2018-01-25-PROD3","purchased_purges":0,"victory":false,"master_deck":["Strike_R","Strike_R","Strike_R","Strike_R","Strike_R","Defend_R","Defend_R","Defend_R","Defend_R","Bash","Infernal Blade+1","Havoc","Pommel Strike+1","Limit Break+1","Sadistic Nature+1","Twin Strike","Pummel","Double Tap","Armaments+1","Demon Form+1","Thunderclap","Madness","Feel No Pain","Demon Form","Flex+1","Armaments"],"max_hp_per_floor":[80,83,83,83,83,83,83,83,83,83,83,83,83,83,83,83,83,83,83,83,83,83,83,83,83,83,83,83,83,83,83,83],"relics":["Black Blood","Bottled Tornado","Nloth\u0027s Gift","Bronze Scales","Vajra"],"card_choices":[{"not_picked":["Searing Blow","Intimidate"],"picked":"Infernal Blade"},{"not_picked":["Flex","Clothesline"],"picked":"Havoc"},{"not_picked":["Wild Strike","Flex"],"picked":"Pommel Strike"},{"not_picked":["Inflame","Thunderclap"],"picked":"Limit Break"},{"not_picked":["Headbutt","True Grit"],"picked":"Pummel"},{"not_picked":["Exhume","Double Tap"],"picked":"Demon Form"},{"not_picked":["Perfected Strike","Havoc"],"picked":"Thunderclap"},{"not_picked":["Anger","Twin Strike"],"picked":"Feel No Pain"},{"not_picked":["Sword Boomerang","Hemokinesis"],"picked":"Demon Form"},{"not_picked":["Berserk","Rage"],"picked":"Flex"},{"not_picked":["Reckless Charge","Thunderclap"],"picked":"Armaments"}],"player_experience":74176,"potions_floor_usage":[2,11,16,20,24,33],"damage_taken":[{"damage":16,"enemies":"Blue Slaver","floor":1,"turns":4},{"damage":6,"enemies":"Jaw Worm","floor":2,"turns":3},{"damage":12,"enemies":"Small Slimes","floor":3,"turns":4},{"damage":10,"enemies":"3 Louse","floor":4,"turns":3},{"damage":0,"enemies":"2 Fungi Beasts","floor":11,"turns":1},{"damage":4,"enemies":"Looter","floor":12,"turns":2},{"damage":51,"enemies":"The Guardian","floor":16,"turns":11},{"damage":24,"enemies":"Shell Parasite","floor":18,"turns":7},{"damage":23,"enemies":"Spheric Guardian","floor":20,"turns":5},{"damage":12,"enemies":"Chosen and Byrds","floor":24,"turns":5},{"damage":20,"enemies":"Centurion and Healer","floor":29,"turns":4},{"damage":20,"enemies":"Snecko","floor":31,"turns":4},{"damage":56,"enemies":"Collector","floor":33,"turns":3}],"event_choices":[{"event_name":"Living Wall","player_choice":"Grow","floor":7,"damage_taken":0},{"event_name":"World of Goop","player_choice":"Gather Gold","floor":13,"damage_taken":0},{"event_name":"Knowing Skull","player_choice":"CARD GOLD GOLD ","floor":19,"damage_taken":0},{"event_name":"N\u0027loth","player_choice":"Traded a Orichalcum","floor":22,"damage_taken":0},{"event_name":"Addict","player_choice":"Obtained Relic","floor":25,"damage_taken":0}],"boss_relics":[{"not_picked":["Runic Cube","Black Star"],"picked":"Black Blood"}],"potions_floor_spawned":[1,2,4,16,20,29],"seed_played":"3607375284292808411","killed_by":"Collector","ascension_level":0,"is_trial":false}