{"gold_per_floor":[116,70,145,156,176,207,207,207,207,225,225,225,259,279,279,382,382,347,364,364,83,83,111,111,123,150,168,168,187,201,213,213,309,309,322,322,338,100,111,111,128,183,183,200,216,216,216,229,229,229],"floor_reached":51,"playtime":3657,"items_purged":[],"score":821,"play_id":"43961fec-ef15-4a1f-88bc-11b2c1fd0d79","local_time":"20180921154842","is_ascension_mode":true,"campfire_choices":[{"floor":7,"key":"REST"},{"data":"Cloak And Dagger","floor":11,"key":"SMITH"},{"floor":15,"key":"REST"},{"floor":24,"key":"REST"},{"floor":32,"key":"REST"},{"floor":40,"key":"REST"},{"floor":47,"key":"REST"},{"floor":49,"key":"REST"}],"neow_cost":"NONE","seed_source_timestamp":681325700146088,"circlet_count":0,"master_deck":["Defend_G","Defend_G","Defend_G","Defend_G","Defend_G","Strike_G","Strike_G","Strike_G","Strike_G","Survivor","Neutralize","Backstab","Backflip","Crippling Poison","Cloak And Dagger+1","Riddle With Holes","Distraction","Noxious Fumes","Bullet Time","Poisoned Stab","Backflip","After Image","Blade Dance","PiercingWail+1","Terror","Mind Blast","Metamorphosis","Blur+1","Quick Slash","Skewer+1","After Image","PiercingWail+1","Backflip+1","Adrenaline","Leg Sweep","Enlightenment","Metamorphosis","Blade Dance+1","Footwork","Dagger Throw","Riddle With Holes+1","Cloak And Dagger+1","Leg Sweep","PiercingWail+1","Blade Dance+1","Bullet Time"],"relics":["Ring of the Snake","Ice Cream","NlothsMask","Art of War","Fusion Hammer","MutagenicStrength","Pantograph","Omamori","Cursed Key","Snake Skull","Tiny Chest","Turnip"],"potions_floor_usage":[6,13,13,16,18,23,29,31,33,33,45,45,48],"damage_taken":[{"damage":4,"enemies":"Small Slimes","floor":1,"turns":5},{"damage":0,"enemies":"2 Louse","floor":4,"turns":2},{"damage":0,"enemies":"Cultist","floor":5,"turns":3},{"damage":19,"enemies":"Lagavulin","floor":6,"turns":8},{"damage":0,"enemies":"Looter","floor":10,"turns":4},{"damage":16,"enemies":"Gremlin Nob","floor":13,"turns":5},{"damage":13,"enemies":"Lots of Slimes","floor":14,"turns":3},{"damage":26,"enemies":"The Guardian","floor":16,"turns":9},{"damage":6,"enemies":"2 Thieves","floor":18,"turns":5},{"damage":7,"enemies":"Shell Parasite","floor":19,"turns":7},{"damage":31,"enemies":"Book of Stabbing","floor":23,"turns":8},{"damage":14,"enemies":"Shelled Parasite and Fungi","floor":25,"turns":8},{"damage":16,"enemies":"Centurion and Healer","floor":27,"turns":5},{"damage":7,"enemies":"Cultist and Chosen","floor":29,"turns":5},{"damage":0,"enemies":"Snake Plant","floor":30,"turns":2},{"damage":0,"enemies":"Shelled Parasite and Fungi","floor":31,"turns":6},{"damage":50,"enemies":"Champ","floor":33,"turns":14},{"damage":1,"enemies":"3 Darklings","floor":35,"turns":7},{"damage":0,"enemies":"3 Shapes","floor":37,"turns":6},{"damage":12,"enemies":"Maw","floor":39,"turns":7},{"damage":7,"enemies":"Reptomancer","floor":41,"turns":6},{"damage":52,"enemies":"Giant Head","floor":42,"turns":8},{"damage":2,"enemies":"3 Darklings","floor":44,"turns":7},{"damage":4,"enemies":"Spire Growth","floor":45,"turns":5},{"damage":2,"enemies":"4 Shapes","floor":48,"turns":7},{"damage":58,"enemies":"Awakened One","floor":50,"turns":15}],"seed_played":"491522407665686766","potions_obtained":[{"floor":1,"key":"Fire Potion"},{"floor":4,"key":"Dexterity Potion"},{"floor":6,"key":"FairyPotion"},{"floor":10,"key":"Weak Potion"},{"floor":13,"key":"Poison Potion"},{"floor":16,"key":"Ancient Potion"},{"floor":18,"key":"GamblersBrew"},{"floor":27,"key":"Explosive Potion"},{"floor":29,"key":"GhostInAJar"},{"floor":31,"key":"Weak Potion"},{"floor":33,"key":"FearPotion"},{"floor":35,"key":"Ancient Potion"},{"floor":37,"key":"Explosive Potion"},{"floor":42,"key":"Block Potion"},{"floor":45,"key":"Explosive Potion"}],"is_trial":false,"path_per_floor":["M","$","?","M","M","E","R","?","T","M","R","?","E","M","R","B",null,"M","M","?","$","?","E","R","M","T","M","?","M","M","M","R","B",null,"M","?","M","$","M","R","M","E","T","M","M","?","R","M","R","B"],"character_chosen":"THE_SILENT","items_purchased":["Backflip","Mind Blast","Metamorphosis","Footwork","Snake Skull","Dagger Throw"],"campfire_rested":7,"item_purchase_floors":[2,21,21,38,38,38],"current_hp_per_floor":[66,66,55,55,55,36,57,57,57,57,57,57,41,28,49,23,70,64,57,57,57,57,26,47,33,33,17,17,10,10,10,31,6,70,69,64,64,64,52,70,63,11,11,9,5,5,26,24,45,12],"gold":229,"neow_bonus":"TRANSFORM_CARD","is_prod":false,"is_daily":false,"chose_seed":false,"campfire_upgraded":1,"win_rate":0,"timestamp":1537566522,"path_taken":["M","$","?","M","?","E","R","?","T","M","R","?","E","?","R","BOSS","M","M","?","$","?","E","R","M","T","M","?","M","M","?","R","BOSS","M","?","?","$","?","R","M","E","T","M","M","?","R","?","R","BOSS"],"build_version":"2018-09-20","purchased_purges":0,"victory":true,"max_hp_per_floor":[70,70,70,70,70,70,70,70,70,70,70,70,70,70,70,70,70,70,70,70,70,70,70,70,70,70,70,70,70,70,70,70,70,70,70,70,70,70,70,70,70,70,70,70,70,70,70,70,70,70],"card_choices":[{"not_picked":["Blade Dance","Outmaneuver"],"picked":"Backstab","floor":1},{"not_picked":["Slice","Backflip"],"picked":"Crippling Poison","floor":4},{"not_picked":["Bane","Night Terror"],"picked":"Cloak And Dagger","floor":5},{"not_picked":["Underhanded Strike","Endless Agony"],"picked":"Riddle With Holes","floor":6},{"not_picked":["Acrobatics","Choke"],"picked":"Distraction","floor":10},{"not_picked":["Backflip","Quick Slash"],"picked":"Poisoned Stab","floor":13},{"not_picked":["Dagger Spray","Sucker Punch"],"picked":"Backflip","floor":14},{"not_picked":["Adrenaline","Storm of Steel"],"picked":"After Image","floor":16},{"not_picked":["Backflip","Bane"],"picked":"Blade Dance","floor":18},{"not_picked":["Flying Knee","Catalyst"],"picked":"PiercingWail+1","floor":19},{"not_picked":["Dash","Tactician"],"picked":"Blur+1","floor":23},{"not_picked":["Dagger Spray","Catalyst"],"picked":"Quick Slash","floor":25},{"not_picked":["Acrobatics+1","Tactician"],"picked":"Skewer+1","floor":27},{"not_picked":["Outmaneuver","Dagger Throw"],"picked":"After Image","floor":29},{"not_picked":["Outmaneuver","Flying Knee"],"picked":"PiercingWail+1","floor":30},{"not_picked":["Terror","Deadly Poison"],"picked":"Backflip+1","floor":31},{"not_picked":["Die Die Die","Glass Knife"],"picked":"Adrenaline","floor":33},{"not_picked":["Prepared","Dagger Spray"],"picked":"Leg Sweep","floor":35},{"not_picked":["Panacea","Sadistic Nature"],"picked":"Enlightenment","floor":36},{"not_picked":["Panacea","Flash of Steel"],"picked":"Metamorphosis","floor":36},{"not_picked":["Choke+1","Sucker Punch"],"picked":"Blade Dance+1","floor":37},{"not_picked":["Dodge and Roll","Heel Hook"],"picked":"Riddle With Holes+1","floor":39},{"not_picked":["Dagger Throw+1","Dagger Spray+1"],"picked":"Cloak And Dagger+1","floor":41},{"not_picked":["Tactician+1","Skewer"],"picked":"Leg Sweep","floor":42},{"not_picked":["Dagger Throw","Terror"],"picked":"PiercingWail+1","floor":44},{"not_picked":["Riddle With Holes+1","Flying Knee+1"],"picked":"Blade Dance+1","floor":45},{"not_picked":["Cloak And Dagger","Underhanded Strike"],"picked":"Bullet Time","floor":48}],"player_experience":552606,"relics_obtained":[{"floor":6,"key":"Ice Cream"},{"floor":13,"key":"Art of War"},{"floor":23,"key":"Pantograph"},{"floor":26,"key":"Omamori"},{"floor":42,"key":"Tiny Chest"},{"floor":43,"key":"Turnip"}],"event_choices":[{"event_name":"World of Goop","player_choice":"Gather Gold","floor":3,"damage_taken":0},{"event_name":"FaceTrader","player_choice":"Trade","floor":8,"damage_taken":0},{"event_name":"Match and Keep!","player_choice":"2 cards matched","floor":12,"damage_taken":0},{"event_name":"The Library","player_choice":"Read","floor":20,"damage_taken":0},{"event_name":"Drug Dealer","player_choice":"Inject Mutagens","floor":22,"damage_taken":0},{"event_name":"Beggar","player_choice":"Ignored","floor":28,"damage_taken":0},{"event_name":"SensoryStone","player_choice":"Memory 2","floor":36,"damage_taken":0},{"event_name":"Falling","player_choice":"Removed Attack","floor":46,"damage_taken":0}],"is_beta":false,"boss_relics":[{"not_picked":["Empty Cage","Ring of the Serpent"],"picked":"Fusion Hammer"},{"not_picked":["Philosopher\u0027s Stone","WristBlade"],"picked":"Cursed Key"}],"items_purged_floors":[],"is_endless":false,"potions_floor_spawned":[1,4,6,10,13,16,18,27,29,31,33,35,37,42,45],"ascension_level":4}