{"gold_per_floor":[119,130,147,157,169,200,200,212,257,272,272,36,65,85,85,181,181,191,211,230,246,246,246,257,237,261,261],"floor_reached":27,"playtime":2043,"items_purged":[],"score":231,"play_id":"12a4b7d8-6b1b-4fc5-88df-70d6678f89a3","local_time":"20180804220630","is_ascension_mode":false,"campfire_choices":[{"data":"Capacitor","floor":7,"key":"SMITH"},{"floor":15,"key":"REST"},{"data":"Chill","floor":23,"key":"SMITH"}],"neow_cost":"","seed_source_timestamp":302121406038534,"circlet_count":0,"master_deck":["Strike_B","Strike_B","Strike_B","Strike_B","Defend_B","Defend_B","Defend_B","Defend_B","Zap","Dualcast","Chill+1","Sunder","BootSequence","Capacitor+1","Consume+1","Doom and Gloom","Gash","Cold Snap","Sunder","Cold Snap","Turbo","Rainbow","Barrage","Static Discharge","Coolheaded","Blizzard+1"],"relics":["Cracked Core","Bronze Scales","Bag of Preparation","Art of War","Cables","Nuclear Battery","Nilry\u0027s Codex","Regal Pillow"],"potions_floor_usage":[4,16],"damage_taken":[{"damage":5,"enemies":"Small Slimes","floor":1,"turns":3},{"damage":1,"enemies":"2 Louse","floor":2,"turns":4},{"damage":0,"enemies":"Cultist","floor":3,"turns":3},{"damage":0,"enemies":"Large Slime","floor":4,"turns":6},{"damage":16,"enemies":"Exordium Thugs","floor":5,"turns":5},{"damage":22,"enemies":"Lagavulin","floor":6,"turns":7},{"damage":0,"enemies":"2 Fungi Beasts","floor":8,"turns":2},{"damage":5,"enemies":"Gremlin Gang","floor":10,"turns":3},{"damage":4,"enemies":"3 Sentries","floor":13,"turns":5},{"damage":0,"enemies":"Exordium Thugs","floor":14,"turns":2},{"damage":4,"enemies":"The Guardian","floor":16,"turns":9},{"damage":0,"enemies":"Chosen","floor":18,"turns":4},{"damage":16,"enemies":"3 Byrds","floor":19,"turns":4},{"damage":0,"enemies":"Centurion and Healer","floor":20,"turns":7},{"damage":11,"enemies":"Snecko","floor":21,"turns":4},{"damage":0,"enemies":"Chosen and Byrds","floor":24,"turns":7},{"damage":39,"enemies":"Gremlin Leader","floor":27,"turns":4}],"seed_played":"-6031962991059043970","potions_obtained":[{"floor":2,"key":"SpeedPotion"},{"floor":6,"key":"Ancient Potion"},{"floor":8,"key":"SkillPotion"},{"floor":10,"key":"Fire Potion"},{"floor":13,"key":"AttackPotion"},{"floor":16,"key":"LiquidBronze"},{"floor":25,"key":"Dexterity Potion"}],"is_trial":false,"path_per_floor":["M","M","M","M","M","E","R","M","T","M","?","$","E","M","R","B",null,"M","M","M","M","?","R","M","?","T"],"character_chosen":"DEFECT","items_purchased":["Art of War","Cold Snap","Sunder"],"campfire_rested":1,"item_purchase_floors":[12,12,12],"current_hp_per_floor":[70,69,69,69,53,31,31,31,31,26,26,26,22,22,44,40,75,75,59,59,48,32,32,32,32,32,0],"gold":261,"neow_bonus":"","is_prod":false,"is_daily":false,"chose_seed":false,"campfire_upgraded":2,"win_rate":0,"timestamp":1533441990,"path_taken":["M","M","M","M","M","E","R","M","T","M","?","$","E","M","R","BOSS","M","M","M","M","?","R","M","?","T","E"],"build_version":"2018-08-02","purchased_purges":0,"victory":false,"max_hp_per_floor":[75,75,75,75,75,75,75,75,75,75,75,75,75,75,75,75,75,75,75,75,75,75,75,75,75,75,75],"card_choices":[{"not_picked":["Turbo","BootSequence"],"picked":"Chill","floor":1},{"not_picked":["Go for the Eyes","Cold Snap"],"picked":"Sunder","floor":2},{"not_picked":["Chaos","Tempest"],"picked":"BootSequence","floor":3},{"not_picked":["Lockon","Storm"],"picked":"Capacitor","floor":4},{"not_picked":["Aggregate","Cold Snap"],"picked":"Consume","floor":5},{"not_picked":["Hello World","Double Energy"],"picked":"Doom and Gloom","floor":6},{"not_picked":["Steam","Auto Shields","Stack"],"picked":"SKIP","floor":8},{"not_picked":["Steam","Leap"],"picked":"Gash","floor":10},{"not_picked":["Conserve Battery","Recycle"],"picked":"Cold Snap","floor":13},{"not_picked":["Stack","Steam"],"picked":"Turbo","floor":14},{"not_picked":["Thunder Strike","Multi-Cast"],"picked":"Rainbow","floor":16},{"not_picked":["Beam Cell","Skim"],"picked":"Barrage","floor":18},{"not_picked":["Conserve Battery","Fusion+1"],"picked":"Static Discharge","floor":19},{"not_picked":["Sunder","Conserve Battery"],"picked":"Coolheaded","floor":20},{"not_picked":["Reinforced Body","Consume"],"picked":"Blizzard+1","floor":21},{"not_picked":["Aggregate","Recycle","Streamline+1"],"picked":"SKIP","floor":24}],"player_experience":194486,"relics_obtained":[{"floor":6,"key":"Bronze Scales"},{"floor":9,"key":"Bag of Preparation"},{"floor":13,"key":"Cables"},{"floor":22,"key":"Nilry\u0027s Codex"},{"floor":26,"key":"Regal Pillow"}],"event_choices":[{"event_name":"Living Wall","player_choice":"Grow","floor":11,"damage_taken":0},{"event_name":"Cursed Tome","player_choice":"Obtained Book","floor":22,"damage_taken":0},{"event_name":"The Woman in Blue","player_choice":"Bought 1 Potion","floor":25,"damage_taken":0}],"is_beta":false,"boss_relics":[{"not_picked":["Ectoplasm","Runic Pyramid"],"picked":"Nuclear Battery"}],"items_purged_floors":[],"is_endless":false,"potions_floor_spawned":[2,6,8,10,13,16,19,24],"killed_by":"Gremlin Leader","ascension_level":0}