{"gold_per_floor":[116,291,306,90,165,165,181,215,215,239,272,291,291,304,304,399,399,414,221,247,260,279,313,330,361,361,211,222,236,236,336,336,432,432,452,452,468,481,69,100,118,151,233,263,263,280,17,34,34,34],"floor_reached":51,"playtime":3056,"items_purged":["Doubt","Defend_R"],"score":989,"play_id":"54bd7e20-8c66-4d12-a370-a236f1d2efa0","local_time":"20190411115304","is_ascension_mode":false,"campfire_choices":[{"data":"Perfected Strike","floor":6,"key":"SMITH"},{"data":"Whirlwind","floor":13,"key":"SMITH"},{"data":"Armaments","floor":15,"key":"SMITH"},{"data":"Clothesline","floor":30,"key":"SMITH"},{"data":"Disarm","floor":32,"key":"SMITH"},{"floor":49,"key":"RECALL"}],"neow_cost":"NONE","seed_source_timestamp":65541610015100,"circlet_count":0,"master_deck":["Strike_R","Strike_R","Strike_R","Strike_R","Strike_R","Defend_R+1","Defend_R","Defend_R+1","Bash","Cleave","Armaments+1","Perfected Strike+1","Metallicize","Clothesline+1","Whirlwind+1","Perfected Strike","Pommel Strike","Juggernaut","Armaments+1","Iron Wave+1","Offering","Iron Wave+1","Barricade","Ghostly Armor+1","Disarm+1","Feel No Pain","Bludgeon","Armaments+1","Ghostly Armor+1","Iron Wave+1","Limit Break","Shockwave","Limit Break","Panacea","PanicButton","Metallicize+1","Spot Weakness+1","Apotheosis","Seeing Red","Metallicize+1","Bloodletting+1"],"relics":["Burning Blood","Blood Vial","Mercury Hourglass","Gambling Chip","Vajra","Potion Belt","Snecko Eye","Anchor","Red Mask","Dream Catcher","Turnip","Sundial","Ice Cream","Mummified Hand","Fusion Hammer","Shuriken","Orichalcum","Pantograph","War Paint","FossilizedHelix","Meat on the Bone","Prayer Wheel"],"potions_floor_usage":[8,23,23,33,35,44,50,50,50],"damage_taken":[{"damage":1,"enemies":"2 Louse","floor":1,"turns":3},{"damage":8,"enemies":"Jaw Worm","floor":3,"turns":4},{"damage":2,"enemies":"Cultist","floor":7,"turns":3},{"damage":13,"enemies":"3 Sentries","floor":8,"turns":7},{"damage":15,"enemies":"Lagavulin","floor":11,"turns":5},{"damage":0,"enemies":"3 Louse","floor":12,"turns":1},{"damage":8,"enemies":"Exordium Thugs","floor":14,"turns":5},{"damage":23,"enemies":"The Guardian","floor":16,"turns":9},{"damage":5,"enemies":"3 Byrds","floor":18,"turns":3},{"damage":10,"enemies":"Masked Bandits","floor":20,"turns":3},{"damage":0,"enemies":"Shell Parasite","floor":21,"turns":1},{"damage":0,"enemies":"Centurion and Healer","floor":22,"turns":2},{"damage":0,"enemies":"Slavers","floor":23,"turns":4},{"damage":0,"enemies":"Chosen and Byrds","floor":24,"turns":3},{"damage":0,"enemies":"Gremlin Leader","floor":25,"turns":5},{"damage":0,"enemies":"Snecko","floor":28,"turns":3},{"damage":6,"enemies":"Cultist and Chosen","floor":29,"turns":4},{"damage":6,"enemies":"Colosseum Slavers","floor":31,"turns":2},{"damage":6,"enemies":"Colosseum Nobs","floor":31,"turns":2},{"damage":21,"enemies":"Collector","floor":33,"turns":7},{"damage":0,"enemies":"3 Darklings","floor":35,"turns":2},{"damage":0,"enemies":"Orb Walker","floor":37,"turns":2},{"damage":6,"enemies":"Transient","floor":38,"turns":5},{"damage":6,"enemies":"Giant Head","floor":40,"turns":6},{"damage":6,"enemies":"Sphere and 2 Shapes","floor":41,"turns":4},{"damage":9,"enemies":"Reptomancer","floor":42,"turns":4},{"damage":0,"enemies":"Giant Head","floor":44,"turns":7},{"damage":0,"enemies":"Jaw Worm Horde","floor":46,"turns":1},{"damage":0,"enemies":"Maw","floor":48,"turns":5},{"damage":0,"enemies":"Time Eater","floor":50,"turns":7}],"seed_played":"2019590994827955193","potions_obtained":[{"floor":11,"key":"Ancient Potion"},{"floor":12,"key":"Ancient Potion"},{"floor":16,"key":"FearPotion"},{"floor":22,"key":"Block Potion"},{"floor":24,"key":"AttackPotion"},{"floor":25,"key":"Strength Potion"},{"floor":29,"key":"SpeedPotion"},{"floor":33,"key":"Swift Potion"},{"floor":35,"key":"Fruit Juice"},{"floor":37,"key":"LiquidBronze"},{"floor":41,"key":"GamblersBrew"},{"floor":46,"key":"Weak Potion"}],"is_trial":false,"path_per_floor":["M","?","M","$","?","R","M","E","T","T","E","M","R","M","R","B",null,"M","$","?","M","M","E","M","E","T","$","M","M","R","?","R","B",null,"M","?","M","M","$","E","M","E","T","E","?","M","$","M","R","B",null],"character_chosen":"IRONCLAD","items_purchased":["Perfected Strike","Metallicize","SteroidPotion","Anchor","Block Potion","SteroidPotion","Orichalcum","Pantograph","Apotheosis","Seeing Red"],"campfire_rested":0,"item_purchase_floors":[4,4,4,19,19,27,39,39,47,47],"current_hp_per_floor":[80,80,78,78,67,67,73,68,68,68,61,69,69,69,69,54,80,80,80,76,80,80,80,80,80,80,80,80,80,80,80,80,65,80,85,85,85,85,85,85,85,82,82,85,75,83,83,85,85,85],"gold":34,"neow_bonus":"RANDOM_COMMON_RELIC","is_prod":false,"is_daily":false,"chose_seed":false,"campfire_upgraded":5,"win_rate":1,"timestamp":1555008784,"path_taken":["M","?","M","$","?","R","M","E","T","?","E","M","R","?","R","BOSS","M","$","?","M","M","E","M","E","T","?","?","M","R","?","R","BOSS","M","?","M","M","$","E","?","E","T","E","?","M","$","M","R","BOSS"],"build_version":"2019-01-23","purchased_purges":2,"victory":true,"max_hp_per_floor":[80,80,80,80,80,80,80,80,80,80,80,80,80,80,80,80,80,80,80,80,80,80,80,80,80,80,80,80,80,80,80,80,80,80,85,85,85,85,85,85,85,85,85,85,85,85,85,85,85,85],"card_choices":[{"not_picked":["Twin Strike","Blood for Blood"],"picked":"Cleave","floor":1},{"not_picked":["Heavy Blade","True Grit"],"picked":"Armaments","floor":3},{"not_picked":["Heavy Blade","Brutality","Evolve"],"picked":"SKIP","floor":7},{"not_picked":["Evolve","Infernal Blade"],"picked":"Clothesline","floor":8},{"not_picked":["Clothesline","Uppercut"],"picked":"Whirlwind","floor":11},{"not_picked":["Whirlwind","Body Slam"],"picked":"Perfected Strike","floor":12},{"not_picked":["Flex","Fire Breathing"],"picked":"Pommel Strike","floor":14},{"not_picked":["Limit Break","Brutality"],"picked":"Juggernaut","floor":16},{"not_picked":["Thunderclap","Twin Strike+1"],"picked":"Armaments+1","floor":18},{"not_picked":["Second Wind","Flex"],"picked":"Iron Wave+1","floor":21},{"not_picked":["Whirlwind","True Grit","Flex"],"picked":"SKIP","floor":22},{"not_picked":["Twin Strike","Heavy Blade"],"picked":"Offering","floor":23},{"not_picked":["Power Through+1","True Grit"],"picked":"Iron Wave+1","floor":24},{"not_picked":["Inflame","Warcry"],"picked":"Barricade","floor":25},{"not_picked":["Heavy Blade","Intimidate"],"picked":"Ghostly Armor+1","floor":28},{"not_picked":["Shrug It Off","Spot Weakness"],"picked":"Disarm","floor":29},{"not_picked":["Sword Boomerang+1","Rupture"],"picked":"Feel No Pain","floor":31},{"not_picked":["Exhume","Reaper"],"picked":"Bludgeon","floor":33},{"not_picked":["Perfected Strike","Thunderclap"],"picked":"Armaments+1","floor":35},{"not_picked":["Sword Boomerang+1","Heavy Blade+1"],"picked":"Ghostly Armor+1","floor":37},{"not_picked":["Clothesline","Rupture"],"picked":"Iron Wave+1","floor":38},{"not_picked":["Flex","Combust+1"],"picked":"Limit Break","floor":40},{"not_picked":["Armaments","Shrug It Off+1"],"picked":"Shockwave","floor":41},{"not_picked":["Thunderclap","Searing Blow+1","Clash"],"picked":"SKIP","floor":42},{"not_picked":["Anger","Hemokinesis+1"],"picked":"Limit Break","floor":44},{"not_picked":["Blind","Impatience"],"picked":"Panacea","floor":45},{"not_picked":["Mind Blast","Purity"],"picked":"PanicButton","floor":45},{"not_picked":["Whirlwind","Thunderclap"],"picked":"Metallicize+1","floor":46},{"not_picked":["Headbutt","Metallicize+1"],"picked":"Spot Weakness+1","floor":46},{"not_picked":["Twin Strike+1","Cleave"],"picked":"Metallicize+1","floor":48},{"not_picked":["Intimidate","Dual Wield"],"picked":"Bloodletting+1","floor":48}],"player_experience":290285,"relics_obtained":[{"floor":8,"key":"Mercury Hourglass"},{"floor":9,"key":"Gambling Chip"},{"floor":10,"key":"Vajra"},{"floor":11,"key":"Potion Belt"},{"floor":20,"key":"Red Mask"},{"floor":23,"key":"Dream Catcher"},{"floor":25,"key":"Turnip"},{"floor":26,"key":"Sundial"},{"floor":31,"key":"Ice Cream"},{"floor":31,"key":"Mummified Hand"},{"floor":36,"key":"Shuriken"},{"floor":40,"key":"War Paint"},{"floor":42,"key":"FossilizedHelix"},{"floor":43,"key":"Meat on the Bone"},{"floor":44,"key":"Prayer Wheel"}],"event_choices":[{"damage_healed":0,"gold_gain":175,"player_choice":"AGREE","damage_taken":0,"max_hp_gain":0,"max_hp_loss":0,"event_name":"Liars Game","floor":2,"gold_loss":0,"cards_obtained":["Doubt"]},{"damage_healed":0,"gold_gain":75,"player_choice":"Gather Gold","damage_taken":11,"max_hp_gain":0,"max_hp_loss":0,"event_name":"World of Goop","floor":5,"gold_loss":0},{"damage_healed":0,"gold_gain":0,"player_choice":"Fought Bandits","damage_taken":0,"max_hp_gain":0,"max_hp_loss":0,"event_name":"Masked Bandits","floor":20,"gold_loss":0},{"damage_healed":0,"gold_gain":0,"player_choice":"Fight","damage_taken":0,"max_hp_gain":0,"max_hp_loss":0,"event_name":"Colosseum","floor":31,"gold_loss":0},{"damage_healed":0,"gold_gain":0,"player_choice":"Fought Nobs","damage_taken":0,"max_hp_gain":0,"max_hp_loss":0,"event_name":"Colosseum","floor":31,"gold_loss":0},{"damage_healed":0,"gold_gain":0,"player_choice":"Relic","damage_taken":0,"max_hp_gain":0,"max_hp_loss":0,"event_name":"Wheel of Change","floor":36,"gold_loss":0},{"damage_healed":0,"gold_gain":0,"player_choice":"Memory 3","damage_taken":10,"max_hp_gain":0,"max_hp_loss":0,"event_name":"SensoryStone","floor":45,"gold_loss":0}],"is_beta":false,"boss_relics":[{"not_picked":["Runic Dome","Runic Pyramid"],"picked":"Snecko Eye"},{"not_picked":["White Beast Statue","Orrery"],"picked":"Fusion Hammer"}],"items_purged_floors":[4,27],"is_endless":false,"potions_floor_spawned":[11,12,16,22,24,25,28,29,33,35,37,41,46],"ascension_level":0}