{"gold_per_floor":[116,140,160,38,56,56,7,22,22,50,50],"floor_reached":11,"playtime":321,"items_purged":["Shame"],"score":88,"play_id":"e8330699-57fb-4f16-8bbb-be25d0e8ccbc","local_time":"20180919155732","is_ascension_mode":true,"campfire_choices":[{"data":"Anger","floor":6,"key":"SMITH"}],"neow_cost":"CURSE","seed_source_timestamp":512411806256205,"circlet_count":0,"master_deck":["Strike_R","Strike_R","Strike_R","Strike_R","Defend_R","Defend_R","Defend_R","Bash","Searing Blow","Rupture","Anger+1","Pommel Strike","Flex","Burning Pact","Flex","Heavy Blade","Battle Trance"],"relics":["Burning Blood","Juzu Bracelet","Nunchaku","The Courier"],"potions_floor_usage":[8,10,11],"damage_taken":[{"damage":16,"enemies":"Cultist","floor":1,"turns":4},{"damage":7,"enemies":"Jaw Worm","floor":3,"turns":3},{"damage":10,"enemies":"Small Slimes","floor":5,"turns":3},{"damage":22,"enemies":"3 Louse","floor":8,"turns":4},{"damage":47,"enemies":"3 Sentries","floor":10,"turns":7},{"damage":23,"enemies":"Red Slaver","floor":11,"turns":3}],"seed_played":"4266094322672498478","potions_obtained":[{"floor":3,"key":"FearPotion"},{"floor":5,"key":"BloodPotion"},{"floor":8,"key":"EssenceOfSteel"},{"floor":10,"key":"Poison Potion"}],"is_trial":false,"path_per_floor":["M","T","M","$","M","R","$","M","T","E"],"character_chosen":"IRONCLAD","items_purchased":["Flex","Flex"],"campfire_rested":0,"item_purchase_floors":[4,7],"current_hp_per_floor":[70,70,69,69,65,65,65,57,57,16,0],"gold":50,"neow_bonus":"TRANSFORM_TWO_CARDS","is_prod":false,"is_daily":false,"chose_seed":false,"campfire_upgraded":1,"win_rate":0,"timestamp":1537394252,"path_taken":["M","?","M","?","M","R","$","M","T","E","M"],"build_version":"2018-09-06","purchased_purges":1,"victory":false,"max_hp_per_floor":[80,80,80,80,80,80,80,80,80,80,80],"card_choices":[{"not_picked":["Perfected Strike","Disarm"],"picked":"Anger","floor":1},{"not_picked":["Twin Strike","Reckless Charge"],"picked":"Pommel Strike","floor":3},{"not_picked":["Carnage","Body Slam"],"picked":"Burning Pact","floor":5},{"not_picked":["Combust","Perfected Strike"],"picked":"Heavy Blade","floor":8},{"not_picked":["Ghostly Armor","Wild Strike"],"picked":"Battle Trance","floor":10}],"player_experience":544765,"relics_obtained":[{"floor":2,"key":"Juzu Bracelet"},{"floor":9,"key":"Nunchaku"},{"floor":10,"key":"The Courier"}],"event_choices":[],"is_beta":false,"boss_relics":[],"items_purged_floors":[4],"is_endless":false,"potions_floor_spawned":[3,5,8,10],"killed_by":"Red Slaver","ascension_level":4}