{"gold_per_floor":[109,184,197,207,226,226,287,287,287,320,320,320,335,354,354,354],"floor_reached":16,"playtime":628,"items_purged":[],"score":146,"play_id":"1f42af40-220a-4d62-ae80-517a58bd54be","local_time":"20181115204230","is_ascension_mode":true,"campfire_choices":[{"floor":6,"key":"REST"},{"floor":8,"key":"REST"},{"data":"Zap","floor":15,"key":"SMITH"}],"neow_cost":"NONE","seed_source_timestamp":42620659237443,"circlet_count":0,"master_deck":["Strike_B","Strike_B","Strike_B","Strike_B","Defend_B","Defend_B","Defend_B","Defend_B","Zap+1","Dualcast","Multi-Cast","Undo","Auto Shields","Coolheaded","Skim","Conserve Battery","Leap"],"relics":["Cracked Core","Tiny Chest","Pantograph","Dead Branch","Dodecahedron"],"potions_floor_usage":[10,10],"damage_taken":[{"damage":8,"enemies":"2 Louse","floor":1,"turns":2},{"damage":7,"enemies":"Small Slimes","floor":3,"turns":4},{"damage":1,"enemies":"Cultist","floor":4,"turns":4},{"damage":14,"enemies":"Large Slime","floor":5,"turns":7},{"damage":24,"enemies":"3 Sentries","floor":7,"turns":8},{"damage":23,"enemies":"Lagavulin","floor":10,"turns":7},{"damage":1,"enemies":"Exordium Wildlife","floor":13,"turns":6},{"damage":2,"enemies":"Blue Slaver","floor":14,"turns":5},{"damage":52,"enemies":"Hexaghost","floor":16,"turns":15}],"seed_played":"8782933071646059500","potions_obtained":[{"floor":3,"key":"FearPotion"},{"floor":4,"key":"SteroidPotion"},{"floor":14,"key":"EssenceOfSteel"}],"is_trial":false,"path_per_floor":["M","?","M","M","M","R","E","R","T","E","?","?","M","M","R","B"],"character_chosen":"DEFECT","items_purchased":[],"campfire_rested":2,"item_purchase_floors":[],"current_hp_per_floor":[60,49,42,41,27,49,25,47,47,24,24,24,23,21,21,0],"gold":354,"neow_bonus":"ONE_RANDOM_RARE_CARD","is_prod":false,"is_daily":false,"chose_seed":false,"campfire_upgraded":1,"win_rate":0,"timestamp":1542332550,"path_taken":["M","?","M","M","M","R","E","R","T","E","?","?","M","?","R","BOSS"],"build_version":"2018-11-15","purchased_purges":0,"victory":false,"max_hp_per_floor":[75,75,75,75,75,75,75,75,75,75,75,75,75,75,75,75],"card_choices":[{"not_picked":["Go for the Eyes","Steam Power"],"picked":"Undo","floor":1},{"not_picked":["Turbo","Go for the Eyes","Hello World"],"picked":"SKIP","floor":3},{"not_picked":["BootSequence","Turbo"],"picked":"Auto Shields","floor":4},{"not_picked":["Scrape","Hologram"],"picked":"Coolheaded","floor":5},{"not_picked":["Rip and Tear","Streamline"],"picked":"Skim","floor":7},{"not_picked":["Beam Cell","Scrape","Rebound"],"picked":"SKIP","floor":10},{"not_picked":["Melter","Stack"],"picked":"Conserve Battery","floor":13},{"not_picked":["Steam","Turbo"],"picked":"Leap","floor":14}],"player_experience":456896,"relics_obtained":[{"floor":7,"key":"Tiny Chest"},{"floor":9,"key":"Pantograph"},{"floor":10,"key":"Dead Branch"}],"event_choices":[{"damage_healed":0,"gold_gain":75,"player_choice":"Gather Gold","damage_taken":11,"max_hp_gain":0,"max_hp_loss":0,"event_name":"World of Goop","floor":2,"gold_loss":0},{"damage_healed":0,"gold_gain":0,"player_choice":"Box","damage_taken":0,"relics_obtained":["Dodecahedron"],"max_hp_gain":0,"max_hp_loss":0,"event_name":"Big Fish","floor":11,"gold_loss":0,"cards_obtained":["Regret"]},{"cards_removed":["Regret"],"damage_healed":0,"gold_gain":0,"player_choice":"Purged","damage_taken":0,"max_hp_gain":0,"max_hp_loss":0,"event_name":"Purifier","floor":12,"gold_loss":0}],"is_beta":true,"boss_relics":[],"items_purged_floors":[],"is_endless":false,"potions_floor_spawned":[3,4,14],"killed_by":"Hexaghost","ascension_level":6}