{"gold_per_floor":[113,32,32,32,47,47,82,82,106,134,134,134,134,152,152,275,275,289,66,91,114,132,132,155,155,182,195,195],"floor_reached":28,"playtime":1878,"items_purged":[],"score":319,"play_id":"7e0ff01a-7be8-45ec-b1e5-9ff836dd091a","local_time":"20190126232115","is_ascension_mode":true,"campfire_choices":[{"data":"Neutralize","floor":6,"key":"SMITH"},{"floor":8,"key":"REST"},{"floor":13,"key":"REST"},{"data":"Escape Plan","floor":15,"key":"SMITH"},{"floor":23,"key":"REST"},{"data":"Noxious Fumes","floor":25,"key":"SMITH"}],"neow_cost":"NONE","seed_source_timestamp":1214849332975453,"circlet_count":0,"master_deck":["Defend_G","Defend_G","Defend_G","Defend_G","Defend_G","Strike_G","Strike_G","Strike_G","Strike_G","Strike_G","Survivor","Neutralize+1","Dodge and Roll","Blur","Well Laid Plans","Escape Plan+1","Venomology","Dagger Throw","Tools of the Trade","Decay","Shame","Shame","Noxious Fumes+1","Dagger Throw","Backflip","Acrobatics+1","Underhanded Strike","Noxious Fumes"],"relics":["Velvet Choker","Bronze Scales","Tough Bandages","Blood Vial","Snake Skull","Golden Idol","Calling Bell","Happy Flower","Mummified Hand","Pocketwatch","Art of War","Bag of Preparation"],"potions_floor_usage":[16,16,20,20,21,21,22,27,27,27],"damage_taken":[{"damage":7,"enemies":"Jaw Worm","floor":1,"turns":4},{"damage":0,"enemies":"Cultist","floor":5,"turns":4},{"damage":36,"enemies":"3 Sentries","floor":7,"turns":20},{"damage":29,"enemies":"Lagavulin","floor":10,"turns":12},{"damage":2,"enemies":"Small Slimes","floor":14,"turns":5},{"damage":15,"enemies":"The Guardian","floor":16,"turns":17},{"damage":1,"enemies":"3 Byrds","floor":18,"turns":3},{"damage":10,"enemies":"2 Thieves","floor":20,"turns":5},{"damage":17,"enemies":"Snecko","floor":21,"turns":6},{"damage":32,"enemies":"Sentry and Sphere","floor":22,"turns":9},{"damage":12,"enemies":"Snake Plant","floor":24,"turns":5},{"damage":1,"enemies":"Chosen and Byrds","floor":27,"turns":7},{"damage":15,"enemies":"Cultist and Chosen","floor":28,"turns":4}],"seed_played":"-995945885308813623","potions_obtained":[{"floor":1,"key":"Explosive Potion"},{"floor":10,"key":"Block Potion"},{"floor":14,"key":"Block Potion"},{"floor":16,"key":"SkillPotion"},{"floor":18,"key":"Weak Potion"},{"floor":22,"key":"Strength Potion"},{"floor":27,"key":"Explosive Potion"}],"is_trial":false,"path_per_floor":["M","$","?","$","M","R","E","R","T","E","?","?","R","M","R","B",null,"M","$","M","M","M","R","M","R","T","M","M"],"character_chosen":"THE_SILENT","items_purchased":["Blur","Noxious Fumes","Art of War"],"campfire_rested":3,"item_purchase_floors":[2,19,19],"current_hp_per_floor":[56,56,56,56,56,56,20,41,41,14,2,2,21,21,21,23,55,56,56,48,33,3,22,12,12,12,13,0],"gold":195,"neow_bonus":"BOSS_RELIC","is_prod":false,"is_daily":false,"chose_seed":false,"campfire_upgraded":3,"win_rate":0,"timestamp":1548573675,"path_taken":["M","$","?","?","M","R","E","R","T","E","?","?","R","M","R","BOSS","M","$","M","M","M","R","M","R","T","M","M"],"build_version":"2019-01-23","purchased_purges":0,"victory":false,"max_hp_per_floor":[70,70,70,70,70,70,70,70,70,70,70,65,65,65,65,65,65,65,65,65,65,65,65,65,65,65,65,65],"card_choices":[{"not_picked":["Flying Knee","Tactician"],"picked":"Dodge and Roll","floor":1},{"not_picked":["Concentrate","Prepared"],"picked":"Well Laid Plans","floor":5},{"not_picked":["Tactician","Poisoned Stab"],"picked":"Escape Plan","floor":7},{"not_picked":["Escape Plan","Setup"],"picked":"Venomology","floor":10},{"not_picked":["Sucker Punch","Deadly Poison"],"picked":"Dagger Throw","floor":14},{"not_picked":["Night Terror","Storm of Steel"],"picked":"Tools of the Trade","floor":16},{"not_picked":["Flying Knee","Poisoned Stab","Well Laid Plans"],"picked":"SKIP","floor":18},{"not_picked":["Quick Slash","Well Laid Plans"],"picked":"Dagger Throw","floor":20},{"not_picked":["Sucker Punch","Bane"],"picked":"Backflip","floor":21},{"not_picked":["Concentrate","Heel Hook"],"picked":"Acrobatics+1","floor":22},{"not_picked":["Backflip+1","Masterful Stab"],"picked":"Underhanded Strike","floor":24},{"not_picked":["Setup+1","Acrobatics"],"picked":"Noxious Fumes","floor":27}],"player_experience":319410,"relics_obtained":[{"floor":7,"key":"Tough Bandages"},{"floor":9,"key":"Blood Vial"},{"floor":10,"key":"Snake Skull"},{"floor":17,"key":"Happy Flower"},{"floor":17,"key":"Mummified Hand"},{"floor":17,"key":"Pocketwatch"},{"floor":26,"key":"Bag of Preparation"}],"event_choices":[{"damage_healed":0,"gold_gain":0,"player_choice":"Gave Potion","damage_taken":0,"relics_obtained":["Bronze Scales"],"max_hp_gain":0,"max_hp_loss":0,"event_name":"WeMeetAgain","floor":3,"gold_loss":0},{"damage_healed":0,"gold_gain":0,"player_choice":"Fled","damage_taken":12,"max_hp_gain":0,"max_hp_loss":0,"event_name":"Scrap Ooze","floor":11,"gold_loss":0},{"damage_healed":0,"gold_gain":0,"player_choice":"Lose Max HP","damage_taken":0,"relics_obtained":["Golden Idol"],"max_hp_gain":0,"max_hp_loss":5,"event_name":"Golden Idol","floor":12,"gold_loss":0}],"is_beta":false,"boss_relics":[{"not_picked":["Fusion Hammer","Black Star"],"picked":"Calling Bell"}],"items_purged_floors":[],"is_endless":false,"potions_floor_spawned":[1,10,14,16,18,22,27],"killed_by":"Cultist and Chosen","ascension_level":8}