{"gold_per_floor":[212,222,237,87,103,130,148,148,171,171,246,259,292,292,304,417,429,461,473,500,512,424,424,451,470,470,470,470,470,90,105,105,210,210,221,33,47,57,57,57,86,105,105,123,157,50,150,165,165,165],"floor_reached":51,"playtime":3430,"items_purged":["Strike_R","Pain","Bite","Bash"],"score":862,"play_id":"b99d6fbc-9dea-49ab-a937-413158798c5a","local_time":"20190317200013","is_ascension_mode":false,"campfire_choices":[{"data":"Disarm","floor":8,"key":"SMITH"},{"data":"Flame Barrier","floor":10,"key":"SMITH"},{"data":"Cleave","floor":15,"key":"SMITH"},{"data":"Feel No Pain","floor":23,"key":"SMITH"},{"data":"Body Slam","floor":29,"key":"SMITH"},{"data":"Iron Wave","floor":32,"key":"SMITH"},{"data":"Impervious","floor":40,"key":"SMITH"},{"data":"Flame Barrier","floor":49,"key":"SMITH"}],"neow_cost":"NONE","seed_source_timestamp":157690498329669,"circlet_count":0,"master_deck":["Defend_R+1","Defend_R","Defend_R","Defend_R+1","Flame Barrier+1","Disarm+1","Iron Wave+1","Feel No Pain+1","Cleave+1","Juggernaut+1","Impervious+1","Armaments+1","Iron Wave+1","Body Slam+1","Bite","Bite","Bite","Bite","Sentinel+1","Barricade+1","Combust+1","Exhume","Metallicize+1","Metallicize+1","Flame Barrier+1"],"relics":["Burning Blood","Frozen Egg 2","Happy Flower","Lantern","MawBank","Lizard Tail","WarpedTongs","War Paint","Gambling Chip","Magic Flower","Self Forming Clay","Snecko Eye","Nunchaku","Shuriken","Dodecahedron","Du-Vu Doll"],"potions_floor_usage":[24,33,33,33],"damage_taken":[{"damage":2,"enemies":"Small Slimes","floor":1,"turns":3},{"damage":5,"enemies":"Jaw Worm","floor":2,"turns":4},{"damage":3,"enemies":"2 Louse","floor":3,"turns":3},{"damage":12,"enemies":"Lots of Slimes","floor":5,"turns":7},{"damage":27,"enemies":"3 Sentries","floor":6,"turns":9},{"damage":6,"enemies":"Looter","floor":7,"turns":4},{"damage":3,"enemies":"Large Slime","floor":12,"turns":6},{"damage":0,"enemies":"Lagavulin","floor":13,"turns":7},{"damage":27,"enemies":"The Guardian","floor":16,"turns":12},{"damage":21,"enemies":"Spheric Guardian","floor":18,"turns":7},{"damage":0,"enemies":"3 Byrds","floor":20,"turns":6},{"damage":6,"enemies":"Book of Stabbing","floor":24,"turns":7},{"damage":3,"enemies":"Centurion and Healer","floor":25,"turns":7},{"damage":0,"enemies":"Chosen and Byrds","floor":31,"turns":5},{"damage":86,"enemies":"Champ","floor":33,"turns":17},{"damage":1,"enemies":"Orb Walker","floor":35,"turns":4},{"damage":2,"enemies":"3 Darklings","floor":37,"turns":4},{"damage":0,"enemies":"4 Shapes","floor":38,"turns":7},{"damage":6,"enemies":"Giant Head","floor":41,"turns":7},{"damage":26,"enemies":"Transient","floor":42,"turns":5},{"damage":0,"enemies":"Maw","floor":44,"turns":9},{"damage":0,"enemies":"Reptomancer","floor":45,"turns":7},{"damage":3,"enemies":"Mind Bloom Boss Battle","floor":47,"turns":5},{"damage":2,"enemies":"4 Shapes","floor":48,"turns":3},{"damage":22,"enemies":"Donu and Deca","floor":50,"turns":8}],"seed_played":"216273761605255024","potions_obtained":[{"floor":3,"key":"SkillPotion"},{"floor":5,"key":"PowerPotion"},{"floor":12,"key":"EssenceOfSteel"},{"floor":16,"key":"Block Potion"},{"floor":18,"key":"Regen Potion"},{"floor":24,"key":"EssenceOfSteel"},{"floor":25,"key":"Block Potion"},{"floor":38,"key":"FearPotion"},{"floor":42,"key":"SneckoOil"},{"floor":48,"key":"Poison Potion"}],"is_trial":false,"path_per_floor":["?","T","?","M","?","?","?","$","M","$","?"],"character_chosen":"IRONCLAD","items_purchased":["Feel No Pain","Self Forming Clay","Combust+1","Metallicize+1","Flame Barrier"],"campfire_rested":0,"item_purchase_floors":[4,30,36,46,46],"current_hp_per_floor":[80,80,80,80,74,53,53,53,53,53,42,45,51,51,51,30,80,65,65,71,71,71,71,71,74,74,56,56,56,56,56,56,17,56,56,56,56,56,56,56,56,56,56,56,56,56,56,56,56,56],"gold":165,"neow_bonus":"HUNDRED_GOLD","is_prod":false,"is_daily":false,"chose_seed":false,"campfire_upgraded":8,"win_rate":0,"timestamp":1552867213,"path_taken":["M","M","M","$","M","E","M","R","T","R","?","M","E","?","R","BOSS","M","?","?","?","$","R","E","M","T","?","?","R","$","M","R","BOSS","M","?","?","M","?","R","E","M","T","M","E","$","?","M","R","BOSS"],"build_version":"2019-01-23","purchased_purges":4,"victory":true,"max_hp_per_floor":[80,80,80,80,80,80,80,80,80,80,80,80,80,80,80,80,80,80,80,80,80,80,80,80,80,80,56,56,56,56,56,56,56,56,56,56,56,56,56,56,56,56,56,56,56,56,56,56,56,56],"card_choices":[{"not_picked":["Sword Boomerang","Armaments"],"picked":"Flame Barrier","floor":1},{"not_picked":["Pommel Strike","Inflame"],"picked":"Disarm","floor":2},{"not_picked":["Pommel Strike","Clash"],"picked":"Iron Wave","floor":3},{"not_picked":["Rage","Fire Breathing"],"picked":"Cleave","floor":5},{"not_picked":["Body Slam","Flex"],"picked":"Juggernaut","floor":6},{"not_picked":["Flex","Sword Boomerang","Sever Soul"],"picked":"SKIP","floor":7},{"not_picked":["Havoc","Second Wind","Dropkick"],"picked":"SKIP","floor":12},{"not_picked":["Uppercut","Sword Boomerang","Infernal Blade"],"picked":"SKIP","floor":13},{"not_picked":["Exhume","Immolate"],"picked":"Impervious","floor":16},{"not_picked":["Inflame+1","Sword Boomerang+1"],"picked":"Armaments+1","floor":18},{"not_picked":["Warcry","Thunderclap+1","Flex+1"],"picked":"SKIP","floor":20},{"not_picked":["Hemokinesis","Wild Strike+1"],"picked":"Iron Wave+1","floor":24},{"not_picked":["Spot Weakness","Warcry+1"],"picked":"Body Slam","floor":25},{"not_picked":["Limit Break","Twin Strike"],"picked":"Sentinel+1","floor":31},{"not_picked":["Juggernaut+1","Double Tap"],"picked":"Barricade+1","floor":33},{"not_picked":["Heavy Blade+1","Thunderclap+1","Clothesline+1"],"picked":"SKIP","floor":35},{"not_picked":["Rage","Burning Pact","Clash"],"picked":"SKIP","floor":37},{"not_picked":["Rage","Burning Pact","Clash"],"picked":"SKIP","floor":37},{"not_picked":["Ghostly Armor+1","Warcry","Armaments+1"],"picked":"SKIP","floor":38},{"not_picked":["Warcry+1","Pommel Strike+1","Perfected Strike+1"],"picked":"SKIP","floor":41},{"not_picked":["Clash","Clothesline+1"],"picked":"Exhume","floor":42},{"not_picked":["Clothesline+1","Iron Wave+1"],"picked":"Metallicize+1","floor":44},{"not_picked":["Corruption+1","Flex","Headbutt+1"],"picked":"SKIP","floor":45},{"not_picked":["Twin Strike","Armaments","Perfected Strike"],"picked":"SKIP","floor":48}],"player_experience":720004,"relics_obtained":[{"floor":6,"key":"Frozen Egg 2"},{"floor":9,"key":"Happy Flower"},{"floor":13,"key":"Lantern"},{"floor":14,"key":"MawBank"},{"floor":24,"key":"Gambling Chip"},{"floor":26,"key":"Magic Flower"},{"floor":41,"key":"Nunchaku"},{"floor":43,"key":"Shuriken"},{"floor":45,"key":"Dodecahedron"},{"floor":47,"key":"Du-Vu Doll"}],"event_choices":[{"damage_healed":0,"gold_gain":75,"player_choice":"Gather Gold","damage_taken":11,"max_hp_gain":0,"max_hp_loss":0,"event_name":"World of Goop","floor":11,"gold_loss":0},{"damage_healed":0,"gold_gain":0,"player_choice":"Rummage","damage_taken":0,"relics_obtained":["WarpedTongs"],"max_hp_gain":0,"max_hp_loss":0,"event_name":"Accursed Blacksmith","floor":19,"gold_loss":0,"cards_obtained":["Pain"]},{"damage_healed":0,"gold_gain":0,"player_choice":"Opened","damage_taken":0,"relics_obtained":["War Paint"],"max_hp_gain":0,"max_hp_loss":0,"event_name":"The Mausoleum","floor":21,"gold_loss":0,"cards_obtained":["Writhe"]},{"damage_healed":0,"gold_gain":0,"player_choice":"Became a vampire","damage_taken":0,"max_hp_gain":0,"max_hp_loss":24,"event_name":"Vampires","floor":27,"gold_loss":0,"cards_obtained":["Bite","Bite","Bite","Bite","Bite"]},{"cards_removed":["Writhe"],"damage_healed":0,"gold_gain":0,"player_choice":"Purged","damage_taken":0,"max_hp_gain":0,"max_hp_loss":0,"event_name":"Purifier","floor":28,"gold_loss":0},{"damage_healed":0,"gold_gain":0,"player_choice":"Fight","damage_taken":0,"max_hp_gain":0,"max_hp_loss":0,"event_name":"MindBloom","floor":47,"gold_loss":0}],"is_beta":false,"boss_relics":[{"not_picked":["Mark of Pain","Fusion Hammer"],"picked":"Lizard Tail"},{"not_picked":["Calling Bell","Eternal Feather"],"picked":"Snecko Eye"}],"items_purged_floors":[4,22,30,36],"is_endless":false,"potions_floor_spawned":[3,5,12,13,16,18,24,25,38,42,48],"ascension_level":0}