{"gold_per_floor":[215,230,230,242,24,24,99,133,133,133,0,30,61,86,98,185,197,228,43,43,43,43,56,56,74,99,0,0,11,11],"floor_reached":30,"playtime":1276,"items_purged":[],"score":426,"play_id":"8ea13d8f-f242-436b-9754-0dfeba41e076","local_time":"20181018163859","is_ascension_mode":true,"campfire_choices":[{"data":"All Out Attack","floor":6,"key":"SMITH"},{"floor":15,"key":"REST"},{"data":"Night Terror","floor":24,"key":"SMITH"}],"neow_cost":"NONE","seed_source_timestamp":28484498656569,"circlet_count":0,"master_deck":["Defend_G","Defend_G","Defend_G","Defend_G","Defend_G","Strike_G","Strike_G","Survivor","Neutralize","AscendersBane","Backflip","Backflip","Reflex","All Out Attack+1","Calculated Gamble","Deflect","Bandage Up","Escape Plan","Prepared","Sucker Punch","Venomology","Acrobatics","Tactician","Prepared","Leg Sweep","Acrobatics","A Thousand Cuts","Underhanded Strike","Night Terror+1","Adrenaline","Flying Knee+1","Reflex","Backflip"],"relics":["Ring of the Snake","Du-Vu Doll","Blue Candle","FossilizedHelix","MawBank","Orrery","Pen Nib"],"potions_floor_usage":[8,12,12,16,18,18,23,25,25,28,30,30],"damage_taken":[{"damage":2,"enemies":"Cultist","floor":1,"turns":4},{"damage":4,"enemies":"Small Slimes","floor":2,"turns":4},{"damage":3,"enemies":"2 Louse","floor":4,"turns":3},{"damage":17,"enemies":"3 Sentries","floor":8,"turns":6},{"damage":16,"enemies":"Lagavulin","floor":12,"turns":7},{"damage":0,"enemies":"2 Fungi Beasts","floor":13,"turns":3},{"damage":0,"enemies":"Red Slaver","floor":14,"turns":4},{"damage":28,"enemies":"Hexaghost","floor":16,"turns":13},{"damage":7,"enemies":"3 Byrds","floor":18,"turns":4},{"damage":24,"enemies":"Chosen","floor":23,"turns":5},{"damage":6,"enemies":"Snake Plant","floor":25,"turns":5},{"damage":19,"enemies":"Book of Stabbing","floor":28,"turns":6},{"damage":17,"enemies":"Shelled Parasite and Fungi","floor":29,"turns":6},{"damage":10,"enemies":"Snecko","floor":30,"turns":4}],"seed_played":"-7031749340222350438","potions_obtained":[{"floor":12,"key":"PowerPotion"},{"floor":13,"key":"Explosive Potion"},{"floor":23,"key":"Poison Potion"},{"floor":29,"key":"Block Potion"}],"is_trial":false,"path_per_floor":["M","M","?","M","$","R","?","E","T","?","$","E","M","M","R","B",null,"M","$","?","$","$","M","R","M","T","?","E","M"],"character_chosen":"THE_SILENT","items_purchased":["All Out Attack","Calculated Gamble","Fire Potion","Block Potion","PowerPotion","Bandage Up","A Thousand Cuts","Underhanded Strike"],"campfire_rested":1,"item_purchase_floors":[5,5,5,5,11,11,19,19],"current_hp_per_floor":[61,57,45,42,42,42,31,14,14,14,14,2,6,10,31,7,54,51,51,51,51,51,31,31,29,29,29,14,1,0],"gold":11,"neow_bonus":"HUNDRED_GOLD","is_prod":false,"is_daily":false,"chose_seed":false,"campfire_upgraded":2,"win_rate":0,"timestamp":1539895139,"path_taken":["M","?","?","?","?","R","?","E","T","?","$","E","?","M","R","BOSS","M","$","?","?","$","M","R","M","T","?","E","M","M"],"build_version":"2018-10-17v3","purchased_purges":0,"victory":false,"max_hp_per_floor":[70,70,70,70,70,70,70,70,70,70,70,70,70,70,70,70,70,70,70,70,70,70,70,70,70,70,70,70,70,70],"card_choices":[{"not_picked":["Blade Dance","Underhanded Strike"],"picked":"Backflip","floor":1},{"not_picked":["Slice","Flying Knee"],"picked":"Backflip","floor":2},{"not_picked":["Endless Agony","Accuracy"],"picked":"Reflex","floor":4},{"not_picked":["Riddle With Holes","Flechettes"],"picked":"Deflect","floor":8},{"not_picked":["Caltrops","Bullet Time"],"picked":"Escape Plan","floor":12},{"not_picked":["Dodge and Roll","PiercingWail"],"picked":"Prepared","floor":13},{"not_picked":["Bane","Deadly Poison"],"picked":"Sucker Punch","floor":14},{"not_picked":["Grand Finale","Bullet Time"],"picked":"Venomology","floor":16},{"not_picked":["Bane","Dagger Spray"],"picked":"Acrobatics","floor":17},{"not_picked":["Terror","Underhanded Strike"],"picked":"Tactician","floor":17},{"not_picked":["Caltrops","Cloak And Dagger"],"picked":"Prepared","floor":17},{"not_picked":["Caltrops","Deflect"],"picked":"Leg Sweep","floor":17},{"not_picked":["Heel Hook","Cloak And Dagger"],"picked":"Acrobatics","floor":18},{"not_picked":["Cloak And Dagger","Grand Finale"],"picked":"Flying Knee+1","floor":23},{"not_picked":["Dodge and Roll","Poisoned Stab+1"],"picked":"Reflex","floor":25},{"not_picked":["Accuracy","Noxious Fumes"],"picked":"Backflip","floor":29}],"player_experience":367491,"relics_obtained":[{"floor":8,"key":"Blue Candle"},{"floor":9,"key":"FossilizedHelix"},{"floor":12,"key":"MawBank"},{"floor":26,"key":"Pen Nib"}],"event_choices":[{"damage_healed":0,"gold_gain":0,"player_choice":"Success","damage_taken":12,"relics_obtained":["Du-Vu Doll"],"max_hp_gain":0,"max_hp_loss":0,"event_name":"Scrap Ooze","floor":3,"gold_loss":0},{"damage_healed":0,"gold_gain":75,"player_choice":"Gather Gold","damage_taken":11,"max_hp_gain":0,"max_hp_loss":0,"event_name":"World of Goop","floor":7,"gold_loss":0},{"cards_removed":["Strike_G"],"damage_healed":0,"gold_gain":0,"player_choice":"Purged","damage_taken":0,"max_hp_gain":0,"max_hp_loss":0,"event_name":"Purifier","floor":10,"gold_loss":0},{"damage_healed":0,"gold_gain":0,"cards_transformed":["Strike_G","Strike_G"],"player_choice":"Became Test Subject","damage_taken":0,"max_hp_gain":0,"max_hp_loss":0,"event_name":"Drug Dealer","floor":20,"gold_loss":0,"cards_obtained":["Night Terror","Adrenaline"]},{"damage_healed":0,"gold_gain":0,"player_choice":"Paid Fearfully","damage_taken":0,"max_hp_gain":0,"max_hp_loss":0,"event_name":"Masked Bandits","floor":27,"gold_loss":99}],"is_beta":true,"boss_relics":[{"not_picked":["Empty Cage","Runic Pyramid"],"picked":"Orrery"}],"items_purged_floors":[],"is_endless":false,"potions_floor_spawned":[12,13,23,28,29],"killed_by":"Snecko","ascension_level":13}