{"gold_per_floor":[116,133,143,143,52,82,101,101,177,205,222,242,253,108,108,206,206,222,239,47,57,57,57,57,57,57,74,93,93,117,133,133,133],"floor_reached":33,"playtime":1743,"items_purged":[],"score":261,"play_id":"654d9db5-25fb-4d6e-af23-f5a964d57ded","local_time":"20180729161349","is_ascension_mode":false,"campfire_choices":[{"floor":8.0,"key":"REST"},{"floor":15,"key":"REST"},{"floor":23,"key":"REST"},{"data":"Heavy Blade","floor":25,"key":"SMITH"},{"floor":29,"key":"REST"},{"floor":32,"key":"REST"}],"neow_cost":"NONE","seed_source_timestamp":250629117071847,"circlet_count":0,"master_deck":["Strike_R","Strike_R","Strike_R","Strike_R","Strike_R","Defend_R","Defend_R","Defend_R","Defend_R","Bash","Limit Break+1","Spot Weakness","Flex","Twin Strike","Whirlwind","Shrug It Off","Whirlwind","Sword Boomerang","Flex","Cleave","Double Tap","Sword Boomerang","Heavy Blade+1","Deep Breath","Reaper","Sword Boomerang","Battle Trance","Reaper","Writhe","Perfected Strike","Anger","Iron Wave+1"],"special_seed":0,"relics":["Burning Blood","Peace Pipe","Mercury Hourglass","Pen Nib","Runic Cube","DollysMirror","Paper Frog","Matryoshka","Red Skull","Blood Vial"],"potions_floor_usage":[16],"damage_taken":[{"damage":12.0,"enemies":"Cultist","floor":1.0,"turns":6.0},{"damage":5.0,"enemies":"Small Slimes","floor":2.0,"turns":5.0},{"damage":0.0,"enemies":"2 Louse","floor":3.0,"turns":3.0},{"damage":43.0,"enemies":"Lagavulin","floor":6.0,"turns":7.0},{"damage":12.0,"enemies":"Exordium Thugs","floor":7.0,"turns":4.0},{"damage":8.0,"enemies":"3 Sentries","floor":10.0,"turns":2.0},{"damage":16.0,"enemies":"Blue Slaver","floor":11.0,"turns":3.0},{"damage":5.0,"enemies":"Looter","floor":12.0,"turns":2.0},{"damage":0,"enemies":"Exordium Thugs","floor":13,"turns":3},{"damage":22,"enemies":"Slime Boss","floor":16,"turns":6},{"damage":30,"enemies":"Shell Parasite","floor":18,"turns":3},{"damage":13,"enemies":"Chosen","floor":19,"turns":5},{"damage":39,"enemies":"Sentry and Sphere","floor":21,"turns":5},{"damage":28,"enemies":"3 Cultists","floor":27,"turns":4},{"damage":42,"enemies":"Snake Plant","floor":28,"turns":4},{"damage":30,"enemies":"Sentry and Sphere","floor":31,"turns":4},{"damage":133,"enemies":"Collector","floor":33,"turns":7}],"seed_played":"-2137049182016133649","potions_obtained":[{"floor":6.0,"key":"FearPotion"},{"floor":10.0,"key":"Swift Potion"},{"floor":12,"key":"Strength Potion"},{"floor":16,"key":"Swift Potion"},{"floor":19,"key":"Strength Potion"},{"floor":21,"key":"AttackPotion"}],"is_trial":false,"path_per_floor":["M","M","M","?","$","E","M","R","T","E","M","M","M","$","R","B",null,"M","M","$","M","?","R","?","R","T","M","M","R","T","M","R"],"character_chosen":"IRONCLAD","items_purchased":["Whirlwind","Shrug It Off","Heavy Blade","Deep Breath","DollysMirror"],"campfire_rested":5,"item_purchase_floors":[5,5,14,14,20],"current_hp_per_floor":[74,75,80,80,80,43,37,61,61,59,49,50,56,56,80,64,80,62,63,63,46,46,70,90,90,90,78,51,78,78,60,87,0],"gold":133,"neow_bonus":"ONE_RANDOM_RARE_CARD","is_prod":false,"is_daily":false,"chose_seed":false,"campfire_upgraded":1,"win_rate":0.0,"timestamp":1532902429,"path_taken":["M","M","M","?","$","E","M","R","T","E","M","M","M","$","R","BOSS","M","M","$","M","?","R","?","R","T","M","M","R","?","M","R","BOSS"],"build_version":"2018-07-26","purchased_purges":0,"victory":false,"max_hp_per_floor":[80,80,80,80,80,80,80,80,80,80,80,80,80,80,80,80,80,80,80,80,80,80,80,90,90,90,90,90,90,90,90,90,90],"card_choices":[{"not_picked":["Clothesline","Iron Wave"],"picked":"Spot Weakness","floor":1.0},{"not_picked":["Pommel Strike","Clothesline"],"picked":"Flex","floor":2.0},{"not_picked":["Second Wind","Rupture"],"picked":"Twin Strike","floor":3.0},{"not_picked":["Pommel Strike","Berserk"],"picked":"Whirlwind","floor":6.0},{"not_picked":["Feel No Pain","Rampage"],"picked":"Sword Boomerang","floor":7.0},{"not_picked":["Clash","Iron Wave"],"picked":"Flex","floor":10.0},{"not_picked":["Pommel Strike","Thunderclap"],"picked":"Cleave","floor":11.0},{"not_picked":["Thunderclap","Evolve"],"picked":"Double Tap","floor":12},{"not_picked":["Infernal Blade","Cleave"],"picked":"Sword Boomerang","floor":13},{"not_picked":["Bludgeon","Immolate"],"picked":"Reaper","floor":16},{"not_picked":["Blood for Blood","True Grit"],"picked":"Sword Boomerang","floor":18},{"not_picked":["True Grit","Headbutt"],"picked":"Battle Trance","floor":19},{"not_picked":["Combust","Thunderclap"],"picked":"Reaper","floor":21},{"not_picked":["Evolve","Pommel Strike"],"picked":"Perfected Strike","floor":27},{"not_picked":["Evolve","Body Slam"],"picked":"Anger","floor":28},{"not_picked":["Body Slam","Rage"],"picked":"Iron Wave+1","floor":31}],"player_experience":71086,"relics_obtained":[{"floor":6.0,"key":"Peace Pipe"},{"floor":9.0,"key":"Mercury Hourglass"},{"floor":10.0,"key":"Pen Nib"},{"floor":26,"key":"Matryoshka"},{"floor":30,"key":"Red Skull"},{"floor":30,"key":"Blood Vial"}],"event_choices":[{"event_name":"Accursed Blacksmith","player_choice":"Forge","floor":4.0,"damage_taken":0.0},{"event_name":"The Mausoleum","player_choice":"Yes","floor":22,"damage_taken":0},{"event_name":"Bonfire Elementals","player_choice":"RARE","floor":24,"damage_taken":0}],"is_beta":false,"boss_relics":[{"not_picked":["Calling Bell","Cursed Key"],"picked":"Runic Cube"}],"items_purged_floors":[],"is_endless":false,"potions_floor_spawned":[6,10,12,16,19,21],"killed_by":"Collector","ascension_level":0}