{"gold_per_floor":[116,135,32,32,7,7,33,33,33,59,69,83,10,21,21,116,116,135,161,171,171,191,222,46,46],"floor_reached":25,"playtime":1152,"items_purged":[],"score":231,"play_id":"4e2157b7-81dc-499f-918d-2393717aad65","local_time":"20180802142915","is_ascension_mode":false,"campfire_choices":[{"data":"Anger","floor":6,"key":"SMITH"},{"data":"Spot Weakness","floor":8,"key":"SMITH"},{"data":"Iron Wave","floor":15,"key":"SMITH"}],"neow_cost":"","seed_source_timestamp":102776054327192,"circlet_count":0,"master_deck":["Strike_R","Strike_R","Defend_R","Defend_R","Defend_R","Bash","Shrug It Off","Anger+1","Flash of Steel","Twin Strike","Clothesline","Spot Weakness+1","Rage+1","Cleave","Cleave","Infernal Blade+1","Iron Wave+1","Demon Form","Heavy Blade+1","Seeing Red+1","Juggernaut+1","Intimidate+1","Heavy Blade+1","Cleave","Infernal Blade+1","Searing Blow","Madness+1","Carnage"],"relics":["Burning Blood","Oddly Smooth Stone","Ornamental Fan","Toxic Egg 2","Astrolabe","Red Mask","Bottled Lightning"],"potions_floor_usage":[7,16,16,19,23],"damage_taken":[{"damage":1,"enemies":"Cultist","floor":1,"turns":3},{"damage":8,"enemies":"2 Louse","floor":2,"turns":3},{"damage":9,"enemies":"3 Sentries","floor":7,"turns":6},{"damage":16,"enemies":"Lagavulin","floor":10,"turns":5},{"damage":5,"enemies":"Jaw Worm","floor":11,"turns":2},{"damage":0,"enemies":"2 Fungi Beasts","floor":12,"turns":2},{"damage":9,"enemies":"Exordium Wildlife","floor":14,"turns":3},{"damage":20,"enemies":"Hexaghost","floor":16,"turns":9},{"damage":3,"enemies":"Shell Parasite","floor":18,"turns":3},{"damage":9,"floor":19,"turns":4},{"damage":0,"enemies":"Chosen","floor":20,"turns":4},{"damage":29,"enemies":"Centurion and Healer","floor":22,"turns":5},{"damage":39,"enemies":"Gremlin Leader","floor":23,"turns":6},{"damage":40,"enemies":"Snecko","floor":25,"turns":5}],"seed_played":"6656693356496060629","potions_obtained":[{"floor":1,"key":"AttackPotion"},{"floor":10,"key":"Weak Potion"},{"floor":11,"key":"AttackPotion"},{"floor":18,"key":"Poison Potion"},{"floor":20,"key":"EssenceOfSteel"}],"is_trial":false,"path_per_floor":["M","M","$","?","$","R","E","R","T","E","M","M","$","M","R","B",null,"M","?","M","?","M","E","$"],"character_chosen":"IRONCLAD","items_purchased":["Flash of Steel","Clothesline","Infernal Blade+1","Madness+1","Carnage"],"campfire_rested":0,"item_purchase_floors":[3,5,13,24,24],"current_hp_per_floor":[80,78,78,78,78,78,75,75,75,65,66,72,72,69,69,59,80,83,80,83,83,60,27,27,0],"gold":46,"neow_bonus":"","is_prod":false,"is_daily":false,"chose_seed":false,"campfire_upgraded":3,"win_rate":0,"timestamp":1533241755,"path_taken":["M","?","$","?","$","R","E","R","T","E","M","M","?","M","R","BOSS","M","?","M","?","?","E","$","M"],"build_version":"2018-07-26","purchased_purges":0,"victory":false,"max_hp_per_floor":[80,80,80,80,80,80,80,80,80,80,80,80,80,80,80,80,80,83,83,83,83,83,83,83,83],"card_choices":[{"not_picked":["Uppercut","Flex"],"picked":"Shrug It Off","floor":1},{"not_picked":["Reckless Charge","Evolve"],"picked":"Anger","floor":2},{"not_picked":["Evolve","Reckless Charge"],"picked":"Spot Weakness","floor":7},{"not_picked":["Clash","Hemokinesis"],"picked":"Rage","floor":10},{"not_picked":["Heavy Blade","Rage+1"],"picked":"Cleave","floor":11},{"not_picked":["Sentinel+1","Disarm+1"],"picked":"Cleave","floor":12},{"not_picked":["Reckless Charge","Wild Strike"],"picked":"Iron Wave","floor":14},{"not_picked":["Double Tap+1","Juggernaut"],"picked":"Demon Form","floor":16},{"not_picked":["Thunderclap+1","Second Wind+1"],"picked":"Intimidate+1","floor":18},{"not_picked":["Metallicize","Cleave"],"picked":"Heavy Blade+1","floor":19},{"not_picked":["Rampage","Disarm+1"],"picked":"Cleave","floor":20},{"not_picked":["Clash+1","Disarm+1"],"picked":"Searing Blow","floor":22},{"not_picked":["Rupture+1","Exhume+1","Uppercut"],"picked":"SKIP","floor":23}],"player_experience":159324,"relics_obtained":[{"floor":7,"key":"Oddly Smooth Stone"},{"floor":9,"key":"Ornamental Fan"},{"floor":10,"key":"Toxic Egg 2"},{"floor":19,"key":"Red Mask"},{"floor":23,"key":"Bottled Lightning"}],"event_choices":[{"event_name":"Living Wall","player_choice":"Change","floor":4,"damage_taken":0},{"event_name":"Masked Bandits","player_choice":"Fought over 135 gold","floor":19,"damage_taken":0},{"event_name":"Duplicator","player_choice":"One dupe","floor":21,"damage_taken":0}],"is_beta":false,"boss_relics":[{"not_picked":["White Beast Statue","Mark of Pain"],"picked":"Astrolabe"}],"items_purged_floors":[],"is_endless":false,"potions_floor_spawned":[1,10,11,18,20],"killed_by":"Snecko","ascension_level":0}