{"gold_per_floor":[110,122,122,122,139,166,176,176,228,228,242,242,274,305,317,329],"floor_reached":16,"playtime":690,"items_purged":[],"score":162,"play_id":"75dee2a0-5dee-4cfc-8764-e46fe9d90cbb","local_time":"20190326165146","is_ascension_mode":true,"campfire_choices":[{"data":"Clothesline","floor":8,"key":"SMITH"},{"floor":10,"key":"REST"},{"data":"Shockwave","floor":12,"key":"SMITH"},{"data":"Defend_R","floor":15,"key":"SMITH"}],"neow_cost":"NONE","seed_source_timestamp":926731548002593,"circlet_count":0,"master_deck":["Strike_R","Strike_R","Strike_R","Strike_R","Strike_R","Defend_R","Defend_R","Defend_R","Defend_R+1","Bash+1","Offering","Clothesline+1","Shockwave+1","Dropkick"],"relics":["Burning Blood","Darkstone Periapt","Bag of Preparation","MawBank"],"potions_floor_usage":[16,16],"damage_taken":[{"damage":5,"enemies":"Small Slimes","floor":1,"turns":3},{"damage":0,"enemies":"2 Louse","floor":2,"turns":4},{"damage":6,"enemies":"Cultist","floor":5,"turns":2},{"damage":56,"enemies":"Lagavulin","floor":6,"turns":7},{"damage":10,"enemies":"Blue Slaver","floor":7,"turns":3},{"damage":4,"enemies":"Large Slime","floor":11,"turns":7},{"damage":26,"enemies":"Gremlin Nob","floor":13,"turns":5},{"damage":5,"enemies":"3 Louse","floor":14,"turns":4},{"damage":51,"enemies":"Slime Boss","floor":16,"turns":7}],"seed_played":"4803296140473476362","potions_obtained":[{"floor":6,"key":"Poison Potion"},{"floor":7,"key":"FearPotion"},{"floor":11,"key":"SkillPotion"}],"is_trial":false,"path_per_floor":["?","?"],"character_chosen":"IRONCLAD","items_purchased":[],"campfire_rested":1,"item_purchase_floors":[],"current_hp_per_floor":[81,87,92,92,92,42,38,38,38,65,67,67,47,48,48,0],"gold":329,"neow_bonus":"TEN_PERCENT_HP_BONUS","is_prod":false,"is_daily":false,"chose_seed":false,"campfire_upgraded":3,"win_rate":0,"timestamp":1553633506,"path_taken":["M","M","?","?","M","E","M","R","T","R","M","R","E","M","R","BOSS"],"build_version":"2019-01-23","purchased_purges":0,"victory":false,"max_hp_per_floor":[88,88,93,93,93,93,93,93,93,93,93,93,93,93,93,93],"card_choices":[{"not_picked":["Heavy Blade","Body Slam","Wild Strike"],"picked":"SKIP","floor":1},{"not_picked":["Flex","Pommel Strike"],"picked":"Offering","floor":2},{"not_picked":["Power Through","Thunderclap","Cleave"],"picked":"SKIP","floor":5},{"not_picked":["Armaments","Brutality"],"picked":"Clothesline","floor":6},{"not_picked":["Pommel Strike","Reckless Charge","Sever Soul"],"picked":"SKIP","floor":7},{"not_picked":["Corruption","Cleave"],"picked":"Shockwave","floor":11},{"not_picked":["Cleave","Uppercut"],"picked":"Dropkick","floor":13},{"not_picked":["Second Wind","Havoc","Intimidate"],"picked":"SKIP","floor":14}],"player_experience":1039861,"relics_obtained":[{"floor":6,"key":"Darkstone Periapt"},{"floor":9,"key":"Bag of Preparation"},{"floor":13,"key":"MawBank"}],"event_choices":[{"damage_healed":0,"gold_gain":0,"player_choice":"Donut","damage_taken":0,"max_hp_gain":5,"max_hp_loss":0,"event_name":"Big Fish","floor":3,"gold_loss":0},{"damage_healed":0,"gold_gain":0,"player_choice":"Grow","damage_taken":0,"max_hp_gain":0,"max_hp_loss":0,"event_name":"Living Wall","floor":4,"gold_loss":0,"cards_upgraded":["Bash"]}],"is_beta":false,"boss_relics":[],"items_purged_floors":[],"is_endless":false,"potions_floor_spawned":[6,7,11],"killed_by":"Slime Boss","ascension_level":9}