{"gold_per_floor":[112,112,112,287,300,333,333,333,333,159,186,186,206,217,217,322,322,340,340,351,266,266,300,300,300,300,331,49,49,81,97,97,97],"floor_reached":33,"playtime":1121,"items_purged":["Doubt"],"score":396,"play_id":"d35ebb7c-ef9e-458e-ab86-51d9b2ef8152","local_time":"20180920122415","is_ascension_mode":true,"campfire_choices":[{"floor":8,"key":"REST"},{"floor":12,"key":"REST"},{"floor":15,"key":"REST"},{"floor":24,"key":"REST"},{"floor":29,"key":"REST"},{"floor":32,"key":"REST"}],"neow_cost":"NONE","seed_source_timestamp":585218772335213,"circlet_count":0,"master_deck":["Defend_G","Defend_G","Defend_G","Defend_G","Survivor","Neutralize","Envenom+1","Cloak And Dagger","Bane","Cloak And Dagger","Caltrops","Swift Strike","Dagger Spray","Noxious Fumes","Backstab","Glass Knife","Bane","Necronomicurse","Caltrops+1","Blade Dance","Bite","Bite","Bite","Bite","Bite","Finisher+1","Slice","Accuracy","Accuracy","Deep Breath","All Out Attack+1","Slice+1"],"relics":["Ring of the Snake","PreservedInsect","Shuriken","Bronze Scales","Black Star","Necronomicon","Juzu Bracelet","Art of War","Ancient Tea Set","Happy Flower","Mummified Hand","The Courier","Bottled Tornado","Bottled Flame"],"potions_floor_usage":[16,27,27,33,33],"damage_taken":[{"damage":6,"enemies":"Small Slimes","floor":1,"turns":5},{"damage":2,"enemies":"Cultist","floor":5,"turns":5},{"damage":38,"enemies":"3 Sentries","floor":6,"turns":14},{"damage":16,"enemies":"Lagavulin","floor":11,"turns":5},{"damage":6,"enemies":"Jaw Worm","floor":13,"turns":3},{"damage":1,"enemies":"Large Slime","floor":14,"turns":6},{"damage":9,"enemies":"The Guardian","floor":16,"turns":8},{"damage":22,"enemies":"2 Thieves","floor":18,"turns":4},{"damage":15,"enemies":"Spheric Guardian","floor":20,"turns":4},{"damage":24,"enemies":"Book of Stabbing","floor":23,"turns":4},{"damage":18,"enemies":"Slavers","floor":27,"turns":4},{"damage":24,"enemies":"Book of Stabbing","floor":30,"turns":3},{"damage":18,"enemies":"Snake Plant","floor":31,"turns":3},{"damage":33,"enemies":"Collector","floor":33,"turns":3}],"seed_played":"2335813241324207905","potions_obtained":[{"floor":11,"key":"Explosive Potion"},{"floor":13,"key":"Dexterity Potion"},{"floor":14,"key":"Fire Potion"},{"floor":30,"key":"Ancient Potion"},{"floor":31,"key":"Poison Potion"}],"is_trial":false,"path_per_floor":["M","?","?","?","M","E","?","R","T","$","E","R","M","M","R","B",null,"M","?","M","?","?","E","R","?","T","E","$","R","E","M","R"],"character_chosen":"THE_SILENT","items_purchased":["Caltrops","Swift Strike","Slice","Accuracy","Accuracy","Deep Breath"],"campfire_rested":6,"item_purchase_floors":[10,10,28,28,28,28],"current_hp_per_floor":[64,64,57,57,55,17,17,38,38,38,22,43,37,36,57,48,70,48,32,17,17,40,16,37,37,37,25,25,39,17,5,19,0],"gold":97,"neow_bonus":"ONE_RANDOM_RARE_CARD","is_prod":false,"is_daily":false,"chose_seed":false,"campfire_upgraded":0,"win_rate":0,"timestamp":1537467855,"path_taken":["M","?","?","?","M","E","?","R","T","?","E","R","M","M","R","BOSS","M","?","M","?","?","E","R","?","T","E","?","R","E","M","R","BOSS"],"build_version":"2018-09-06","purchased_purges":1,"victory":false,"max_hp_per_floor":[70,70,70,70,70,70,70,70,70,70,70,70,70,70,70,70,70,70,70,70,70,70,70,70,49,49,49,49,49,49,49,49,49],"card_choices":[{"not_picked":["Deadly Poison","Backflip"],"picked":"Cloak And Dagger","floor":1},{"not_picked":["Riddle With Holes","Blur"],"picked":"Bane","floor":5},{"not_picked":["Noxious Fumes","Prepared"],"picked":"Cloak And Dagger","floor":6},{"not_picked":["Underhanded Strike","Dagger Throw"],"picked":"Dagger Spray","floor":11},{"not_picked":["Tactician","Heel Hook"],"picked":"Noxious Fumes","floor":13},{"not_picked":["Prepared","PiercingWail"],"picked":"Backstab","floor":14},{"not_picked":["Phantasmal Killer","Tools of the Trade"],"picked":"Glass Knife","floor":16},{"not_picked":["Well Laid Plans","Underhanded Strike"],"picked":"Bane","floor":18},{"not_picked":["Cloak And Dagger","Finisher+1"],"picked":"Caltrops+1","floor":20},{"not_picked":["Flying Knee+1","Leg Sweep"],"picked":"Blade Dance","floor":23},{"not_picked":["Dagger Spray","Deflect+1"],"picked":"Finisher+1","floor":27},{"not_picked":["PiercingWail","Poisoned Stab"],"picked":"All Out Attack+1","floor":30},{"not_picked":["Setup+1","Bane"],"picked":"Slice+1","floor":31}],"player_experience":548308,"relics_obtained":[{"floor":6,"key":"PreservedInsect"},{"floor":9,"key":"Shuriken"},{"floor":11,"key":"Bronze Scales"},{"floor":19,"key":"Necronomicon"},{"floor":23,"key":"Art of War"},{"floor":23,"key":"Ancient Tea Set"},{"floor":26,"key":"Happy Flower"},{"floor":27,"key":"Mummified Hand"},{"floor":27,"key":"The Courier"},{"floor":30,"key":"Bottled Tornado"},{"floor":30,"key":"Bottled Flame"}],"event_choices":[{"event_name":"Wheel of Change","player_choice":"Card Removal","floor":2,"damage_taken":0},{"event_name":"Golden Wing","player_choice":"Card Removal","floor":3,"damage_taken":0},{"event_name":"Liars Game","player_choice":"agreed","floor":4,"damage_taken":0},{"event_name":"Upgrade Shrine","player_choice":"Upgraded","floor":7,"damage_taken":0},{"event_name":"Cursed Tome","player_choice":"Obtained Book","floor":19,"damage_taken":0},{"event_name":"Addict","player_choice":"Obtained Relic","floor":21,"damage_taken":0},{"event_name":"The Library","player_choice":"Heal","floor":22,"damage_taken":0},{"event_name":"Vampires","player_choice":"Became a vampire","floor":25,"damage_taken":0}],"is_beta":false,"boss_relics":[{"not_picked":["Eternal Feather","Runic Pyramid"],"picked":"Black Star"}],"items_purged_floors":[28],"is_endless":false,"potions_floor_spawned":[11,13,14,30,31],"killed_by":"Collector","ascension_level":4}