{"gold_per_floor":[219,294,469,69,89,89,123,135,135,145,145,156,156],"floor_reached":13,"playtime":509,"items_purged":["Doubt"],"score":119,"play_id":"e30d9592-394f-4da3-9487-14e358a7c56a","local_time":"20181101191101","is_ascension_mode":true,"campfire_choices":[{"data":"Armaments","floor":6,"key":"SMITH"}],"neow_cost":"NONE","seed_source_timestamp":1906260468916898,"circlet_count":0,"master_deck":["Strike_R","Strike_R","Strike_R","Strike_R","Strike_R","Defend_R","Defend_R","Defend_R","Defend_R","Bash","Power Through","Flame Barrier","Armaments+1","Flex+1","Wild Strike","Intimidate+1","Reaper"],"relics":["Burning Blood","Question Card","Toxic Egg 2","StoneCalendar"],"potions_floor_usage":[7,7,12],"damage_taken":[{"damage":13,"enemies":"Jaw Worm","floor":1,"turns":5},{"damage":6,"enemies":"Cultist","floor":5,"turns":5},{"damage":53,"enemies":"3 Sentries","floor":7,"turns":18},{"damage":7,"enemies":"2 Louse","floor":8,"turns":3},{"damage":15,"enemies":"Gremlin Gang","floor":10,"turns":5},{"damage":11,"enemies":"Exordium Wildlife","floor":12,"turns":6},{"damage":10,"enemies":"Lots of Slimes","floor":13,"turns":1}],"seed_played":"7976510174495123288","potions_obtained":[{"floor":1,"key":"Swift Potion"},{"floor":5,"key":"Regen Potion"},{"floor":10,"key":"Energy Potion"}],"is_trial":false,"path_per_floor":["M","?","?","$","M","R","E","M","T","M","$","M","M"],"character_chosen":"IRONCLAD","items_purchased":["Flame Barrier","Question Card"],"campfire_rested":0,"item_purchase_floors":[4,4],"current_hp_per_floor":[65,54,54,54,54,54,22,21,21,12,12,7,0],"gold":156,"neow_bonus":"HUNDRED_GOLD","is_prod":false,"is_daily":false,"chose_seed":false,"campfire_upgraded":1,"win_rate":0,"timestamp":1541121061,"path_taken":["M","?","?","?","M","R","E","?","T","M","?","M","M"],"build_version":"2018-11-01","purchased_purges":1,"victory":false,"max_hp_per_floor":[80,80,80,80,80,80,80,80,80,80,80,80,80],"card_choices":[{"not_picked":["Clash","Anger"],"picked":"Power Through","floor":1},{"not_picked":["Sword Boomerang","Evolve","Headbutt"],"picked":"Armaments","floor":5},{"not_picked":["Armaments","Corruption","Infernal Blade"],"picked":"Flex","floor":7},{"not_picked":["Rupture","Clothesline","Sword Boomerang"],"picked":"Wild Strike","floor":8},{"not_picked":["Heavy Blade","Dropkick","Sentinel+1"],"picked":"Intimidate+1","floor":10},{"not_picked":["Warcry+1","Clothesline","Blood for Blood"],"picked":"Reaper","floor":12}],"player_experience":986125,"relics_obtained":[{"floor":7,"key":"Toxic Egg 2"},{"floor":9,"key":"StoneCalendar"}],"event_choices":[{"damage_healed":0,"gold_gain":75,"player_choice":"Gather Gold","damage_taken":11,"max_hp_gain":0,"max_hp_loss":0,"event_name":"World of Goop","floor":2,"gold_loss":0},{"damage_healed":0,"gold_gain":175,"player_choice":"AGREE","damage_taken":0,"max_hp_gain":0,"max_hp_loss":0,"event_name":"Liars Game","floor":3,"gold_loss":0,"cards_obtained":["Doubt"]}],"is_beta":false,"boss_relics":[],"items_purged_floors":[4],"is_endless":false,"potions_floor_spawned":[1,5,10],"killed_by":"Lots of Slimes","ascension_level":8}