{"gold_per_floor":[10,10,25,39,54,86,86,119,119,137,153,167,196,196,196,294,294,307,320,245,263,59,59,59],"floor_reached":24,"playtime":1751,"items_purged":[],"score":221,"play_id":"7eff831b-a417-4da6-bfb1-964705469570","local_time":"20180805155747","is_ascension_mode":true,"campfire_choices":[{"data":"Fission","floor":7,"key":"SMITH"},{"floor":15,"key":"REST"},{"floor":23,"key":"REST"}],"neow_cost":"NO_GOLD","seed_source_timestamp":366691441952375,"circlet_count":0,"master_deck":["Strike_B","Strike_B","Strike_B","Strike_B","Defend_B","Defend_B","Defend_B","Defend_B","Zap","Dualcast","Rainbow+1","Conserve Battery","Ball Lightning","Redo","BootSequence","Fission+1","Stack","Loop","Ball Lightning","Go for the Eyes","Reboot","Fission","Clumsy","Injury","Double Energy+1","Hello World","Coolheaded","Panache"],"relics":["Cracked Core","Ancient Tea Set","Regal Pillow","Potion Belt","Odd Mushroom","Dodecahedron","Calling Bell","Vajra","Ornamental Fan","StoneCalendar"],"potions_floor_usage":[12,12,18,19],"damage_taken":[{"damage":0,"enemies":"Small Slimes","floor":1,"turns":5},{"damage":2,"enemies":"Cultist","floor":3,"turns":5},{"damage":2,"enemies":"2 Louse","floor":4,"turns":3},{"damage":0,"enemies":"Large Slime","floor":5,"turns":4},{"damage":14,"enemies":"Lagavulin","floor":6,"turns":5},{"damage":22,"enemies":"Gremlin Nob","floor":8,"turns":4},{"damage":0,"enemies":"3 Louse","floor":10,"turns":3},{"damage":8,"enemies":"2 Fungi Beasts","floor":11,"turns":4},{"damage":6,"enemies":"Large Slime","floor":12,"turns":4},{"damage":11,"floor":13,"turns":5},{"damage":23,"enemies":"Hexaghost","floor":16,"turns":10},{"damage":3,"enemies":"3 Byrds","floor":18,"turns":3},{"damage":19,"enemies":"Shell Parasite","floor":19,"turns":7},{"damage":24,"enemies":"Chosen and Byrds","floor":21,"turns":7},{"damage":74,"enemies":"Gremlin Leader","floor":24,"turns":6}],"seed_played":"1489563018997775189","potions_obtained":[{"floor":8,"key":"Poison Potion"},{"floor":10,"key":"FearPotion"},{"floor":12,"key":"SpeedPotion"},{"floor":13,"key":"PowerPotion"}],"is_trial":false,"path_per_floor":["M","?","M","M","M","E","R","E","T","M","M","M","?","T","R","B",null,"M","M","?","M","$","R"],"character_chosen":"DEFECT","items_purchased":["Panache"],"campfire_rested":2,"item_purchase_floors":[22],"current_hp_per_floor":[75,75,73,71,71,57,57,35,35,35,27,21,10,10,47,24,75,72,53,53,29,29,66,0],"gold":59,"neow_bonus":"THREE_RARE_CARDS","is_prod":false,"is_daily":false,"chose_seed":false,"campfire_upgraded":1,"win_rate":0,"timestamp":1533506267,"path_taken":["M","?","M","M","M","E","R","E","T","M","M","M","?","?","R","BOSS","M","?","?","M","$","R","E"],"build_version":"2018-08-02","purchased_purges":0,"victory":false,"max_hp_per_floor":[75,75,75,75,75,75,75,75,75,75,75,75,75,75,75,75,75,75,75,75,75,75,75,75],"card_choices":[{"not_picked":["Thunder Strike","Core Surge"],"picked":"Rainbow","floor":0},{"not_picked":["Compile Driver","Steam"],"picked":"Conserve Battery","floor":1},{"not_picked":["Hello World","Conserve Battery"],"picked":"Ball Lightning","floor":3},{"not_picked":["Darkness","Ball Lightning"],"picked":"Redo","floor":4},{"not_picked":["Hologram","Rip and Tear"],"picked":"BootSequence","floor":5},{"not_picked":["Conserve Battery","Loop"],"picked":"Fission","floor":6},{"not_picked":["Streamline","Rebound"],"picked":"Stack","floor":8},{"not_picked":["Leap","Ball Lightning"],"picked":"Loop","floor":10},{"not_picked":["Leap","Melter"],"picked":"Ball Lightning","floor":11},{"not_picked":["White Noise","Turbo"],"picked":"Go for the Eyes","floor":12},{"not_picked":["Coolheaded","Compile Driver"],"picked":"Reboot","floor":13},{"not_picked":["Biased Cognition","Electrodynamics"],"picked":"Fission","floor":16},{"not_picked":["Go for the Eyes","Hologram"],"picked":"Double Energy+1","floor":18},{"not_picked":["Turbo","Go for the Eyes"],"picked":"Hello World","floor":19},{"not_picked":["Cold Snap","Leap"],"picked":"Coolheaded","floor":21}],"player_experience":206311,"relics_obtained":[{"floor":6,"key":"Ancient Tea Set"},{"floor":8,"key":"Regal Pillow"},{"floor":9,"key":"Potion Belt"},{"floor":13,"key":"Odd Mushroom"},{"floor":14,"key":"Dodecahedron"},{"floor":17,"key":"Vajra"},{"floor":17,"key":"Ornamental Fan"},{"floor":17,"key":"StoneCalendar"}],"event_choices":[{"event_name":"Upgrade Shrine","player_choice":"Upgraded","floor":2,"damage_taken":0},{"event_name":"Mushrooms","player_choice":"Fought Mushrooms","floor":13,"damage_taken":0},{"event_name":"Beggar","player_choice":"Gave Gold","floor":20,"damage_taken":0}],"is_beta":false,"boss_relics":[{"not_picked":["Astrolabe","Eternal Feather"],"picked":"Calling Bell"}],"items_purged_floors":[],"is_endless":false,"potions_floor_spawned":[8,10,12,13],"killed_by":"Gremlin Leader","ascension_level":1}