{"path_per_floor":["M","M","M","?","M","E","?","R","T","R","E","M","?","M","R"],"character_chosen":"IRONCLAD","items_purchased":[],"gold_per_floor":[12,30,43,43,58,120,195,195,195,195,220,240,240,257,257],"floor_reached":16,"campfire_rested":2,"playtime":841,"current_hp_per_floor":[96,96,96,96,92,51,40,68,68,68,68,72,65,69,99],"items_purged":[],"gold":257,"score":137,"play_id":"5f5a9498-388f-438b-b545-c2a4f8037cbb","local_time":"20180303025402","is_prod":false,"is_daily":false,"is_ascension_mode":false,"campfire_upgraded":0,"timestamp":1520063642,"path_taken":["M","M","M","?","M","E","?","R","T","R","E","M","?","M","R","BOSS"],"build_version":"2018-03-02-BETA2","purchased_purges":0,"victory":false,"master_deck":["Strike_R","Strike_R","Strike_R","Defend_R","Defend_R","Defend_R","Defend_R","Bash","Corruption+1","Flame Barrier","Headbutt","Havoc","Power Through","Entrench","Perfected Strike"],"max_hp_per_floor":[96,96,96,96,96,96,96,96,96,96,103,103,103,103,103],"relics":["Burning Blood","Tiny Chest","Peace Pipe","Strawberry"],"card_choices":[{"not_picked":["Havoc","Armaments"],"picked":"Corruption"},{"not_picked":["Headbutt","Clothesline"],"picked":"Flame Barrier"},{"not_picked":["Searing Blow","Clash"],"picked":"Headbutt"},{"not_picked":["Warcry","Dual Wield"],"picked":"Havoc"},{"not_picked":["Rampage","Armaments"],"picked":"Power Through"},{"not_picked":["True Grit","Headbutt"],"picked":"Entrench"},{"not_picked":["Cleave","Headbutt"],"picked":"Perfected Strike"}],"player_experience":44959,"potions_floor_usage":[14,16],"damage_taken":[{"damage":6.0,"enemies":"Jaw Worm","floor":1.0,"turns":3.0},{"damage":6.0,"enemies":"Cultist","floor":2.0,"turns":3.0},{"damage":6.0,"enemies":"2 Louse","floor":3.0,"turns":3.0},{"damage":10.0,"enemies":"Looter","floor":5.0,"turns":4.0},{"damage":47.0,"enemies":"Lagavulin","floor":6.0,"turns":8.0},{"damage":13.0,"enemies":"Gremlin Nob","floor":11.0,"turns":4.0},{"damage":2.0,"enemies":"Exordium Wildlife","floor":12.0,"turns":4.0},{"damage":2,"enemies":"Blue Slaver","floor":14,"turns":6},{"damage":103,"enemies":"The Guardian","floor":16,"turns":11}],"event_choices":[{"event_name":"Upgrade Shrine","player_choice":"Upgraded","floor":4.0,"damage_taken":0.0},{"event_name":"World of Goop","player_choice":"Gather Gold","floor":7.0,"damage_taken":0.0},{"event_name":"Golden Wing","player_choice":"Card Removal","floor":13,"damage_taken":0}],"boss_relics":[],"potions_floor_spawned":[1,3,5],"seed_played":"9128024677625907199","killed_by":"The Guardian","ascension_level":0,"is_trial":false}