{"gold_per_floor":[115,115,127,146,146,146,161,192,240,240,240,240,272,101,101,196,196,168,168],"floor_reached":19,"playtime":1464,"items_purged":[],"score":175,"play_id":"54feb90f-8b0b-4029-8148-fbc320f306fb","local_time":"20190202231312","is_ascension_mode":false,"campfire_choices":[{"data":"Bash","floor":6,"key":"SMITH"},{"floor":15,"key":"REST"}],"neow_cost":"NONE","seed_source_timestamp":384154044870207,"circlet_count":0,"master_deck":["Strike_R","Strike_R","Strike_R","Strike_R","Strike_R","Defend_R","Defend_R","Defend_R","Defend_R","Bash+1","Exhume","True Grit+1","Wild Strike","Battle Trance","Sentinel","Parasite","Reaper","Flex","Infernal Blade","Pommel Strike","Feed","Searing Blow+1"],"special_seed":0,"relics":["Burning Blood"],"potions_floor_usage":[13],"damage_taken":[{"damage":12.0,"enemies":"Small Slimes","floor":1.0,"turns":5.0},{"damage":6,"enemies":"Jaw Worm","floor":3,"turns":5},{"damage":0,"enemies":"Cultist","floor":4,"turns":3},{"damage":25,"enemies":"Large Slime","floor":7,"turns":8},{"damage":14,"enemies":"Gremlin Nob","floor":8,"turns":3},{"damage":56,"enemies":"3 Sentries","floor":13,"turns":18},{"damage":50,"enemies":"Slime Boss","floor":16,"turns":10},{"damage":42,"enemies":"2 Thieves","floor":18,"turns":5},{"damage":62,"enemies":"3 Byrds","floor":19,"turns":6}],"seed_played":"-3608419456865402616","potions_obtained":[{"floor":7,"key":"GamblersBrew"},{"floor":13,"key":"FearPotion"},{"floor":16,"key":"Dexterity Potion"}],"is_trial":false,"path_per_floor":["M","?","M","M","?","R","M","E","T","?","?","?","E","$","R","B",null,"M","M"],"character_chosen":"IRONCLAD","items_purchased":["Flex","Infernal Blade","Pommel Strike"],"campfire_rested":1,"item_purchase_floors":[14,14,14],"current_hp_per_floor":[74,74,74,80,80,80,61,53,53,53,73,73,23,23,47,15,80,52,0],"gold":168,"neow_bonus":"ONE_RANDOM_RARE_CARD","is_prod":false,"is_daily":false,"chose_seed":false,"campfire_upgraded":1,"win_rate":0,"timestamp":1549174392,"path_taken":["M","?","M","M","?","R","?","E","T","?","?","?","E","$","R","BOSS","M","M"],"build_version":"2019-01-23","purchased_purges":0,"victory":false,"max_hp_per_floor":[80,80,80,80,80,80,80,80,80,80,80,80,80,80,80,80,80,80,83],"card_choices":[{"not_picked":["Armaments","Warcry"],"picked":"True Grit","floor":1.0},{"not_picked":["Inflame","Thunderclap"],"picked":"Wild Strike","floor":3},{"not_picked":["Clash","Fire Breathing"],"picked":"Havoc","floor":4},{"not_picked":["Rupture","Corruption"],"picked":"Battle Trance","floor":7},{"not_picked":["Sword Boomerang","Warcry"],"picked":"Sentinel","floor":8},{"not_picked":["Cleave","Sword Boomerang"],"picked":"Reaper","floor":13},{"not_picked":["Juggernaut","Brutality"],"picked":"Feed","floor":16},{"not_picked":["Corruption","Clash"],"picked":"Searing Blow+1","floor":18}],"player_experience":1375690,"relics_obtained":[],"event_choices":[{"damage_healed":0,"gold_gain":0,"player_choice":"Fled","damage_taken":0,"max_hp_gain":0,"max_hp_loss":0,"event_name":"Scrap Ooze","floor":2,"gold_loss":0},{"cards_removed":["Havoc"],"damage_healed":5,"gold_gain":0,"player_choice":"Offered Common","damage_taken":0,"max_hp_gain":0,"max_hp_loss":0,"event_name":"Bonfire Elementals","floor":5,"gold_loss":0},{"cards_removed":["Havoc"],"damage_healed":5,"gold_gain":0,"player_choice":"Offered Special","damage_taken":0,"max_hp_gain":0,"max_hp_loss":0,"event_name":"Bonfire Elementals","floor":5,"gold_loss":0},{"damage_healed":0,"gold_gain":0,"player_choice":"Searched \u00270\u0027 times","damage_taken":0,"max_hp_gain":0,"max_hp_loss":0,"event_name":"Dead Adventurer","floor":10,"gold_loss":0},{"damage_healed":20,"gold_gain":0,"player_choice":"Healed and dodged fight","damage_taken":0,"max_hp_gain":0,"max_hp_loss":0,"event_name":"Mushrooms","floor":11,"gold_loss":0,"cards_obtained":["Parasite"]},{"damage_healed":0,"gold_gain":0,"player_choice":"Grow","damage_taken":0,"max_hp_gain":0,"max_hp_loss":0,"event_name":"Living Wall","floor":12,"gold_loss":0,"cards_upgraded":["True Grit"]}],"is_beta":false,"boss_relics":[{"not_picked":["Runic Cube","Pandora\u0027s Box","White Beast Statue"]}],"items_purged_floors":[],"is_endless":false,"potions_floor_spawned":[7,13,16],"killed_by":"3 Byrds","ascension_level":0}