{"path_per_floor":["M","?","$","M","M","E","M","M","T","M","R","?","E","M","R","B",null,"M","M","M","?","?","R"],"character_chosen":"IRONCLAD","items_purchased":["Finesse"],"gold_per_floor":[114,114,9,23,39,66,81,95,95,113,113,113,139,151,151,248,248,263,275,290,215,215,215],"floor_reached":24,"campfire_rested":2,"playtime":1485,"current_hp_per_floor":[80,80,80,80,80,58,57,46,46,44,44,80,58,43,67,19,80,66,64,19,19,19,35],"items_purged":[],"gold":215,"play_id":"3b17ea15-540a-4699-ad3e-fba1d9e7e573","is_prod":false,"is_daily":false,"campfire_rituals":0,"campfire_upgraded":1,"is_hardmode":false,"path_taken":["M","?","?","M","M","E","M","M","T","?","R","?","E","M","R","BOSS","M","M","M","?","?","R","E"],"build_version":"2018-01-11-PROD2","purchased_purges":0,"victory":false,"master_deck":["Defend_R","Defend_R","Defend_R","Defend_R","Bash","Blood for Blood","Finesse","True Grit","Rupture","Blood for Blood","Armaments","Wild Strike","Searing Blow","Hemokinesis","Offering","Warcry","Evolve","Shrug It Off","Bite_R","Bite_R","Bite_R","Bite_R","Bite_R"],"max_hp_per_floor":[80,80,80,80,80,80,80,80,80,80,80,80,80,80,80,80,80,80,80,80,80,56,56],"relics":["Burning Blood","NeowsBlessing","Bottled Lightning","Ginger","Ancient Tea Set","Question Card"],"campfire_meditates":0,"card_choices":[{"not_picked":["Dropkick","Flame Barrier"],"picked":"Blood for Blood"},{"not_picked":["Second Wind","Iron Wave"],"picked":"Shockwave"},{"not_picked":["Sword Boomerang","Wild Strike"],"picked":"True Grit"},{"not_picked":["Rage","Body Slam"],"picked":"Rupture"},{"not_picked":["Sword Boomerang","Perfected Strike"],"picked":"Blood for Blood"},{"not_picked":["Sword Boomerang","Seeing Red"],"picked":"Armaments"},{"not_picked":["Shockwave","Headbutt"],"picked":"Wild Strike"},{"not_picked":["Berserk","Spot Weakness"],"picked":"Searing Blow"},{"not_picked":["Infernal Blade","Anger"],"picked":"Hemokinesis"},{"not_picked":["Dark Embrace","Demon Form"],"picked":"Offering"},{"not_picked":["Shrug It Off","Burning Pact","Clothesline"],"picked":"Warcry"},{"not_picked":["Twin Strike","Corruption","Battle Trance"],"picked":"Evolve"},{"not_picked":["Inflame","Rage","Corruption"],"picked":"Shrug It Off"}],"player_experience":56016,"potions_floor_usage":[6,10,13,16,19,20],"damage_taken":[{"damage":0,"enemies":"Jaw Worm","floor":1,"turns":1},{"damage":0,"enemies":"Cultist","floor":4,"turns":1},{"damage":0,"enemies":"Blue Slaver","floor":5,"turns":1},{"damage":28,"enemies":"Lagavulin","floor":6,"turns":8},{"damage":7,"enemies":"2 Fungi Beasts","floor":7,"turns":4},{"damage":17,"enemies":"Gremlin Gang","floor":8,"turns":6},{"damage":8,"enemies":"Exordium Thugs","floor":10,"turns":4},{"damage":28,"enemies":"Gremlin Nob","floor":13,"turns":4},{"damage":21,"enemies":"Exordium Wildlife","floor":14,"turns":5},{"damage":54,"enemies":"Hexaghost","floor":16,"turns":8},{"damage":20,"enemies":"2 Thieves","floor":18,"turns":3},{"damage":8,"enemies":"3 Byrds","floor":19,"turns":4},{"damage":51,"enemies":"Sentry and Sphere","floor":20,"turns":6},{"damage":50,"enemies":"Book of Stabbing","floor":24,"turns":5}],"event_choices":[{"event_name":"The Lab","player_choice":"Got Potions","floor":2,"damage_taken":0},{"event_name":"Bonfire Elementals","player_choice":"UNCOMMON","floor":12,"damage_taken":0},{"event_name":"Beggar","player_choice":"Gave Gold","floor":21,"damage_taken":0},{"event_name":"Vampires","player_choice":"Became a vampire","floor":22,"damage_taken":0}],"boss_relics":[{"not_picked":["Velvet Choker","Black Blood"],"picked":"Question Card"}],"potions_floor_spawned":[1,5,7,10,16,18],"seed_played":"-7213202650667866804","killed_by":"Book of Stabbing","is_trial":false}