{"gold_per_floor":[117,117,136,156,171,171,206,225,276,289,91,91,121],"floor_reached":13,"playtime":1031,"items_purged":[],"score":104,"play_id":"d055c30e-bbaa-40fa-8a19-db7059d5559a","local_time":"20180908010342","is_ascension_mode":true,"campfire_choices":[{"data":"Barricade","floor":6,"key":"SMITH"},{"floor":12,"key":"REST"}],"neow_cost":"NONE","seed_source_timestamp":193342372273933,"circlet_count":0,"master_deck":["Strike_R+1","Strike_R","Strike_R","Strike_R","Strike_R","Defend_R+1","Defend_R","Defend_R","Defend_R","Bash","Double Tap","Intimidate","Barricade+1","Warcry+1","Body Slam","Armaments+1","Shrug It Off","Thunderclap","Metallicize","Power Through","Iron Wave"],"relics":["Burning Blood","Mercury Hourglass","War Paint"],"potions_floor_usage":[10,13],"damage_taken":[{"damage":11,"enemies":"Jaw Worm","floor":1,"turns":5},{"damage":1,"enemies":"2 Louse","floor":3,"turns":3},{"damage":0,"enemies":"Cultist","floor":4,"turns":4},{"damage":12,"enemies":"2 Fungi Beasts","floor":5,"turns":6},{"damage":58,"enemies":"3 Sentries","floor":7,"turns":13},{"damage":6,"enemies":"3 Louse","floor":8,"turns":3},{"damage":3,"enemies":"Exordium Thugs","floor":10,"turns":4},{"damage":71,"enemies":"Gremlin Nob","floor":13,"turns":6}],"seed_played":"4019096924520817650","potions_obtained":[{"floor":4,"key":"FearPotion"},{"floor":8,"key":"Regen Potion"}],"is_trial":false,"path_per_floor":["M","?","M","M","M","R","E","M","T","M","$","R"],"character_chosen":"IRONCLAD","items_purchased":["Metallicize","Power Through","Iron Wave"],"campfire_rested":1,"item_purchase_floors":[11,11,11],"current_hp_per_floor":[75,59,64,70,64,64,12,12,12,24,24,48,0],"gold":121,"neow_bonus":"ONE_RANDOM_RARE_CARD","is_prod":false,"is_daily":false,"chose_seed":false,"campfire_upgraded":1,"win_rate":0,"timestamp":1536390222,"path_taken":["M","?","?","M","M","R","E","M","T","M","$","R","?"],"build_version":"2018-09-06","purchased_purges":0,"victory":false,"max_hp_per_floor":[80,80,80,80,80,80,80,80,80,80,80,80,80],"card_choices":[{"not_picked":["True Grit","Corruption"],"picked":"Intimidate","floor":1},{"not_picked":["Heavy Blade","Thunderclap"],"picked":"Barricade","floor":3},{"not_picked":["Wild Strike","True Grit"],"picked":"Warcry","floor":4},{"not_picked":["Blood for Blood","Heavy Blade"],"picked":"Body Slam","floor":5},{"not_picked":["Limit Break","Corruption"],"picked":"Armaments","floor":7},{"not_picked":["True Grit","Anger"],"picked":"Shrug It Off","floor":8},{"not_picked":["True Grit","Warcry"],"picked":"Thunderclap","floor":10}],"player_experience":483743,"relics_obtained":[{"floor":7,"key":"Mercury Hourglass"},{"floor":9,"key":"War Paint"}],"event_choices":[{"event_name":"Shining Light","player_choice":"Entered Light","floor":2,"damage_taken":0},{"event_name":"Dead Adventurer","player_choice":"Searched \u00272\u0027 times","floor":13,"damage_taken":0}],"is_beta":false,"boss_relics":[],"items_purged_floors":[],"is_endless":false,"potions_floor_spawned":[4,8],"killed_by":"Gremlin Nob","ascension_level":4}