{"gold_per_floor":[116,135,135,145,145,184,184,202,202,202],"floor_reached":10,"playtime":474,"items_purged":[],"score":116,"play_id":"9ff6a0c2-5034-4f71-aa30-10f6d9cb0661","local_time":"20190402003333","is_ascension_mode":true,"campfire_choices":[{"data":"Clothesline","floor":7,"key":"SMITH"}],"neow_cost":"NONE","seed_source_timestamp":1473052701736758,"circlet_count":0,"master_deck":["AscendersBane","Strike_R","Strike_R","Strike_R","Strike_R","Defend_R","Defend_R","Defend_R","Defend_R","Bash","Clothesline+1","Twin Strike","Anger","Offering","Clothesline"],"relics":["Burning Blood","Golden Idol","Bottled Lightning","Girya"],"potions_floor_usage":[6],"damage_taken":[{"damage":7,"enemies":"Small Slimes","floor":1,"turns":3},{"damage":7,"enemies":"Jaw Worm","floor":2,"turns":3},{"damage":5,"enemies":"Cultist","floor":4,"turns":5},{"damage":25,"enemies":"Lagavulin","floor":6,"turns":6},{"damage":12,"enemies":"Lots of Slimes","floor":8,"turns":4},{"damage":23,"enemies":"Large Slime","floor":10,"turns":3}],"seed_played":"-8183742986459873891","potions_obtained":[{"floor":2,"key":"SteroidPotion"}],"is_trial":false,"path_per_floor":["?","?"],"character_chosen":"IRONCLAD","items_purchased":[],"campfire_rested":0,"item_purchase_floors":[],"current_hp_per_floor":[74,73,66,67,47,28,28,22,22,0],"gold":202,"neow_bonus":"TEN_PERCENT_HP_BONUS","is_prod":false,"is_daily":false,"chose_seed":false,"campfire_upgraded":1,"win_rate":0,"timestamp":1554179613,"path_taken":["M","M","?","M","?","E","R","M","T","M"],"build_version":"2019-01-23","purchased_purges":0,"victory":false,"max_hp_per_floor":[82,82,82,82,82,82,82,82,82,82],"card_choices":[{"not_picked":["Carnage","Wild Strike"],"picked":"Clothesline","floor":1},{"not_picked":["Warcry","Havoc"],"picked":"Twin Strike","floor":2},{"not_picked":["Pommel Strike","Headbutt"],"picked":"Anger","floor":4},{"not_picked":["Anger","Whirlwind"],"picked":"Offering","floor":6},{"not_picked":["Dropkick","Power Through"],"picked":"Clothesline","floor":8}],"player_experience":1391959,"relics_obtained":[{"floor":6,"key":"Bottled Lightning"},{"floor":9,"key":"Girya"}],"event_choices":[{"cards_removed":["Strike_R"],"damage_healed":0,"gold_gain":0,"player_choice":"Card Removal","damage_taken":7,"max_hp_gain":0,"max_hp_loss":0,"event_name":"Golden Wing","floor":3,"gold_loss":0},{"damage_healed":0,"gold_gain":0,"player_choice":"Take Damage","damage_taken":20,"relics_obtained":["Golden Idol"],"max_hp_gain":0,"max_hp_loss":0,"event_name":"Golden Idol","floor":5,"gold_loss":0}],"is_beta":false,"boss_relics":[],"items_purged_floors":[],"is_endless":false,"potions_floor_spawned":[2],"killed_by":"Large Slime","ascension_level":14}