{"gold_per_floor":[110,30,30,109,128,159,176,206,281,294,305,305,323,323,323,427,427,443,443,443,456,456,490,490,502,582,582,607,633,665,692,704,816,828,855,708,720,733,733,733,749,749,773,773,791,791,791,808,808,808],"floor_reached":50,"playtime":3598,"items_purged":[],"score":566,"play_id":"01579d63-d10d-4e31-9eb8-de8f748634f8","local_time":"20181114115429","is_ascension_mode":false,"campfire_choices":[{"floor":15,"key":"REST"},{"data":"Barricade","floor":27,"key":"SMITH"},{"floor":32,"key":"REST"},{"data":"Body Slam","floor":40,"key":"SMITH"},{"data":"Entrench","floor":42,"key":"SMITH"},{"floor":46,"key":"REST"},{"floor":49,"key":"REST"}],"neow_cost":"","seed_source_timestamp":0,"circlet_count":0,"master_deck":["Strike_R","Strike_R+1","Strike_R","Strike_R","Strike_R","Defend_R","Defend_R","Defend_R","Defend_R","Bash","Inflame+1","Uppercut+1","Twin Strike","Pummel","Pummel","Reaper","Feed","J.A.X.","Shrug It Off","Heavy Blade","Barricade+1","Body Slam+1","Heavy Blade","Flame Barrier","Sword Boomerang","Demon Form","Body Slam","Rage","Metallicize","Metallicize+1","Body Slam+1","Writhe","Entrench+1","Doubt","Apotheosis","Havoc","Flex","Decay","True Grit+1","Havoc+1"],"relics":["Burning Blood","Omamori","Tiny Chest","Pear","Meat on the Bone","Sozu","Dream Catcher","Bottled Tornado","Shuriken","MawBank","Cursed Key","Pantograph","Orichalcum","Letter Opener"],"potions_floor_usage":[6,11,16],"damage_taken":[{"damage":5,"enemies":"Small Slimes","floor":1,"turns":4},{"damage":2,"enemies":"2 Louse","floor":5,"turns":2},{"damage":29,"enemies":"3 Sentries","floor":6,"turns":10},{"damage":3,"enemies":"Jaw Worm","floor":7,"turns":3},{"damage":7,"enemies":"Looter","floor":10,"turns":3},{"damage":9,"enemies":"3 Louse","floor":11,"turns":3},{"damage":6,"enemies":"Blue Slaver","floor":13,"turns":3},{"damage":37,"enemies":"Hexaghost","floor":16,"turns":8},{"damage":13,"enemies":"3 Byrds","floor":18,"turns":4},{"damage":20,"enemies":"2 Thieves","floor":21,"turns":4},{"damage":46,"enemies":"Slavers","floor":23,"turns":5},{"damage":22,"enemies":"Cultist and Chosen","floor":25,"turns":6},{"damage":8,"enemies":"Snecko","floor":29,"turns":4},{"damage":23,"enemies":"Snake Plant","floor":30,"turns":4},{"damage":37,"enemies":"Centurion and Healer","floor":31,"turns":6},{"damage":78,"enemies":"Automaton","floor":33,"turns":10},{"damage":17,"enemies":"Orb Walker","floor":35,"turns":3},{"damage":24,"enemies":"3 Shapes","floor":37,"turns":5},{"damage":54,"enemies":"Writhing Mass","floor":38,"turns":7},{"damage":19,"enemies":"Maw","floor":41,"turns":8},{"damage":29,"enemies":"Spire Growth","floor":45,"turns":5},{"damage":81,"enemies":"Writhing Mass","floor":48,"turns":7},{"damage":96,"enemies":"Time Eater","floor":50,"turns":9}],"seed_played":"1326584110159010635","potions_obtained":[{"floor":1,"key":"Poison Potion"},{"floor":6,"key":"EssenceOfSteel"},{"floor":11,"key":"Strength Potion"}],"is_trial":true,"path_per_floor":["M","$","?","?","M","E","M","?","T","M","M","?","M","?","R","B",null,"M","?","?","M","?","E","T","M","T","R","T","M","M","M","R","B",null,"M","$","M","M","T","R","M","R","T","?","M","R","T","M","R","B"],"character_chosen":"IRONCLAD","items_purchased":["Uppercut","Rage","Metallicize"],"campfire_rested":4,"item_purchase_floors":[2,36,36],"current_hp_per_floor":[80,80,64,64,68,45,48,48,58,57,54,54,54,51,78,56,90,91,91,91,83,83,64,64,66,66,66,66,67,60,41,69,22,99,88,88,84,58,58,58,64,64,64,64,53,82,82,34,63,0],"gold":808,"neow_bonus":"","is_prod":false,"is_daily":false,"chose_seed":false,"campfire_upgraded":3,"win_rate":0,"timestamp":1542221669,"path_taken":["M","$","?","?","M","E","M","?","T","M","?","?","M","?","R","BOSS","M","?","?","M","?","E","?","M","T","R","?","M","M","M","R","BOSS","M","?","M","M","?","R","M","R","T","?","M","R","?","?","R","BOSS"],"build_version":"2018-11-08","purchased_purges":0,"victory":false,"max_hp_per_floor":[80,80,80,80,80,80,80,80,90,90,90,90,90,90,90,90,90,93,93,93,93,93,93,93,93,93,93,93,96,96,96,96,99,99,99,99,99,99,99,99,99,99,99,99,99,99,99,99,99,99],"card_choices":[{"not_picked":["Sword Boomerang","Havoc"],"picked":"Inflame","floor":1},{"not_picked":["Battle Trance","Iron Wave"],"picked":"Twin Strike","floor":5},{"not_picked":["Thunderclap","Burning Pact","Cleave"],"picked":"SKIP","floor":6},{"not_picked":["Entrench","Clash","Anger"],"picked":"SKIP","floor":7},{"not_picked":["Reckless Charge","Metallicize"],"picked":"Pummel","floor":10},{"not_picked":["Armaments","Metallicize"],"picked":"Pummel","floor":11},{"not_picked":["Headbutt","Infernal Blade"],"picked":"Reaper","floor":13},{"not_picked":["Exhume","Berserk"],"picked":"Feed","floor":16},{"not_picked":["Searing Blow","Evolve","Iron Wave"],"picked":"SKIP","floor":18},{"not_picked":["Perfected Strike","Sentinel+1"],"picked":"Heavy Blade","floor":21},{"not_picked":["Rampage","Disarm"],"picked":"Barricade","floor":23},{"not_picked":["Wild Strike","Headbutt"],"picked":"Body Slam","floor":25},{"not_picked":["Wild Strike+1","Burning Pact","Blood for Blood"],"picked":"SKIP","floor":29},{"not_picked":["Wild Strike","Warcry"],"picked":"Heavy Blade","floor":30},{"not_picked":["Sword Boomerang","Reaper"],"picked":"Flame Barrier","floor":31},{"not_picked":["Cleave","Disarm"],"picked":"Sword Boomerang","floor":32},{"not_picked":["Bludgeon","Feed"],"picked":"Demon Form","floor":33},{"not_picked":["Sword Boomerang","Iron Wave"],"picked":"Body Slam","floor":35},{"not_picked":["Perfected Strike+1","Pommel Strike+1"],"picked":"Metallicize+1","floor":37},{"not_picked":["Warcry+1","Sword Boomerang+1"],"picked":"Body Slam+1","floor":38},{"not_picked":["Sever Soul+1","Rampage+1"],"picked":"Entrench","floor":41},{"not_picked":["Discovery","Trip"],"picked":"Apotheosis","floor":44},{"not_picked":["Armaments+1","Rampage+1"],"picked":"Havoc","floor":45},{"not_picked":["Fire Breathing","Havoc+1"],"picked":"Flex","floor":46},{"not_picked":["Heavy Blade","Carnage+1"],"picked":"True Grit+1","floor":48},{"not_picked":["Shockwave","Headbutt"],"picked":"Havoc+1","floor":49}],"player_experience":1064372,"relics_obtained":[{"floor":6,"key":"Omamori"},{"floor":9,"key":"Pear"},{"floor":23,"key":"Dream Catcher"},{"floor":24,"key":"Bottled Tornado"},{"floor":26,"key":"Shuriken"},{"floor":28,"key":"MawBank"},{"floor":39,"key":"Pantograph"},{"floor":43,"key":"Orichalcum"},{"floor":47,"key":"Letter Opener"}],"event_choices":[{"damage_healed":0,"gold_gain":0,"player_choice":"Entered Light","damage_taken":16,"max_hp_gain":0,"max_hp_loss":0,"event_name":"Shining Light","floor":3,"gold_loss":0,"cards_upgraded":["Inflame","Strike_R"]},{"damage_healed":0,"gold_gain":79,"player_choice":"Gained Gold","damage_taken":0,"max_hp_gain":0,"max_hp_loss":0,"event_name":"Golden Wing","floor":4,"gold_loss":0},{"damage_healed":0,"gold_gain":0,"player_choice":"Box","damage_taken":0,"relics_obtained":["Tiny Chest"],"max_hp_gain":0,"max_hp_loss":0,"event_name":"Big Fish","floor":8,"gold_loss":0,"cards_obtained":["Regret"]},{"damage_healed":0,"gold_gain":0,"player_choice":"Grow","damage_taken":0,"max_hp_gain":0,"max_hp_loss":0,"event_name":"Living Wall","floor":12,"gold_loss":0,"cards_upgraded":["Uppercut"]},{"damage_healed":0,"gold_gain":0,"player_choice":"Success","damage_taken":3,"relics_obtained":["Meat on the Bone"],"max_hp_gain":0,"max_hp_loss":0,"event_name":"Scrap Ooze","floor":14,"gold_loss":0},{"damage_healed":0,"gold_gain":0,"player_choice":"Obtain J.A.X.","damage_taken":0,"max_hp_gain":0,"max_hp_loss":0,"event_name":"Drug Dealer","floor":19,"gold_loss":0,"cards_obtained":["J.A.X."]},{"damage_healed":0,"gold_gain":0,"player_choice":"Read","damage_taken":0,"max_hp_gain":0,"max_hp_loss":0,"event_name":"The Library","floor":20,"gold_loss":0,"cards_obtained":["Shrug It Off"]},{"damage_healed":0,"gold_gain":0,"player_choice":"Ignored","damage_taken":0,"max_hp_gain":0,"max_hp_loss":0,"event_name":"Ghosts","floor":22,"gold_loss":0},{"damage_healed":0,"gold_gain":0,"player_choice":"Memory 1","damage_taken":0,"max_hp_gain":0,"max_hp_loss":0,"event_name":"SensoryStone","floor":44,"gold_loss":0}],"is_beta":false,"boss_relics":[{"not_picked":["Runic Pyramid","Astrolabe"],"picked":"Sozu"},{"not_picked":["Lizard Tail","Calling Bell"],"picked":"Cursed Key"}],"items_purged_floors":[],"is_endless":true,"potions_floor_spawned":[1,6,11,18,29,33,37,41,45,48],"killed_by":"Time Eater","ascension_level":0}