{"gold_per_floor":[116,130,141,141,141,170,197,215,240,240,258,275,275,15,15,120,120,133,48,48,64,75,75],"floor_reached":23,"playtime":1073,"items_purged":[],"score":212,"play_id":"2b94f3db-6cd7-46f1-bdec-bb87cbbd7c89","local_time":"20180828153109","is_ascension_mode":true,"campfire_choices":[{"floor":10,"key":"REST"},{"data":"Phantasmal Killer","floor":13,"key":"SMITH"},{"data":"Cloak And Dagger","floor":15,"key":"SMITH"}],"neow_cost":"NONE","seed_source_timestamp":1000998244905483,"circlet_count":0,"master_deck":["Defend_G","Defend_G","Defend_G","Defend_G","Defend_G","Strike_G","Strike_G","Strike_G","Strike_G","Survivor","Neutralize","Malaise","Outmaneuver","Sucker Punch","Quick Slash","Phantasmal Killer+1","Neutralize","Blade Dance","Backflip","Cloak And Dagger+1","Riddle With Holes","Blur","Noxious Fumes","Accuracy+1","Writhe","Dodge and Roll+1","Sucker Punch+1"],"relics":["Ring of the Snake","Lantern","Odd Mushroom","Dream Catcher","Shuriken","Lizard Tail","Anchor","Bag of Marbles"],"potions_floor_usage":[6,7,18,21],"damage_taken":[{"damage":7,"enemies":"Jaw Worm","floor":1,"turns":7},{"damage":6,"enemies":"Cultist","floor":2,"turns":6},{"damage":1,"enemies":"2 Louse","floor":3,"turns":3},{"damage":10,"enemies":"Lagavulin","floor":6,"turns":10},{"damage":2,"enemies":"The Mushroom Lair","floor":7,"turns":3},{"damage":1,"enemies":"Blue Slaver","floor":8,"turns":4},{"damage":0,"enemies":"Gremlin Gang","floor":11,"turns":4},{"damage":3,"enemies":"Looter","floor":12,"turns":3},{"damage":16,"enemies":"The Guardian","floor":16,"turns":13},{"damage":27,"enemies":"Spheric Guardian","floor":18,"turns":6},{"damage":1,"enemies":"Shell Parasite","floor":21,"turns":4},{"damage":34,"enemies":"Snake Plant","floor":22,"turns":7},{"damage":44,"enemies":"Slavers","floor":23,"turns":5}],"seed_played":"3587281034610612345","potions_obtained":[{"floor":3,"key":"FearPotion"},{"floor":6,"key":"AttackPotion"},{"floor":11,"key":"Ancient Potion"},{"floor":16,"key":"Energy Potion"},{"floor":18,"key":"Swift Potion"}],"is_trial":false,"path_per_floor":["M","M","M","?","?","E","?","M","T","R","M","M","R","$","R","B",null,"M","?","?","M","M"],"character_chosen":"THE_SILENT","items_purchased":["Shuriken"],"campfire_rested":1,"item_purchase_floors":[14],"current_hp_per_floor":[63,57,56,56,56,46,44,43,43,64,64,61,61,61,61,45,70,43,43,43,42,8,0],"gold":75,"neow_bonus":"ONE_RANDOM_RARE_CARD","is_prod":false,"is_daily":false,"chose_seed":false,"campfire_upgraded":2,"win_rate":0,"timestamp":1535491869,"path_taken":["M","M","M","?","?","E","?","?","T","R","M","M","R","$","R","BOSS","M","?","?","M","?","E"],"build_version":"2018-08-23v2","purchased_purges":0,"victory":false,"max_hp_per_floor":[70,70,70,70,70,70,70,70,70,70,70,70,70,70,70,70,70,70,70,70,70,70,70],"card_choices":[{"not_picked":["Flechettes","Dash"],"picked":"Outmaneuver","floor":1},{"not_picked":["Calculated Gamble","Underhanded Strike"],"picked":"Sucker Punch","floor":2},{"not_picked":["Accuracy","Dodge and Roll"],"picked":"Quick Slash","floor":3},{"not_picked":["Accuracy","Endless Agony"],"picked":"Blade Dance","floor":6},{"not_picked":["Setup","Acrobatics"],"picked":"Backflip","floor":7},{"not_picked":["Well Laid Plans","PiercingWail"],"picked":"Cloak And Dagger","floor":8},{"not_picked":["Deflect","Dagger Throw"],"picked":"Riddle With Holes","floor":10},{"not_picked":["Finisher","Choke"],"picked":"Blur","floor":11},{"not_picked":["Concentrate","Dagger Spray"],"picked":"Noxious Fumes","floor":12},{"not_picked":["Setup+1","Bane"],"picked":"Accuracy+1","floor":18},{"not_picked":["Prepared+1","Underhanded Strike+1"],"picked":"Dodge and Roll+1","floor":21},{"not_picked":["Underhanded Strike","Backflip"],"picked":"Sucker Punch+1","floor":22}],"player_experience":364435,"relics_obtained":[{"floor":6,"key":"Lantern"},{"floor":7,"key":"Odd Mushroom"},{"floor":9,"key":"Dream Catcher"}],"event_choices":[{"event_name":"Purifier","player_choice":"One Purge","floor":4,"damage_taken":0},{"event_name":"Match and Keep!","player_choice":"2 cards matched","floor":5,"damage_taken":0},{"event_name":"Mushrooms","player_choice":"Fought Mushrooms","floor":7,"damage_taken":0},{"event_name":"Addict","player_choice":"Obtained Relic","floor":19,"damage_taken":0},{"event_name":"The Mausoleum","player_choice":"Yes","floor":20,"damage_taken":0}],"is_beta":false,"boss_relics":[{"not_picked":["Runic Pyramid","Empty Cage"],"picked":"Lizard Tail"}],"items_purged_floors":[],"is_endless":false,"potions_floor_spawned":[3,6,11,16,18],"killed_by":"Slavers","ascension_level":2}