{"gold_per_floor":[116,66,83,97,111,129,129,156,181,200,231,261,276,276,276,276],"floor_reached":16,"playtime":895,"items_purged":[],"score":114,"play_id":"a000ed61-8708-4f12-bcb6-25627a0fbd1f","local_time":"20180801222040","is_ascension_mode":false,"campfire_choices":[{"data":"Cloak And Dagger","floor":7,"key":"SMITH"},{"floor":15,"key":"REST"}],"neow_cost":"","seed_source_timestamp":44916389800672,"circlet_count":0,"master_deck":["Defend_G","Defend_G","Defend_G","Defend_G","Defend_G","Strike_G","Strike_G","Strike_G","Strike_G","Survivor","Neutralize","Endless Agony","Blade Dance","Riddle With Holes","Dagger Spray","Cloak And Dagger+1","Noxious Fumes","Prepared","Backflip","Blade Dance"],"relics":["Ring of the Snake","Bottled Flame","Anchor","Blood Vial"],"potions_floor_usage":[8,10,11,11],"damage_taken":[{"damage":4,"enemies":"Jaw Worm","floor":1,"turns":4},{"damage":0,"enemies":"2 Louse","floor":3,"turns":3},{"damage":1,"enemies":"Cultist","floor":4,"turns":4},{"damage":0,"enemies":"Large Slime","floor":5,"turns":5},{"damage":4,"enemies":"3 Louse","floor":6,"turns":2},{"damage":10,"enemies":"3 Sentries","floor":8,"turns":7},{"damage":10,"enemies":"Exordium Wildlife","floor":10,"turns":4},{"damage":31,"enemies":"Lagavulin","floor":11,"turns":7},{"damage":7,"enemies":"Exordium Thugs","floor":13,"turns":5},{"damage":31,"enemies":"The Guardian","floor":16,"turns":9}],"seed_played":"-1524043404800115712","potions_obtained":[{"floor":1,"key":"GhostInAJar"},{"floor":3,"key":"GamblersBrew"},{"floor":4,"key":"Ancient Potion"},{"floor":5,"key":"Block Potion"},{"floor":8,"key":"Ancient Potion"}],"is_trial":false,"path_per_floor":["M","?","M","M","M","M","R","E","T","M","E","?","M","?","R"],"character_chosen":"THE_SILENT","items_purchased":[],"campfire_rested":1,"item_purchase_floors":[],"current_hp_per_floor":[66,66,66,65,65,61,61,51,51,41,10,10,5,5,26,0],"gold":276,"neow_bonus":"","is_prod":false,"is_daily":false,"chose_seed":false,"campfire_upgraded":1,"win_rate":0.0,"timestamp":1533183640,"path_taken":["M","?","M","?","M","M","R","E","T","M","E","?","M","?","R","BOSS"],"build_version":"2018-07-26","purchased_purges":0,"victory":false,"max_hp_per_floor":[70,70,70,70,70,70,70,70,70,70,70,70,70,70,70,70],"card_choices":[{"not_picked":["Dodge and Roll","Well Laid Plans"],"picked":"Endless Agony","floor":1},{"not_picked":["Quick Slash","Sucker Punch"],"picked":"Blade Dance","floor":3},{"not_picked":["Outmaneuver","Footwork"],"picked":"Riddle With Holes","floor":4},{"not_picked":["Backflip","Dagger Throw"],"picked":"Dagger Spray","floor":5},{"not_picked":["Dagger Throw","Eviscerate"],"picked":"Cloak And Dagger","floor":6},{"not_picked":["Slice","Crippling Poison"],"picked":"Noxious Fumes","floor":8},{"not_picked":["Catalyst","Sucker Punch"],"picked":"Prepared","floor":10},{"not_picked":["Acrobatics","Die Die Die"],"picked":"Backflip","floor":11},{"not_picked":["Crippling Poison","Backflip"],"picked":"Blade Dance","floor":13}],"player_experience":151033,"relics_obtained":[{"floor":8,"key":"Bottled Flame"},{"floor":9,"key":"Anchor"},{"floor":11,"key":"Blood Vial"}],"event_choices":[{"event_name":"The Cleric","player_choice":"Card Removal","floor":2,"damage_taken":0},{"event_name":"Dead Adventurer","player_choice":"Searched \u00272\u0027 times","floor":12,"damage_taken":0},{"event_name":"Scrap Ooze","player_choice":"unsuccessful","floor":14,"damage_taken":0}],"is_beta":false,"boss_relics":[],"items_purged_floors":[],"is_endless":false,"potions_floor_spawned":[1,3,4,5,8],"killed_by":"The Guardian","ascension_level":0}