{"gold_per_floor":[115,38,38,38,57,57,69,69,116,116,126,126,126,151,151,251,251,271,286,32,32,51,51,63,18,18,18,43,55,74,74,74,173,173,192,192,192,212,4,37,37,56,56,16,26,54,70,70,70,70,70,70,39,69,69],"floor_reached":56,"playtime":2583,"items_purged":[],"score":1739,"play_id":"5d20fb4d-7542-4c0a-95b1-209a4414d5da","local_time":"20190216003745","is_ascension_mode":true,"campfire_choices":[{"data":"Corruption","floor":6.0,"key":"SMITH"},{"data":"Dark Embrace","floor":8.0,"key":"SMITH"},{"data":"Whirlwind","floor":10.0,"key":"SMITH"},{"data":"Disarm","floor":13.0,"key":"SMITH"},{"data":"Bash","floor":15.0,"key":"SMITH"},{"data":"Inflame","floor":23.0,"key":"SMITH"},{"data":"Offering","floor":27.0,"key":"SMITH"},{"data":"True Grit","floor":32.0,"key":"SMITH"},{"data":"Demon Form","floor":41.0,"key":"SMITH"},{"floor":49.0,"key":"RECALL"},{"data":"Sword Boomerang","floor":52.0,"key":"SMITH"}],"neow_cost":"NONE","seed_source_timestamp":1143039538127306,"circlet_count":0,"master_deck":["AscendersBane","Bash+1","Dark Embrace+1","Whirlwind+1","Corruption+1","Disarm+1","Inflame+1","Offering+1","Shrug It Off","Flame Barrier","True Grit+1","Feel No Pain","Flame Barrier","Limit Break","Feel No Pain","Impervious","Searing Blow","Hemokinesis","Ghostly Armor","Sentinel","Warcry","Dual Wield","Demon Form+1","Flame Barrier","Shrug It Off","Sword Boomerang+1","Havoc+1","Trip","Inflame"],"special_seed":0,"relics":["Burning Blood","Meat on the Bone","Orichalcum","Spirit Poop","Bottled Flame","Coffee Dripper","Strange Spoon","Pantograph","The Courier","Pandora\u0027s Box","PrismaticShard","Singing Bowl","Blood Vial","Incense Burner"],"potions_floor_usage":[55,55],"damage_taken":[{"damage":5.0,"enemies":"Small Slimes","floor":1.0,"turns":5.0},{"damage":19.0,"enemies":"Jaw Worm","floor":5.0,"turns":6.0},{"damage":15.0,"enemies":"Cultist","floor":7.0,"turns":5.0},{"damage":22.0,"enemies":"Red Slaver","floor":11.0,"turns":5.0},{"damage":14.0,"enemies":"Lagavulin","floor":14.0,"turns":7.0},{"damage":39.0,"enemies":"The Guardian","floor":16.0,"turns":17.0},{"damage":13.0,"enemies":"Shell Parasite","floor":18.0,"turns":5.0},{"damage":23.0,"enemies":"2 Thieves","floor":19.0,"turns":4.0},{"damage":18.0,"enemies":"Snecko","floor":22.0,"turns":5.0},{"damage":13.0,"enemies":"3 Cultists","floor":24.0,"turns":3.0},{"damage":10.0,"enemies":"Gremlin Leader","floor":28.0,"turns":5.0},{"damage":17.0,"enemies":"Centurion and Healer","floor":29.0,"turns":6.0},{"damage":23.0,"enemies":"Shelled Parasite and Fungi","floor":30.0,"turns":4.0},{"damage":57.0,"enemies":"Automaton","floor":33.0,"turns":10.0},{"damage":39.0,"enemies":"3 Darklings","floor":35.0,"turns":4.0},{"damage":16.0,"enemies":"Orb Walker","floor":38.0,"turns":4.0},{"damage":20.0,"enemies":"Giant Head","floor":40.0,"turns":6.0},{"damage":21.0,"enemies":"3 Darklings","floor":42.0,"turns":4.0},{"damage":34.0,"enemies":"Transient","floor":45.0,"turns":5.0},{"damage":28.0,"enemies":"Reptomancer","floor":46.0,"turns":8.0},{"damage":17.0,"enemies":"Spire Growth","floor":47.0,"turns":5.0},{"damage":51.0,"enemies":"Time Eater","floor":50.0,"turns":9.0},{"damage":52.0,"enemies":"Shield and Spear","floor":54.0,"turns":7.0},{"damage":30,"enemies":"The Heart","floor":55,"turns":7}],"seed_played":"-6576206492376320986","potions_obtained":[{"floor":1.0,"key":"EssenceOfSteel"},{"floor":5.0,"key":"FearPotion"},{"floor":19.0,"key":"Strength Potion"},{"floor":42.0,"key":"SteroidPotion"},{"floor":54.0,"key":"SkillPotion"}],"is_trial":false,"path_per_floor":["M","$","?","$","M","R","M","R","T","R","M","?","R","E","R","B",null,"M","M","$","$","M","R","M","$","T","R","E","M","M","?","R","B",null,"M","?","?","M","$","E","R","M","T","$","M","E","M","?","R","B",null,"R","$","E","B",null],"character_chosen":"IRONCLAD","items_purchased":["Corruption","Shrug It Off","Strange Spoon","True Grit","PrismaticShard","Flame Barrier","Shrug It Off","Inflame"],"campfire_rested":0,"item_purchase_floors":[2,20,20,25,39,39,44,53],"current_hp_per_floor":[73,73,73,73,60,60,51,51,51,51,47,47,47,51,51,30,68,61,56,56,56,56,56,49,49,49,49,57,58,53,53,53,39,70,49,49,49,51,51,51,51,50,50,50,34,24,29,26,26,20,71,71,71,41,56],"gold":69,"neow_bonus":"ONE_RANDOM_RARE_CARD","is_prod":false,"is_daily":false,"chose_seed":false,"campfire_upgraded":10,"win_rate":0,"timestamp":1550306265,"path_taken":["M","$","?","$","M","R","M","R","T","R","M","?","R","E","R","BOSS","M","M","?","$","M","R","M","$","T","R","E","?","M","?","R","BOSS","M","?","?","M","$","E","R","M","T","$","M","E","M","?","R","BOSS","R","$","E","BOSS"],"build_version":"2019-01-23","purchased_purges":0,"victory":true,"max_hp_per_floor":[80,80,80,80,80,80,80,80,80,80,80,80,80,80,80,80,80,80,80,80,80,80,80,80,80,80,80,80,80,80,80,80,80,80,80,80,80,80,80,82,82,84,84,84,84,84,86,88,88,88,88,88,88,90,90],"card_choices":[{"not_picked":["Wild Strike","Anger"],"picked":"Whirlwind","floor":1.0},{"not_picked":["Heavy Blade","Fire Breathing","Flex"],"picked":"SKIP","floor":5.0},{"not_picked":["Iron Wave","Metallicize","Headbutt"],"picked":"SKIP","floor":7.0},{"not_picked":["Burning Pact","Twin Strike"],"picked":"Disarm","floor":11.0},{"not_picked":["Body Slam","Dual Wield"],"picked":"Inflame","floor":14.0},{"not_picked":["Limit Break","Exhume"],"picked":"Offering","floor":16.0},{"not_picked":["Iron Wave","Clash","Perfected Strike"],"picked":"SKIP","floor":18.0},{"not_picked":["Burning Pact","Rupture","Wild Strike"],"picked":"SKIP","floor":19.0},{"not_picked":["Headbutt","Perfected Strike","Bloodletting"],"picked":"SKIP","floor":22.0},{"not_picked":["Wild Strike","Dropkick"],"picked":"Flame Barrier","floor":24.0},{"not_picked":["Rage","Barricade","Anger"],"picked":"SKIP","floor":28.0},{"not_picked":["Warcry+1","Clash"],"picked":"Feel No Pain","floor":29.0},{"not_picked":["Wild Strike","Flex","Pommel Strike"],"picked":"SKIP","floor":30.0},{"not_picked":["Dark Embrace","Berserk"],"picked":"Limit Break","floor":33.0},{"not_picked":["Seeing Red+1","Headbutt+1"],"picked":"Thunderclap+1","floor":35.0},{"not_picked":["Bloodletting","Hemokinesis","Pommel Strike"],"picked":"SKIP","floor":38.0},{"not_picked":["Bloodletting","Hemokinesis","Pommel Strike"],"picked":"SKIP","floor":38.0},{"not_picked":["Darkness","Hologram","Carnage+1"],"picked":"Singing Bowl","floor":40.0},{"not_picked":["Prepared","Underhanded Strike","Steam"],"picked":"Singing Bowl","floor":42.0},{"not_picked":["Dodge and Roll","Bane"],"picked":"Sword Boomerang","floor":45.0},{"not_picked":["HandOfGreed","Dagger Throw"],"picked":"Havoc+1","floor":46.0},{"not_picked":["Go for the Eyes+1","Deflect","Dagger Spray+1"],"picked":"Singing Bowl","floor":47.0},{"not_picked":["Master of Strategy","Dark Shackles"],"picked":"Trip","floor":48.0},{"not_picked":["Flash of Steel","Dramatic Entrance","Impatience"],"picked":"Singing Bowl","floor":48.0},{"not_picked":["Armaments","Thunderclap+1","Go for the Eyes"],"picked":"Singing Bowl","floor":54.0}],"player_experience":406994,"relics_obtained":[{"floor":9.0,"key":"Orichalcum"},{"floor":14.0,"key":"Bottled Flame"},{"floor":26.0,"key":"Pantograph"},{"floor":28.0,"key":"The Courier"},{"floor":40.0,"key":"Singing Bowl"},{"floor":46.0,"key":"Blood Vial"},{"floor":54.0,"key":"Incense Burner"}],"event_choices":[{"damage_healed":0.0,"max_hp_gain":0.0,"max_hp_loss":0.0,"gold_gain":0.0,"event_name":"Big Fish","player_choice":"Box","floor":3.0,"gold_loss":0.0,"damage_taken":0.0,"relics_obtained":["Meat on the Bone"],"cards_obtained":["Regret"]},{"cards_removed":["Regret"],"damage_healed":0.0,"max_hp_gain":0.0,"max_hp_loss":0.0,"gold_gain":0.0,"event_name":"Bonfire Elementals","player_choice":"Offered Curse","floor":12.0,"gold_loss":0.0,"damage_taken":0.0,"relics_obtained":["Spirit Poop"]},{"damage_healed":0.0,"max_hp_gain":0.0,"max_hp_loss":0.0,"gold_gain":0.0,"event_name":"Duplicator","player_choice":"Copied","floor":31.0,"gold_loss":0.0,"damage_taken":0.0,"cards_obtained":["Flame Barrier"]},{"cards_removed":["Thunderclap"],"damage_healed":0.0,"max_hp_gain":0.0,"max_hp_loss":0.0,"gold_gain":0.0,"event_name":"Falling","player_choice":"Removed Attack","floor":36.0,"gold_loss":0.0,"damage_taken":0.0},{"damage_healed":0.0,"max_hp_gain":0.0,"max_hp_loss":0.0,"gold_gain":0.0,"event_name":"Tomb of Lord Red Mask","player_choice":"Ignored","floor":37.0,"gold_loss":0.0,"damage_taken":0.0},{"damage_healed":0.0,"max_hp_gain":0.0,"max_hp_loss":0.0,"gold_gain":0.0,"event_name":"SensoryStone","player_choice":"Memory 2","floor":48.0,"gold_loss":0.0,"damage_taken":5.0}],"is_beta":false,"boss_relics":[{"not_picked":["White Beast Statue","Snecko Eye"],"picked":"Coffee Dripper"},{"not_picked":["Empty Cage","Philosopher\u0027s Stone"],"picked":"Pandora\u0027s Box"}],"items_purged_floors":[],"is_endless":false,"potions_floor_spawned":[1,5,16,19,24,28,33,40,42,45,54],"ascension_level":12}