{"gold_per_floor":[113,126,136,149,161,188,188,213,237,255,179,179,179,196,196,196],"floor_reached":16,"playtime":753,"items_purged":[],"score":114,"play_id":"0c250c8c-3679-4966-abb1-a193804ec086","local_time":"20190318005845","is_ascension_mode":false,"campfire_choices":[{"data":"Zap","floor":13,"key":"SMITH"},{"data":"Self Repair","floor":15,"key":"SMITH"}],"neow_cost":"NONE","seed_source_timestamp":178286749371943,"circlet_count":0,"master_deck":["Strike_B","Strike_B","Strike_B","Strike_B","Defend_B","Defend_B","Defend_B","Zap+1","Conserve Battery","Conserve Battery","Heatsinks","Self Repair+1","FTL"],"relics":["Cracked Core","Meat on the Bone","Sundial","Pen Nib"],"potions_floor_usage":[8,16,16,16],"damage_taken":[{"damage":0,"enemies":"Cultist","floor":1,"turns":4},{"damage":5,"enemies":"Small Slimes","floor":2,"turns":4},{"damage":3,"enemies":"2 Louse","floor":3,"turns":3},{"damage":8,"enemies":"Lots of Slimes","floor":4,"turns":6},{"damage":2,"enemies":"Exordium Wildlife","floor":5,"turns":4},{"damage":32,"enemies":"Gremlin Nob","floor":6,"turns":5},{"damage":26,"enemies":"Lagavulin","floor":8,"turns":9},{"damage":2,"enemies":"Blue Slaver","floor":10,"turns":4},{"damage":3,"enemies":"2 Fungi Beasts","floor":14,"turns":4},{"damage":48,"enemies":"Hexaghost","floor":16,"turns":11}],"seed_played":"-3617048707156587028","potions_obtained":[{"floor":3,"key":"EssenceOfSteel"},{"floor":4,"key":"Poison Potion"},{"floor":6,"key":"Regen Potion"},{"floor":8,"key":"Block Potion"}],"is_trial":false,"path_per_floor":["M","?"],"character_chosen":"DEFECT","items_purchased":["FTL"],"campfire_rested":0,"item_purchase_floors":[11],"current_hp_per_floor":[75,70,67,59,57,25,25,26,26,43,43,43,43,47,47,0],"gold":196,"neow_bonus":"REMOVE_CARD","is_prod":false,"is_daily":false,"chose_seed":false,"campfire_upgraded":2,"win_rate":0,"timestamp":1552885125,"path_taken":["M","?","M","M","M","E","$","E","T","M","$","?","R","M","R","BOSS"],"build_version":"2019-01-23","purchased_purges":0,"victory":false,"max_hp_per_floor":[75,75,75,75,75,75,75,75,75,75,75,75,75,75,75,75],"card_choices":[{"not_picked":["Gash","Sunder","Compile Driver"],"picked":"SKIP","floor":1},{"not_picked":["Leap","Steam Power"],"picked":"Conserve Battery","floor":2},{"not_picked":["Turbo","Gash"],"picked":"Conserve Battery","floor":3},{"not_picked":["Lockon","Beam Cell"],"picked":"Heatsinks","floor":4},{"not_picked":["Rebound","Stack","Cold Snap"],"picked":"SKIP","floor":5},{"not_picked":["Stack","Skim","Darkness"],"picked":"SKIP","floor":6},{"not_picked":["Multi-Cast","Undo"],"picked":"Self Repair","floor":8},{"not_picked":["Compile Driver","Leap","Barrage"],"picked":"SKIP","floor":10},{"not_picked":["Cold Snap","Beam Cell","Hologram"],"picked":"SKIP","floor":14}],"player_experience":735857,"relics_obtained":[{"floor":6,"key":"Meat on the Bone"},{"floor":8,"key":"Sundial"},{"floor":9,"key":"Pen Nib"}],"event_choices":[{"cards_removed":["Defend_B"],"damage_healed":0,"gold_gain":0,"player_choice":"Purged","damage_taken":0,"max_hp_gain":0,"max_hp_loss":0,"event_name":"Purifier","floor":12,"gold_loss":0}],"is_beta":false,"boss_relics":[],"items_purged_floors":[],"is_endless":false,"potions_floor_spawned":[3,4,6,8],"killed_by":"Hexaghost","ascension_level":0}