{"gold_per_floor":[112,112,132,132,132,132,162,176,176,190,190,202,233,4,4,107,107,118,33,33,44,60,60,90,102,114,51,10,26,37,37,37,139,139,149,149,165,165],"floor_reached":38,"playtime":1110,"items_purged":[],"score":561,"play_id":"3ed547c5-0dcf-4cff-b427-0f2c5254c2ba","local_time":"20181114200047","is_ascension_mode":true,"campfire_choices":[{"data":"Lockon","floor":6.0,"key":"SMITH"},{"data":"Defragment","floor":11.0,"key":"SMITH"},{"data":"Capacitor","floor":15.0,"key":"SMITH"},{"data":"Zap","floor":23.0,"key":"SMITH"},{"floor":25,"key":"REST"},{"floor":32,"key":"DIG"}],"neow_cost":"NONE","seed_source_timestamp":0,"circlet_count":0,"master_deck":["Strike_B","Strike_B","Defend_B","Defend_B","Zap+1","Dualcast+1","Lockon+1","Self Repair+1","Defragment+1","White Noise+1","Capacitor+1","Tempest+1","Seek+1","Glacier+1","Thunder Strike","Multi-Cast+1","Barrage+1","All For One+1","Blizzard","Tempest+1","Ball Lightning+1","Redo+1","Leap+1","Redo+1","Fission+1","Fission+1","BootSequence+1"],"special_seed":0,"relics":["Cracked Core","NeowsBlessing","FaceOfCleric","Toxic Egg 2","Centennial Puzzle","Darkstone Periapt","Gremlin Horn","Strawberry","Astrolabe","Happy Flower","Lantern","MawBank","Shovel","Ancient Tea Set","Eternal Feather"],"potions_floor_usage":[30,33],"damage_taken":[{"damage":0.0,"enemies":"2 Louse","floor":1.0,"turns":1.0},{"damage":0.0,"enemies":"Cultist","floor":3.0,"turns":1.0},{"damage":0.0,"enemies":"Lagavulin","floor":7.0,"turns":1.0},{"damage":0.0,"enemies":"Small Slimes","floor":8.0,"turns":2.0},{"damage":7.0,"enemies":"Looter","floor":10.0,"turns":3.0},{"damage":16.0,"enemies":"Lots of Slimes","floor":12.0,"turns":5.0},{"damage":30.0,"enemies":"3 Sentries","floor":13.0,"turns":5.0},{"damage":25.0,"enemies":"Hexaghost","floor":16.0,"turns":6.0},{"damage":12.0,"enemies":"Chosen","floor":18.0,"turns":4.0},{"damage":33.0,"enemies":"3 Byrds","floor":21.0,"turns":3.0},{"damage":6.0,"enemies":"Snake Plant","floor":22.0,"turns":4.0},{"damage":25,"enemies":"Book of Stabbing","floor":24,"turns":3},{"damage":0,"enemies":"Snecko","floor":29,"turns":2},{"damage":14,"enemies":"Shelled Parasite and Fungi","floor":30,"turns":3},{"damage":31,"enemies":"Champ","floor":33,"turns":7},{"damage":0,"enemies":"Orb Walker","floor":35,"turns":2},{"damage":54,"enemies":"3 Darklings","floor":37,"turns":5},{"damage":38,"enemies":"Writhing Mass","floor":38,"turns":2}],"seed_played":"-7084488755203736521","potions_obtained":[{"floor":3.0,"key":"FearPotion"},{"floor":10.0,"key":"Strength Potion"},{"floor":12.0,"key":"EssenceOfSteel"},{"floor":30,"key":"Swift Potion"},{"floor":33,"key":"LiquidBronze"}],"is_trial":false,"path_per_floor":["M","?","M","?","?","R","E","M","T","M","R","M","E","$","R","B",null,"M","?","?","M","M","R","E","R","T","?","$","M","M","$","R","B",null,"M","?","M","M"],"character_chosen":"DEFECT","items_purchased":["Glacier+1","Strawberry","Redo+1"],"campfire_rested":1,"item_purchase_floors":[14,14,28],"current_hp_per_floor":[75,75,76,61,61,61,62,73,73,77,77,72,43,50,50,36,76,75,75,75,43,38,38,14,41,41,41,41,52,49,49,49,29,79,80,80,37,0],"gold":165,"neow_bonus":"THREE_ENEMY_KILL","is_prod":false,"is_daily":false,"chose_seed":false,"campfire_upgraded":4,"win_rate":0,"timestamp":1542243647,"path_taken":["M","?","?","?","?","R","E","M","T","?","R","M","E","$","R","BOSS","M","?","?","M","M","R","E","R","T","?","$","M","M","?","R","BOSS","M","?","M","?"],"build_version":"2018-11-13","purchased_purges":0,"victory":false,"max_hp_per_floor":[75,75,76,76,76,76,77,78,78,79,79,80,81,88,88,89,89,90,90,90,91,92,92,93,93,93,93,93,94,95,95,95,96,96,97,97,98,98],"card_choices":[{"not_picked":["Turbo","Stack"],"picked":"Lockon","floor":1.0},{"not_picked":["Lockon","Self Repair","Redo"],"picked":"SKIP","floor":3.0},{"not_picked":["Lockon","Redo"],"picked":"Self Repair","floor":3.0},{"not_picked":["Go for the Eyes","Thunder Strike"],"picked":"Defragment","floor":7.0},{"not_picked":["Auto Shields+1","Streamline"],"picked":"White Noise+1","floor":8.0},{"not_picked":["Turbo+1","Hologram+1"],"picked":"Capacitor","floor":10.0},{"not_picked":["Rebound","Ball Lightning"],"picked":"Tempest+1","floor":12.0},{"not_picked":["Gash","Turbo+1"],"picked":"Seek+1","floor":13.0},{"not_picked":["Creative AI","Biased Cognition"],"picked":"Thunder Strike","floor":16.0},{"not_picked":["Compile Driver","Reinforced Body+1"],"picked":"Blizzard","floor":18.0},{"not_picked":["Blizzard","Auto Shields+1"],"picked":"Tempest+1","floor":21.0},{"not_picked":["Beam Cell","Gash","Hello World"],"picked":"SKIP","floor":22.0},{"not_picked":["Stack+1","Storm"],"picked":"Ball Lightning+1","floor":24},{"not_picked":["Thunder Strike","Beam Cell"],"picked":"Leap+1","floor":29},{"not_picked":["Sweeping Beam","Beam Cell+1"],"picked":"Redo+1","floor":30},{"not_picked":["Reboot+1","Multi-Cast+1"],"picked":"Fission+1","floor":33},{"not_picked":["Rip and Tear","Go for the Eyes","Fusion+1"],"picked":"SKIP","floor":35},{"not_picked":["Hello World+1","Barrage+1"],"picked":"BootSequence+1","floor":37}],"player_experience":454346,"relics_obtained":[{"floor":7.0,"key":"Centennial Puzzle"},{"floor":9.0,"key":"Darkstone Periapt"},{"floor":13.0,"key":"Gremlin Horn"},{"floor":24,"key":"MawBank"},{"floor":26,"key":"Shovel"},{"floor":32,"key":"Ancient Tea Set"}],"event_choices":[{"damage_healed":0.0,"max_hp_gain":0.0,"max_hp_loss":0.0,"gold_gain":0.0,"event_name":"FaceTrader","player_choice":"Trade","floor":2.0,"gold_loss":0.0,"damage_taken":0.0,"relics_obtained":["FaceOfCleric"]},{"damage_healed":0.0,"max_hp_gain":0.0,"max_hp_loss":0.0,"gold_gain":0.0,"event_name":"Shining Light","player_choice":"Entered Light","floor":4.0,"gold_loss":0.0,"damage_taken":15.0,"cards_upgraded":["Dualcast","Self Repair"]},{"damage_healed":0.0,"max_hp_gain":0.0,"max_hp_loss":0.0,"gold_gain":0.0,"event_name":"WeMeetAgain","player_choice":"Gave Potion","floor":5.0,"gold_loss":0.0,"damage_taken":0.0,"relics_obtained":["Toxic Egg 2"]},{"damage_healed":0.0,"max_hp_gain":0.0,"max_hp_loss":0.0,"gold_gain":0.0,"event_name":"Addict","player_choice":"Obtained Relic","floor":19.0,"gold_loss":85.0,"damage_taken":0.0,"relics_obtained":["Happy Flower"]},{"damage_healed":0.0,"max_hp_gain":0.0,"max_hp_loss":0.0,"gold_gain":0.0,"event_name":"The Mausoleum","player_choice":"Opened","floor":20.0,"gold_loss":0.0,"damage_taken":0.0,"relics_obtained":["Lantern"]},{"cards_removed":["Defend_B"],"damage_healed":0,"gold_gain":0,"player_choice":"Gave Gold","damage_taken":0,"max_hp_gain":0,"max_hp_loss":0,"event_name":"Beggar","floor":27,"gold_loss":75},{"damage_healed":0,"gold_gain":0,"player_choice":"Copied","damage_taken":0,"max_hp_gain":0,"max_hp_loss":0,"event_name":"Duplicator","floor":36,"gold_loss":0,"cards_obtained":["Fission"]}],"is_beta":true,"boss_relics":[{"not_picked":["Coffee Dripper","White Beast Statue"],"picked":"Astrolabe"},{"not_picked":["Velvet Choker","Black Star"],"picked":"Eternal Feather"}],"items_purged_floors":[],"is_endless":false,"potions_floor_spawned":[3,10,12,30,33],"killed_by":"Writhing Mass","ascension_level":5}