{"gold_per_floor":[110,110,129,129,17,17,43,53,53,72,72,72,72,101,101,204,204,224,224,224,224,238,238,265,265,290,315,329,349,359,58,58,160,160,171,131,150,168,185,185,215,215,238,268,281,281,300,318,318,318,318,318,5,37,37],"floor_reached":55,"playtime":5441,"items_purged":["Defend_B","Defend_B+1","Biased Cognition"],"score":707,"play_id":"cac09abc-b6d3-4dc8-bcfb-8dac712c90bc","local_time":"20190214121427","is_ascension_mode":false,"campfire_choices":[{"data":"Zap","floor":6.0,"key":"SMITH"},{"data":"Genetic Algorithm","floor":12.0,"key":"SMITH"},{"floor":15.0,"key":"REST"},{"data":"Sunder","floor":23.0,"key":"SMITH"},{"data":"Conserve Battery","floor":25.0,"key":"SMITH"},{"floor":32,"key":"REST"},{"floor":40,"key":"RECALL"},{"floor":42,"key":"REST"},{"data":"Panache","floor":49,"key":"SMITH"},{"data":"Biased Cognition","floor":52,"key":"SMITH"}],"neow_cost":"NONE","seed_source_timestamp":0,"circlet_count":0,"master_deck":["Strike_B+1","Strike_B+1","Defend_B+1","Defend_B+1","Zap+1","Dualcast+1","Sunder+1","Defragment+1","Genetic Algorithm+1","Conserve Battery+1","Undo+1","Ball Lightning+1","Storm+1","Panache+1","Biased Cognition+1","Conserve Battery+1","Defragment+1","Hello World","Defragment+1"],"special_seed":0,"relics":["Cracked Core","Pantograph","Omamori","Emotion Chip","DataDisk","Philosopher\u0027s Stone","MutagenicStrength","Potion Belt","Red Mask","Black Star","Anchor","Dream Catcher","Regal Pillow","Happy Flower","Strawberry","Bag of Marbles","Orichalcum"],"potions_floor_usage":[41,41,44,50,54,54,55,55,55],"damage_taken":[{"damage":0.0,"enemies":"Cultist","floor":1.0,"turns":5.0},{"damage":0.0,"enemies":"2 Louse","floor":3.0,"turns":2.0},{"damage":12.0,"enemies":"3 Sentries","floor":7.0,"turns":4.0},{"damage":0.0,"enemies":"Small Slimes","floor":8.0,"turns":2.0},{"damage":4.0,"enemies":"Looter","floor":10.0,"turns":3.0},{"damage":18.0,"enemies":"Gremlin Nob","floor":14.0,"turns":4.0},{"damage":54.0,"enemies":"Hexaghost","floor":16.0,"turns":8.0},{"damage":24.0,"enemies":"3 Byrds","floor":18.0,"turns":4.0},{"damage":5.0,"enemies":"Chosen","floor":22.0,"turns":4.0},{"damage":5.0,"enemies":"Slavers","floor":24.0,"turns":5.0},{"damage":24.0,"enemies":"Masked Bandits","floor":27.0,"turns":4.0},{"damage":0.0,"enemies":"Shelled Parasite and Fungi","floor":28.0,"turns":4.0},{"damage":2,"enemies":"Snake Plant","floor":29,"turns":2},{"damage":0,"enemies":"Snecko","floor":30,"turns":3},{"damage":40,"enemies":"Champ","floor":33,"turns":8},{"damage":0,"enemies":"3 Darklings","floor":35,"turns":4},{"damage":0,"enemies":"Orb Walker","floor":37,"turns":2},{"damage":1,"enemies":"Writhing Mass","floor":38,"turns":3},{"damage":15,"enemies":"3 Darklings","floor":39,"turns":3},{"damage":22,"enemies":"Reptomancer","floor":41,"turns":4},{"damage":17,"enemies":"Nemesis","floor":44,"turns":7},{"damage":0,"enemies":"Jaw Worm Horde","floor":45,"turns":4},{"damage":0,"enemies":"Writhing Mass","floor":47,"turns":3},{"damage":7,"enemies":"Maw","floor":48,"turns":5},{"damage":56,"enemies":"Donu and Deca","floor":50,"turns":6},{"damage":13,"enemies":"Shield and Spear","floor":54,"turns":3},{"damage":84,"enemies":"The Heart","floor":55,"turns":5}],"seed_played":"8900033694459899515","potions_obtained":[{"floor":3.0,"key":"Energy Potion"},{"floor":7.0,"key":"Energy Potion"},{"floor":14.0,"key":"PowerPotion"},{"floor":16.0,"key":"AttackPotion"},{"floor":24.0,"key":"PowerPotion"},{"floor":28,"key":"Regen Potion"},{"floor":29,"key":"SpeedPotion"},{"floor":30,"key":"Weak Potion"},{"floor":44,"key":"Ancient Potion"},{"floor":45,"key":"Explosive Potion"},{"floor":47,"key":"Ancient Potion"},{"floor":54,"key":"EssenceOfSteel"}],"is_trial":false,"path_per_floor":["?","?","M","?","?","?","?","?","?","?","M","?","M"],"character_chosen":"DEFECT","items_purchased":["Defragment","Storm","Panache","Hello World","Strawberry"],"campfire_rested":3,"item_purchase_floors":[5,31,31,53,53],"current_hp_per_floor":[75,75,75,75,75,75,63,63,63,59,59,59,44,26,48,19,75,51,75,75,75,70,70,65,65,65,41,41,39,39,39,61,35,75,75,75,75,74,59,59,46,68,68,51,51,51,51,44,44,13,75,75,82,69,0],"gold":37,"neow_bonus":"REMOVE_CARD","is_prod":false,"is_daily":false,"chose_seed":false,"campfire_upgraded":6,"win_rate":0,"timestamp":1550164467,"path_taken":["M","?","M","?","$","R","E","M","T","?","?","R","?","E","R","BOSS","M","?","?","?","M","R","E","R","T","?","M","M","M","$","R","BOSS","M","?","M","?","M","R","E","R","T","E","M","?","M","?","R","BOSS","R","$","E","BOSS"],"build_version":"2019-01-23","purchased_purges":3,"victory":false,"max_hp_per_floor":[75,75,75,75,75,75,75,75,75,75,75,75,75,75,75,75,75,75,75,75,75,75,75,75,75,75,75,75,75,75,75,75,75,75,75,75,75,75,75,75,75,75,75,75,75,75,75,75,75,75,75,75,82,82,82],"card_choices":[{"not_picked":["Cold Snap","Coolheaded","Auto Shields"],"picked":"SKIP","floor":1.0},{"not_picked":["Auto Shields","Ball Lightning"],"picked":"Sunder","floor":3.0},{"not_picked":["Sweeping Beam","Heatsinks","Rip and Tear"],"picked":"SKIP","floor":7.0},{"not_picked":["Aggregate","Compile Driver"],"picked":"Genetic Algorithm","floor":8.0},{"not_picked":["Coolheaded","Consume"],"picked":"Conserve Battery","floor":10.0},{"not_picked":["Hologram","Rebound","Turbo"],"picked":"SKIP","floor":14.0},{"not_picked":["Reboot","Fission"],"picked":"Biased Cognition","floor":16.0},{"not_picked":["Blizzard","Cold Snap","Go for the Eyes"],"picked":"SKIP","floor":18.0},{"not_picked":["Redo","Rip and Tear"],"picked":"Undo+1","floor":22.0},{"not_picked":["Thunder Strike","Darkness","Steam Power"],"picked":"SKIP","floor":24.0},{"not_picked":["Loop","Barrage"],"picked":"Ball Lightning","floor":27.0},{"not_picked":["Beam Cell","Turbo","Darkness"],"picked":"SKIP","floor":28},{"not_picked":["Compile Driver","Consume","Turbo"],"picked":"SKIP","floor":29},{"not_picked":["Sweeping Beam+1","Hologram","Redo"],"picked":"SKIP","floor":30},{"not_picked":["All For One","Thunder Strike"],"picked":"Biased Cognition","floor":33},{"not_picked":["Steam","Barrage+1","Rebound"],"picked":"SKIP","floor":35},{"not_picked":["Coolheaded","Go for the Eyes+1"],"picked":"Conserve Battery+1","floor":37},{"not_picked":["Conserve Battery","Rebound"],"picked":"Defragment+1","floor":38},{"not_picked":["Genetic Algorithm+1","Tempest","Conserve Battery"],"picked":"SKIP","floor":39},{"not_picked":["Doom and Gloom+1","Self Repair","Hologram"],"picked":"SKIP","floor":41},{"not_picked":["Hologram+1","BootSequence+1","Turbo"],"picked":"SKIP","floor":44},{"not_picked":["Hologram","Beam Cell+1","Tempest+1"],"picked":"SKIP","floor":45},{"not_picked":["Consume","Darkness+1","Reboot"],"picked":"SKIP","floor":47},{"not_picked":["Compile Driver","Steam+1","Beam Cell"],"picked":"SKIP","floor":48},{"not_picked":["Coolheaded","Go for the Eyes+1"],"picked":"Defragment+1","floor":54}],"player_experience":464724,"relics_obtained":[{"floor":7.0,"key":"Pantograph"},{"floor":9.0,"key":"Omamori"},{"floor":14.0,"key":"DataDisk"},{"floor":24.0,"key":"Potion Belt"},{"floor":27.0,"key":"Red Mask"},{"floor":41,"key":"Anchor"},{"floor":43,"key":"Dream Catcher"},{"floor":44,"key":"Regal Pillow"},{"floor":44,"key":"Happy Flower"},{"floor":54,"key":"Bag of Marbles"},{"floor":54,"key":"Orichalcum"}],"event_choices":[{"damage_healed":0.0,"max_hp_gain":0.0,"max_hp_loss":0.0,"gold_gain":0.0,"event_name":"Liars Game","player_choice":"Ignored","floor":2.0,"gold_loss":0.0,"damage_taken":0.0},{"cards_removed":["Strike_B"],"damage_healed":0.0,"max_hp_gain":0.0,"max_hp_loss":0.0,"gold_gain":0.0,"event_name":"Purifier","player_choice":"Purged","floor":4.0,"gold_loss":0.0,"damage_taken":0.0},{"damage_healed":0.0,"max_hp_gain":0.0,"max_hp_loss":0.0,"gold_gain":0.0,"event_name":"Big Fish","player_choice":"Box","floor":11.0,"gold_loss":0.0,"damage_taken":0.0,"relics_obtained":["Emotion Chip"],"cards_obtained":["Regret"]},{"damage_healed":0.0,"max_hp_gain":0.0,"max_hp_loss":0.0,"gold_gain":0.0,"event_name":"Shining Light","player_choice":"Entered Light","floor":13.0,"gold_loss":0.0,"damage_taken":15.0,"cards_upgraded":["Dualcast","Defragment"]},{"damage_healed":25.0,"max_hp_gain":0.0,"max_hp_loss":0.0,"gold_gain":0.0,"event_name":"The Library","player_choice":"Heal","floor":19.0,"gold_loss":0.0,"damage_taken":0.0},{"damage_healed":0.0,"max_hp_gain":0.0,"max_hp_loss":0.0,"gold_gain":0.0,"event_name":"Back to Basics","player_choice":"Simplicity","floor":20.0,"gold_loss":0.0,"damage_taken":0.0,"cards_upgraded":["Strike_B","Strike_B","Defend_B","Defend_B","Defend_B"]},{"damage_healed":0.0,"max_hp_gain":0.0,"max_hp_loss":0.0,"gold_gain":0.0,"event_name":"Drug Dealer","player_choice":"Inject Mutagens","floor":21.0,"gold_loss":0.0,"damage_taken":0.0,"relics_obtained":["MutagenicStrength"]},{"damage_healed":0.0,"max_hp_gain":0.0,"max_hp_loss":0.0,"gold_gain":0.0,"event_name":"Masked Bandits","player_choice":"Fought Bandits","floor":27.0,"gold_loss":0.0,"damage_taken":0.0},{"damage_healed":0,"gold_gain":0,"player_choice":"Upgraded Two","damage_taken":0,"max_hp_gain":0,"max_hp_loss":0,"event_name":"Designer","floor":36,"gold_loss":40,"cards_upgraded":["Ball Lightning","Storm"]},{"damage_healed":0,"gold_gain":0,"player_choice":"Bought 0 Potions","damage_taken":0,"max_hp_gain":0,"max_hp_loss":0,"event_name":"The Woman in Blue","floor":46,"gold_loss":0}],"is_beta":false,"boss_relics":[{"not_picked":["Tiny House","Velvet Choker"],"picked":"Philosopher\u0027s Stone"},{"not_picked":["Pandora\u0027s Box","Coffee Dripper"],"picked":"Black Star"}],"items_purged_floors":[5,31,53],"is_endless":false,"potions_floor_spawned":[3,7,14,16,24,28,29,30,39,44,45,47,54],"killed_by":"The Heart","ascension_level":0}