{"gold_per_floor":[217,26,26,45,64,64,97,117,117,133,133,133,144,144,144,144],"floor_reached":16,"playtime":1054,"items_purged":[],"score":122,"play_id":"95a117eb-ddff-445d-bdb7-464b0d7fb86f","local_time":"20181028235045","is_ascension_mode":true,"campfire_choices":[{"data":"Loop","floor":6,"key":"SMITH"},{"floor":12,"key":"REST"},{"data":"Fusion","floor":15,"key":"SMITH"}],"neow_cost":"NONE","seed_source_timestamp":109008113381702,"circlet_count":0,"master_deck":["Strike_B","Strike_B","Strike_B","Strike_B","Defend_B","Defend_B","Defend_B","Defend_B","Zap","Dualcast","Ball Lightning","White Noise","Loop+1","Coolheaded","Seek","Chill","Blizzard","Ball Lightning","Fusion+1"],"relics":["Cracked Core","Vajra","Blue Candle","Calipers"],"potions_floor_usage":[7,8,16],"damage_taken":[{"damage":6,"enemies":"Cultist","floor":1,"turns":3},{"damage":6,"enemies":"Jaw Worm","floor":4,"turns":4},{"damage":0,"enemies":"Small Slimes","floor":5,"turns":3},{"damage":14,"enemies":"Gremlin Nob","floor":7,"turns":3},{"damage":23,"enemies":"Exordium Wildlife","floor":8,"turns":6},{"damage":12,"enemies":"Red Slaver","floor":10,"turns":3},{"damage":2,"enemies":"Large Slime","floor":13,"turns":4},{"damage":31,"enemies":"The Guardian","floor":16,"turns":8}],"seed_played":"2737723661475327268","potions_obtained":[{"floor":3,"key":"SpeedPotion"},{"floor":3,"key":"Swift Potion"},{"floor":7,"key":"Fruit Juice"},{"floor":10,"key":"Explosive Potion"}],"is_trial":false,"path_per_floor":["M","$","?","M","M","R","E","M","T","M","?","R","M","?","R"],"character_chosen":"DEFECT","items_purchased":["White Noise","AttackPotion","Loop"],"campfire_rested":1,"item_purchase_floors":[2,2,2],"current_hp_per_floor":[69,69,69,63,63,63,49,31,31,19,19,43,41,29,29,0],"gold":144,"neow_bonus":"HUNDRED_GOLD","is_prod":false,"is_daily":false,"chose_seed":false,"campfire_upgraded":2,"win_rate":0,"timestamp":1540785045,"path_taken":["M","$","?","M","M","R","E","M","T","M","?","R","M","?","R","BOSS"],"build_version":"2018-10-25v2","purchased_purges":0,"victory":false,"max_hp_per_floor":[75,75,75,75,75,75,75,80,80,80,80,80,80,80,80,80],"card_choices":[{"not_picked":["Cold Snap","Recycle"],"picked":"Ball Lightning","floor":1},{"not_picked":["Streamline","Leap"],"picked":"Coolheaded","floor":4},{"not_picked":["Turbo","Reprogram"],"picked":"Seek","floor":5},{"not_picked":["Compile Driver","BootSequence"],"picked":"Chill","floor":7},{"not_picked":["Redo","Skim"],"picked":"Blizzard","floor":8},{"not_picked":["Doom and Gloom","Barrage"],"picked":"Ball Lightning","floor":10},{"not_picked":["Tempest","Ball Lightning"],"picked":"Fusion","floor":13}],"player_experience":421059,"relics_obtained":[{"floor":7,"key":"Vajra"},{"floor":9,"key":"Blue Candle"}],"event_choices":[{"damage_healed":0,"gold_gain":0,"player_choice":"Got Potions","damage_taken":0,"max_hp_gain":0,"max_hp_loss":0,"event_name":"The Lab","floor":3,"gold_loss":0},{"damage_healed":0,"gold_gain":0,"player_choice":"Ignored","damage_taken":0,"max_hp_gain":0,"max_hp_loss":0,"event_name":"Golden Wing","floor":11,"gold_loss":0},{"damage_healed":0,"gold_gain":0,"player_choice":"Success","damage_taken":12,"relics_obtained":["Calipers"],"max_hp_gain":0,"max_hp_loss":0,"event_name":"Scrap Ooze","floor":14,"gold_loss":0}],"is_beta":true,"boss_relics":[],"items_purged_floors":[],"is_endless":false,"potions_floor_spawned":[7,10,13],"killed_by":"The Guardian","ascension_level":4}