{"gold_per_floor":[112,131,145,97,97,97,21,34,34,63,63,76,76,88,88,88],"floor_reached":16,"playtime":2248,"items_purged":[],"score":102,"play_id":"77d0a0f7-bc1e-44d5-ac2f-bd7f97f91cab","local_time":"20190329181536","is_ascension_mode":false,"campfire_choices":[{"floor":6,"key":"REST"},{"floor":13,"key":"REST"},{"floor":15,"key":"REST"}],"neow_cost":"NONE","seed_source_timestamp":1384474824224700,"circlet_count":0,"master_deck":["Defend_G","Defend_G","Defend_G","Defend_G","Defend_G","Strike_G","Strike_G","Strike_G","Strike_G","Survivor","Neutralize","Outmaneuver","Prepared","Outmaneuver","Footwork","Outmaneuver","Flying Knee","Dagger Throw","Backflip"],"relics":["Ring of the Snake","Sundial","Girya"],"potions_floor_usage":[14,16],"damage_taken":[{"damage":10,"enemies":"Cultist","floor":1,"turns":7},{"damage":5,"enemies":"Small Slimes","floor":2,"turns":6},{"damage":0,"enemies":"2 Louse","floor":3,"turns":4},{"damage":0,"enemies":"Exordium Wildlife","floor":8,"turns":6},{"damage":53,"enemies":"3 Sentries","floor":10,"turns":23},{"damage":10,"enemies":"Blue Slaver","floor":12,"turns":5},{"damage":10,"enemies":"2 Fungi Beasts","floor":14,"turns":5},{"damage":55,"enemies":"The Guardian","floor":16,"turns":12}],"seed_played":"-5011645056568278113","potions_obtained":[{"floor":12,"key":"Regen Potion"},{"floor":14,"key":"SpeedPotion"}],"is_trial":false,"path_per_floor":["M","M","M","$","?","R","$","M","T","E","?","M","R","M","R","B"],"character_chosen":"THE_SILENT","items_purchased":["Outmaneuver","Footwork"],"campfire_rested":3,"item_purchase_floors":[4,7],"current_hp_per_floor":[60,55,55,55,55,70,70,70,70,17,17,7,28,32,53,0],"gold":88,"neow_bonus":"REMOVE_CARD","is_prod":false,"is_daily":false,"chose_seed":false,"campfire_upgraded":0,"win_rate":0.0,"timestamp":1553897736,"path_taken":["M","?","M","$","?","R","$","M","T","E","?","M","R","M","R","BOSS"],"build_version":"2019-01-23","purchased_purges":0,"victory":false,"max_hp_per_floor":[70,70,70,70,70,70,70,70,70,70,70,70,70,70,70,70],"card_choices":[{"not_picked":["PiercingWail","Poisoned Stab"],"picked":"Outmaneuver","floor":1},{"not_picked":["Eviscerate","Skewer","Deadly Poison"],"picked":"SKIP","floor":2},{"not_picked":["Dodge and Roll","Blur"],"picked":"Prepared","floor":3},{"not_picked":["Poisoned Stab","Bane"],"picked":"Outmaneuver","floor":8},{"not_picked":["Corpse Explosion","Poisoned Stab"],"picked":"Flying Knee","floor":10},{"not_picked":["Blade Dance","Acrobatics"],"picked":"Dagger Throw","floor":12},{"not_picked":["Infinite Blades","Blade Dance"],"picked":"Backflip","floor":14}],"player_experience":17084,"relics_obtained":[{"floor":9,"key":"Sundial"},{"floor":10,"key":"Girya"}],"event_choices":[{"damage_healed":0,"gold_gain":0,"player_choice":"Ignored","damage_taken":0,"max_hp_gain":0,"max_hp_loss":0,"event_name":"Golden Wing","floor":5,"gold_loss":0},{"damage_healed":0,"gold_gain":0,"player_choice":"Ignored","damage_taken":0,"max_hp_gain":0,"max_hp_loss":0,"event_name":"Shining Light","floor":11,"gold_loss":0}],"is_beta":false,"boss_relics":[],"items_purged_floors":[],"is_endless":false,"potions_floor_spawned":[12,14],"killed_by":"The Guardian","ascension_level":0}