{"gold_per_floor":[117,135,135,151,168,203,233,248,248,248,259,259,50,76,76,175,175,189,189,9,9,9,38,29,29,74,74,74,74,74,109,109,214,214,231,12,22,22,41,41,76,90,90,0,16,16,16,26,26,26],"floor_reached":51,"playtime":2396,"items_purged":[],"score":982,"play_id":"5d3b6dac-f92a-4a1b-a7b9-710d9ff07f76","local_time":"20190226171728","is_ascension_mode":true,"campfire_choices":[{"floor":10.0,"key":"REST"},{"data":"Noxious Fumes","floor":12.0,"key":"SMITH"},{"floor":15.0,"key":"REST"},{"floor":25.0,"key":"REST"},{"data":"Wraith Form v2","floor":28.0,"key":"SMITH"},{"data":"Envenom","floor":32.0,"key":"SMITH"},{"data":"Adrenaline","floor":40,"key":"SMITH"},{"data":"Catalyst","floor":46,"key":"SMITH"},{"data":"Bouncing Flask","floor":49,"key":"SMITH"}],"neow_cost":"NONE","seed_source_timestamp":946543995180714,"circlet_count":0,"master_deck":["Defend_G+1","Defend_G+1","Defend_G+1","Defend_G+1","Defend_G+1","Strike_G+1","Strike_G+1","Strike_G+1","Survivor","Neutralize","Wraith Form v2+1","Masterful Stab","Flying Knee","Sucker Punch","Footwork","Bouncing Flask","Catalyst+1","Noxious Fumes+1","Sucker Punch","Envenom+1","Deflect","Well Laid Plans","Deflect","Bouncing Flask+1","Deflect","Adrenaline+1","Poisoned Stab+1","Deflect","Catalyst+1","Writhe","Caltrops+1","Dagger Spray+1","Distraction+1","Backflip"],"special_seed":0,"relics":["Ring of the Serpent","Paper Crane","Bag of Marbles","Sundial","ClockworkSouvenir","Meat on the Bone","Snake Skull","WingedGreaves","Bag of Preparation","Dodecahedron","Eternal Feather","Membership Card","Peace Pipe","Ornamental Fan","Red Mask"],"potions_floor_usage":[42,42,50,50],"damage_taken":[{"damage":0.0,"enemies":"Small Slimes","floor":1.0,"turns":4.0},{"damage":2.0,"enemies":"2 Louse","floor":2.0,"turns":3.0},{"damage":1.0,"enemies":"Jaw Worm","floor":4.0,"turns":4.0},{"damage":6.0,"enemies":"Looter","floor":5.0,"turns":3.0},{"damage":29.0,"enemies":"Gremlin Nob","floor":6.0,"turns":5.0},{"damage":11.0,"enemies":"Red Slaver","floor":8.0,"turns":6.0},{"damage":0.0,"enemies":"3 Louse","floor":11.0,"turns":1.0},{"damage":11.0,"enemies":"Lagavulin","floor":14.0,"turns":5.0},{"damage":21.0,"enemies":"Hexaghost","floor":16.0,"turns":7.0},{"damage":6.0,"enemies":"Spheric Guardian","floor":18.0,"turns":6.0},{"damage":21.0,"enemies":"Colosseum Slavers","floor":21.0,"turns":6.0},{"damage":9.0,"enemies":"Gremlin Leader","floor":23.0,"turns":7.0},{"damage":3.0,"enemies":"2 Thieves","floor":24.0,"turns":5.0},{"damage":25.0,"enemies":"Slavers","floor":31.0,"turns":7.0},{"damage":17.0,"enemies":"Collector","floor":33.0,"turns":8.0},{"damage":15.0,"enemies":"3 Darklings","floor":35.0,"turns":6.0},{"damage":2.0,"enemies":"Orb Walker","floor":37.0,"turns":3.0},{"damage":24.0,"enemies":"Sphere and 2 Shapes","floor":39.0,"turns":4.0},{"damage":2,"enemies":"Reptomancer","floor":41,"turns":7},{"damage":22,"enemies":"3 Darklings","floor":42,"turns":7},{"damage":0,"enemies":"Maw","floor":45,"turns":7},{"damage":7,"enemies":"4 Shapes","floor":48,"turns":4},{"damage":34,"enemies":"Time Eater","floor":50,"turns":11}],"seed_played":"6452001945349587455","potions_obtained":[{"floor":2.0,"key":"Explosive Potion"},{"floor":5.0,"key":"Regen Potion"},{"floor":11.0,"key":"Swift Potion"},{"floor":23.0,"key":"Regen Potion"},{"floor":24.0,"key":"Explosive Potion"},{"floor":30.0,"key":"EntropicBrew"},{"floor":31.0,"key":"Weak Potion"},{"floor":37.0,"key":"GhostInAJar"},{"floor":41,"key":"EssenceOfSteel"},{"floor":42,"key":"GamblersBrew"},{"floor":45,"key":"GamblersBrew"}],"is_trial":false,"path_per_floor":["M","M","?","M","M","E","?","M","T","R","M","R","$","E","R","B",null,"M","?","$","?","?","E","M","R","T","?","R","?","?","E","R","B",null,"M","$","M","?","M","R","E","M","T","?","M","R","?","M","R","B",null],"character_chosen":"THE_SILENT","items_purchased":["ClockworkSouvenir","Snake Skull","Well Laid Plans","Membership Card","Deflect"],"campfire_rested":3,"item_purchase_floors":[13,20,20,36,36],"current_hp_per_floor":[63,61,54,53,47,32,32,21,21,42,42,42,42,31,52,43,63,57,57,57,36,36,39,36,57,57,57,57,57,57,47,47,42,63,48,48,46,64,40,58,56,46,46,46,46,67,67,60,70,36],"gold":26,"neow_bonus":"ONE_RANDOM_RARE_CARD","is_prod":false,"is_daily":false,"chose_seed":false,"campfire_upgraded":6,"win_rate":0,"timestamp":1551226648,"path_taken":["M","M","?","M","M","E","?","M","T","R","M","R","$","E","R","BOSS","M","?","$","?","?","E","?","R","T","?","R","?","?","E","R","BOSS","M","?","?","?","M","R","E","M","T","?","M","R","?","M","R","BOSS"],"build_version":"2019-01-23","purchased_purges":0,"victory":true,"max_hp_per_floor":[70,70,70,70,70,70,70,70,70,70,70,70,70,70,70,70,70,70,70,70,70,70,70,70,70,70,70,70,70,70,70,70,70,70,70,70,70,70,70,70,70,70,70,70,70,70,70,70,70,70],"card_choices":[{"not_picked":["Prepared","Footwork"],"picked":"Masterful Stab","floor":1.0},{"not_picked":["Dagger Spray","Backflip"],"picked":"Flying Knee","floor":2.0},{"not_picked":["Deflect","Underhanded Strike"],"picked":"Sucker Punch","floor":4.0},{"not_picked":["Expertise","Quick Slash"],"picked":"Footwork","floor":5.0},{"not_picked":["Caltrops","Deadly Poison"],"picked":"Bouncing Flask","floor":6.0},{"not_picked":["Dash","Infinite Blades"],"picked":"Catalyst","floor":8.0},{"not_picked":["Blur","Heel Hook"],"picked":"Noxious Fumes","floor":11.0},{"not_picked":["Distraction","Acrobatics"],"picked":"Sucker Punch","floor":14.0},{"not_picked":["Night Terror","After Image"],"picked":"Envenom","floor":16.0},{"not_picked":["Dagger Throw","Slice"],"picked":"Deflect","floor":18.0},{"not_picked":["Backflip","Flechettes+1"],"picked":"Deflect","floor":23.0},{"not_picked":["Blade Dance","Flying Knee+1"],"picked":"Bouncing Flask","floor":24.0},{"not_picked":["Bullet Time","Blade Dance+1"],"picked":"Deflect","floor":31.0},{"not_picked":["Night Terror","Glass Knife"],"picked":"Adrenaline","floor":33.0},{"not_picked":["Setup","Predator+1"],"picked":"Poisoned Stab+1","floor":35.0},{"not_picked":["Flying Knee","Outmaneuver"],"picked":"Catalyst+1","floor":37.0},{"not_picked":["Bane","Masterful Stab"],"picked":"Caltrops+1","floor":39.0},{"not_picked":["Blade Dance","Tactician"],"picked":"Dagger Spray+1","floor":41},{"not_picked":["Outmaneuver","Unload"],"picked":"Distraction+1","floor":42},{"not_picked":["Underhanded Strike+1","Skewer+1"],"picked":"Backflip","floor":45},{"not_picked":["Blade Dance+1","Dash","Terror"],"picked":"SKIP","floor":48}],"player_experience":1606592,"relics_obtained":[{"floor":6.0,"key":"Bag of Marbles"},{"floor":9.0,"key":"Sundial"},{"floor":14.0,"key":"Meat on the Bone"},{"floor":23.0,"key":"WingedGreaves"},{"floor":26.0,"key":"Bag of Preparation"},{"floor":31.0,"key":"Dodecahedron"},{"floor":41,"key":"Peace Pipe"},{"floor":43,"key":"Ornamental Fan"}],"event_choices":[{"damage_healed":0.0,"max_hp_gain":0.0,"max_hp_loss":0.0,"gold_gain":0.0,"event_name":"Scrap Ooze","player_choice":"Success","floor":3.0,"gold_loss":0.0,"damage_taken":7.0,"relics_obtained":["Paper Crane"]},{"damage_healed":0.0,"max_hp_gain":0.0,"max_hp_loss":0.0,"gold_gain":30.0,"event_name":"Dead Adventurer","player_choice":"Searched \u00271\u0027 times","floor":7.0,"gold_loss":0.0,"damage_taken":0.0},{"damage_healed":0.0,"max_hp_gain":0.0,"max_hp_loss":0.0,"gold_gain":0.0,"event_name":"Cursed Tome","player_choice":"Ignored","floor":19.0,"gold_loss":0.0,"damage_taken":0.0},{"damage_healed":0.0,"max_hp_gain":0.0,"max_hp_loss":0.0,"gold_gain":0.0,"event_name":"Colosseum","player_choice":"Fight","floor":21.0,"gold_loss":0.0,"damage_taken":0.0},{"damage_healed":0.0,"max_hp_gain":0.0,"max_hp_loss":0.0,"gold_gain":0.0,"event_name":"Colosseum","player_choice":"Fled From Nobs","floor":21.0,"gold_loss":0.0,"damage_taken":0.0},{"cards_removed":["Strike_G"],"damage_healed":0.0,"max_hp_gain":0.0,"max_hp_loss":0.0,"gold_gain":0.0,"event_name":"Purifier","player_choice":"Purged","floor":22.0,"gold_loss":0.0,"damage_taken":0.0},{"damage_healed":0.0,"max_hp_gain":0.0,"max_hp_loss":0.0,"gold_gain":0.0,"event_name":"Back to Basics","player_choice":"Simplicity","floor":27.0,"gold_loss":0.0,"damage_taken":0.0,"cards_upgraded":["Defend_G","Defend_G","Defend_G","Defend_G","Defend_G","Strike_G","Strike_G","Strike_G","Strike_G"]},{"damage_healed":0.0,"max_hp_gain":0.0,"max_hp_loss":0.0,"gold_gain":0.0,"event_name":"Beggar","player_choice":"Ignored","floor":29.0,"gold_loss":0.0,"damage_taken":0.0},{"damage_healed":0.0,"max_hp_gain":0.0,"max_hp_loss":0.0,"gold_gain":0.0,"event_name":"Lab","player_choice":"Got Potions","floor":30.0,"gold_loss":0.0,"damage_taken":0.0},{"damage_healed":18.0,"max_hp_gain":0.0,"max_hp_loss":0.0,"gold_gain":0.0,"event_name":"Winding Halls","player_choice":"Writhe","floor":38.0,"gold_loss":0.0,"damage_taken":0.0,"cards_obtained":["Writhe"]},{"damage_healed":0,"gold_gain":0,"player_choice":"Paid","damage_taken":0,"relics_obtained":["Red Mask"],"max_hp_gain":0,"max_hp_loss":0,"event_name":"Tomb of Lord Red Mask","floor":44,"gold_loss":90},{"cards_removed":["Strike_G"],"damage_healed":0,"gold_gain":0,"player_choice":"Removed Attack","damage_taken":0,"max_hp_gain":0,"max_hp_loss":0,"event_name":"Falling","floor":47,"gold_loss":0}],"is_beta":false,"boss_relics":[{"not_picked":["Snecko Eye","Runic Pyramid"],"picked":"Ring of the Serpent"},{"not_picked":["Empty Cage","Tiny House"],"picked":"Eternal Feather"}],"items_purged_floors":[],"is_endless":false,"potions_floor_spawned":[2,5,11,23,24,31,37,41,42,45],"ascension_level":6}