{"gold_per_floor":[110,128,53,53,73,103,120,120,120,133,164,164,179,209,209,310,310,320,333,167,179,79,143,143,157,157,157,225,235,115,90,90,90],"floor_reached":33,"playtime":1725,"items_purged":["Strike_B","Strike_B","Strike_B","Defend_B"],"score":339,"play_id":"9ec2fd81-df33-4479-a6b0-b530eb922808","local_time":"20190318094113","is_ascension_mode":false,"campfire_choices":[{"data":"Sunder","floor":8,"key":"SMITH"},{"data":"Defend_B","floor":15,"key":"PURGE"},{"data":"Fusion","floor":24,"key":"SMITH"},{"data":"Sunder","floor":32,"key":"SMITH"}],"neow_cost":"NONE","seed_source_timestamp":208661714247242,"circlet_count":0,"master_deck":["Strike_B","Defend_B","Zap+1","Dualcast","Sunder+1","Melter","BootSequence","Self Repair","Redo","Fusion+1","Fusion","FTL","Self Repair","Steam","Steam","Sunder+1","Heatsinks+1"],"relics":["Cracked Core","Cables","Peace Pipe","Mango","The Courier","Coffee Dripper","Tiny Chest","Gambling Chip","SsserpentHead"],"potions_floor_usage":[6,18,19,28,33],"damage_taken":[{"damage":0,"enemies":"Cultist","floor":1,"turns":4},{"damage":6,"enemies":"Jaw Worm","floor":2,"turns":4},{"damage":0,"enemies":"Small Slimes","floor":5,"turns":2},{"damage":16,"enemies":"Lagavulin","floor":6,"turns":5},{"damage":3,"enemies":"Gremlin Gang","floor":7,"turns":3},{"damage":0,"enemies":"Looter","floor":10,"turns":2},{"damage":0,"enemies":"3 Sentries","floor":11,"turns":5},{"damage":3,"enemies":"Red Slaver","floor":13,"turns":3},{"damage":18,"enemies":"Lagavulin","floor":14,"turns":6},{"damage":53,"enemies":"The Guardian","floor":16,"turns":9},{"damage":12,"enemies":"3 Byrds","floor":18,"turns":3},{"damage":0,"enemies":"Chosen","floor":19,"turns":4},{"damage":27,"enemies":"Snake Plant","floor":21,"turns":3},{"damage":42,"enemies":"Book of Stabbing","floor":23,"turns":5},{"damage":22,"enemies":"Cultist and Chosen","floor":25,"turns":6},{"damage":17,"enemies":"Shelled Parasite and Fungi","floor":28,"turns":6},{"damage":0,"enemies":"Sentry and Sphere","floor":29,"turns":3},{"damage":74,"enemies":"Automaton","floor":33,"turns":6}],"seed_played":"-5846001293777576766","potions_obtained":[{"floor":1,"key":"Energy Potion"},{"floor":2,"key":"LiquidBronze"},{"floor":13,"key":"SkillPotion"},{"floor":14,"key":"Block Potion"},{"floor":18,"key":"Explosive Potion"},{"floor":25,"key":"Ancient Potion"},{"floor":28,"key":"PowerPotion"},{"floor":29,"key":"Energy Potion"}],"is_trial":false,"path_per_floor":["M","?","?","$","M","?","M","?"],"character_chosen":"DEFECT","items_purchased":["FTL","Self Repair"],"campfire_rested":0,"item_purchase_floors":[20,20],"current_hp_per_floor":[82,76,76,81,81,65,62,62,62,62,76,76,80,69,69,23,101,96,101,101,88,88,60,60,52,52,52,49,63,63,63,63,0],"gold":90,"neow_bonus":"TEN_PERCENT_HP_BONUS","is_prod":false,"is_daily":false,"chose_seed":false,"campfire_upgraded":3,"win_rate":0,"timestamp":1552916473,"path_taken":["M","?","$","?","M","E","M","R","T","M","E","?","M","E","R","BOSS","M","M","?","M","$","E","R","?","T","?","?","M","$","?","R","BOSS"],"build_version":"2019-01-23","purchased_purges":4,"victory":false,"max_hp_per_floor":[82,82,82,87,87,87,87,87,87,87,101,101,101,101,101,101,101,101,101,101,101,101,101,101,101,101,101,101,101,101,101,101,101],"card_choices":[{"not_picked":["Coolheaded","Sweeping Beam"],"picked":"Sunder","floor":1},{"not_picked":["Hologram","Auto Shields"],"picked":"Melter","floor":2},{"not_picked":["Compile Driver","Chaos","Redo"],"picked":"SKIP","floor":5},{"not_picked":["Rebound","Beam Cell"],"picked":"BootSequence","floor":6},{"not_picked":["Leap","Redo","Streamline"],"picked":"SKIP","floor":7},{"not_picked":["Ball Lightning","Leap","Steam"],"picked":"SKIP","floor":10},{"not_picked":["Redo","Consume"],"picked":"Self Repair","floor":11},{"not_picked":["Leap","Stack"],"picked":"Redo","floor":13},{"not_picked":["Glacier","Stack","Cold Snap"],"picked":"SKIP","floor":14},{"not_picked":["Sweeping Beam","Melter+1"],"picked":"Fusion","floor":18},{"not_picked":["Consume","Go for the Eyes+1"],"picked":"Fusion","floor":19},{"not_picked":["Gash+1","Doom and Gloom+1","Hologram"],"picked":"SKIP","floor":21},{"not_picked":["Gash","Beam Cell"],"picked":"Steam","floor":23},{"not_picked":["Cold Snap","Go for the Eyes"],"picked":"Steam","floor":25},{"not_picked":["Coolheaded","Leap"],"picked":"Sunder","floor":28},{"not_picked":["Leap","Sweeping Beam"],"picked":"Heatsinks+1","floor":29}],"player_experience":739397,"relics_obtained":[{"floor":6,"key":"Cables"},{"floor":9,"key":"Peace Pipe"},{"floor":11,"key":"Mango"},{"floor":14,"key":"The Courier"},{"floor":23,"key":"Tiny Chest"},{"floor":26,"key":"Gambling Chip"}],"event_choices":[{"damage_healed":0,"gold_gain":0,"player_choice":"Donut","damage_taken":0,"max_hp_gain":5,"max_hp_loss":0,"event_name":"Big Fish","floor":4,"gold_loss":0},{"damage_healed":0,"gold_gain":0,"player_choice":"Upgraded","damage_taken":0,"max_hp_gain":0,"max_hp_loss":0,"event_name":"Upgrade Shrine","floor":12,"gold_loss":0,"cards_upgraded":["Zap"]},{"damage_healed":0,"gold_gain":0,"player_choice":"Trade","damage_taken":0,"relics_obtained":["SsserpentHead"],"max_hp_gain":0,"max_hp_loss":0,"event_name":"FaceTrader","floor":27,"gold_loss":0},{"cards_removed":["Defend_B"],"damage_healed":0,"gold_gain":0,"player_choice":"Gave Gold","damage_taken":0,"max_hp_gain":0,"max_hp_loss":0,"event_name":"Beggar","floor":31,"gold_loss":75}],"is_beta":false,"boss_relics":[{"not_picked":["Inserter","Busted Crown"],"picked":"Coffee Dripper"}],"items_purged_floors":[3,20,22,30],"is_endless":false,"potions_floor_spawned":[1,2,13,14,16,18,25,28,29],"killed_by":"Automaton","ascension_level":0}