{"gold_per_floor":[119,119,69,69,69,100,100,138,161,192,50,69,110,130,130,250,250,218,233,248,263,284,319,319,319],"floor_reached":25,"playtime":1363,"items_purged":["Strike_G"],"score":452,"play_id":"de545dfe-4998-4fbd-9f53-3ebef33e1870","local_time":"20190326002226","is_ascension_mode":true,"campfire_choices":[{"data":"Neutralize","floor":7,"key":"SMITH"},{"floor":15,"key":"REST"},{"floor":24,"key":"REST"}],"neow_cost":"NONE","seed_source_timestamp":866697084627705,"circlet_count":0,"master_deck":["AscendersBane","Defend_G","Defend_G","Defend_G","Defend_G","Defend_G","Strike_G+1","Strike_G","Strike_G+1","Survivor","Neutralize+1","Noxious Fumes+1","Neutralize","Wraith Form v2","Backflip","Footwork","Dodge and Roll","Infinite Blades","Wraith Form v2","Cloak And Dagger","Well Laid Plans","PiercingWail"],"relics":["Ring of the Snake","NeowsBlessing","Golden Idol","Pantograph","Blue Candle","Whetstone","Torii","Bronze Scales","Black Star","Frozen Egg 2","Bottled Lightning"],"potions_floor_usage":[13,23],"damage_taken":[{"damage":0,"enemies":"Small Slimes","floor":1,"turns":1},{"damage":0,"enemies":"3 Sentries","floor":6,"turns":1},{"damage":0,"enemies":"Gremlin Nob","floor":8,"turns":1},{"damage":9,"enemies":"Lagavulin","floor":10,"turns":8},{"damage":0,"enemies":"Jaw Worm","floor":12,"turns":5},{"damage":22,"enemies":"Gremlin Nob","floor":13,"turns":6},{"damage":0,"enemies":"2 Louse","floor":14,"turns":4},{"damage":13,"enemies":"Slime Boss","floor":16,"turns":12},{"damage":21,"enemies":"2 Thieves","floor":18,"turns":5},{"damage":4,"enemies":"3 Byrds","floor":19,"turns":3},{"damage":10,"enemies":"Shelled Parasite and Fungi","floor":20,"turns":7},{"damage":4,"enemies":"Sentry and Sphere","floor":21,"turns":8},{"damage":17,"enemies":"Snecko","floor":22,"turns":7},{"damage":2,"enemies":"Book of Stabbing","floor":23,"turns":8},{"damage":28,"enemies":"Slavers","floor":25,"turns":1}],"seed_played":"296599460457634535","potions_obtained":[{"floor":1,"key":"Explosive Potion"},{"floor":6,"key":"AttackPotion"},{"floor":12,"key":"SpeedPotion"},{"floor":14,"key":"Strength Potion"}],"is_trial":false,"path_per_floor":["?","?","?","?"],"character_chosen":"THE_SILENT","items_purchased":["Footwork"],"campfire_rested":2,"item_purchase_floors":[11],"current_hp_per_floor":[63,46,46,46,46,46,46,46,46,37,37,37,15,15,36,48,65,44,40,30,26,9,7,28,0],"gold":319,"neow_bonus":"THREE_ENEMY_KILL","is_prod":false,"is_daily":false,"chose_seed":false,"campfire_upgraded":1,"win_rate":0,"timestamp":1553574146,"path_taken":["M","?","?","?","?","E","R","E","T","E","$","M","E","M","R","BOSS","M","M","M","M","M","E","R","E"],"build_version":"2019-01-23","purchased_purges":1,"victory":false,"max_hp_per_floor":[70,70,70,70,70,70,70,70,70,70,70,70,70,70,70,70,70,70,70,70,70,70,70,70,70],"card_choices":[{"not_picked":["Poisoned Stab","Underhanded Strike"],"picked":"Noxious Fumes","floor":1},{"not_picked":["Flying Knee","Underhanded Strike"],"picked":"Wraith Form v2","floor":6},{"not_picked":["Skewer","Prepared"],"picked":"Backflip","floor":8},{"not_picked":["Blade Dance","Predator","Eviscerate"],"picked":"SKIP","floor":10},{"not_picked":["Bane","Blade Dance"],"picked":"Dodge and Roll","floor":12},{"not_picked":["Doppelganger","Tactician","Terror"],"picked":"SKIP","floor":13},{"not_picked":["Blade Dance","Acrobatics"],"picked":"Infinite Blades","floor":14},{"not_picked":["Malaise","Bullet Time"],"picked":"Wraith Form v2","floor":16},{"not_picked":["Deflect","Predator+1"],"picked":"Cloak And Dagger","floor":18},{"not_picked":["Dagger Throw","Deflect+1","Finisher"],"picked":"SKIP","floor":19},{"not_picked":["Dodge and Roll+1","Sucker Punch"],"picked":"Well Laid Plans","floor":20},{"not_picked":["Slice","Terror+1","Prepared"],"picked":"SKIP","floor":21},{"not_picked":["Bane+1","Dagger Spray","Acrobatics"],"picked":"SKIP","floor":22},{"not_picked":["Dash","Deflect"],"picked":"PiercingWail","floor":23}],"player_experience":1024004,"relics_obtained":[{"floor":6,"key":"Pantograph"},{"floor":8,"key":"Blue Candle"},{"floor":9,"key":"Whetstone"},{"floor":10,"key":"Torii"},{"floor":13,"key":"Bronze Scales"},{"floor":23,"key":"Frozen Egg 2"},{"floor":23,"key":"Bottled Lightning"}],"event_choices":[{"damage_healed":0,"gold_gain":0,"player_choice":"Take Damage","damage_taken":17,"relics_obtained":["Golden Idol"],"max_hp_gain":0,"max_hp_loss":0,"event_name":"Golden Idol","floor":2,"gold_loss":0},{"cards_removed":["Strike_G"],"damage_healed":0,"gold_gain":0,"player_choice":"Card Removal","damage_taken":0,"max_hp_gain":0,"max_hp_loss":0,"event_name":"The Cleric","floor":3,"gold_loss":50},{"damage_healed":0,"gold_gain":0,"player_choice":"Grow","damage_taken":0,"max_hp_gain":0,"max_hp_loss":0,"event_name":"Living Wall","floor":4,"gold_loss":0,"cards_upgraded":["Noxious Fumes"]},{"damage_healed":0,"gold_gain":0,"player_choice":"1 cards matched","damage_taken":0,"max_hp_gain":0,"max_hp_loss":0,"event_name":"Match and Keep!","floor":5,"gold_loss":0,"cards_obtained":["Neutralize"]}],"is_beta":false,"boss_relics":[{"not_picked":["White Beast Statue","Empty Cage"],"picked":"Black Star"}],"items_purged_floors":[11],"is_endless":false,"potions_floor_spawned":[1,6,12,14,18,22],"killed_by":"Slavers","ascension_level":10}