{"gold_per_floor":[110,120,130,55,55,55,84,84,84,159,159,176,206,222,222,319,319,334,334,362,362,362,362,378,407,430,430,460,460,285,285,285,285],"floor_reached":33,"playtime":1698,"items_purged":["Strike_R","Regret"],"score":289,"play_id":"9a18ecb3-73f2-4f7b-84b4-0b82f30b6d71","local_time":"20190209114403","is_ascension_mode":false,"campfire_choices":[{"data":"Rampage","floor":6,"key":"SMITH"},{"data":"Cleave","floor":8,"key":"SMITH"},{"floor":11,"key":"REST"},{"floor":15,"key":"REST"},{"data":"True Grit","floor":23,"key":"SMITH"},{"floor":32,"key":"REST"}],"neow_cost":"NONE","seed_source_timestamp":168916473869889,"circlet_count":0,"master_deck":["Strike_R+1","Strike_R+1","Strike_R+1","Strike_R+1","Defend_R+1","Defend_R+1","Defend_R+1","Defend_R+1","Bash","Cleave+1","Rampage+1","Pommel Strike","True Grit+1","Evolve+1","Bludgeon","Armaments+1","Headbutt","Jack Of All Trades","Cleave+1","Shrug It Off","Clash","Fire Breathing+1"],"relics":["Burning Blood","Oddly Smooth Stone","Torii","Juzu Bracelet","Mummified Hand","Frozen Egg 2","Velvet Choker","Red Mask","Regal Pillow","MutagenicStrength","Strawberry","Pen Nib","Vajra"],"potions_floor_usage":[12,16,20,28],"damage_taken":[{"damage":6,"enemies":"Cultist","floor":1,"turns":3},{"damage":1,"enemies":"2 Louse","floor":2,"turns":3},{"damage":0,"enemies":"Small Slimes","floor":3,"turns":3},{"damage":35,"enemies":"Lagavulin","floor":7,"turns":6},{"damage":9,"enemies":"Blue Slaver","floor":12,"turns":3},{"damage":21,"enemies":"3 Sentries","floor":13,"turns":10},{"damage":1,"enemies":"2 Fungi Beasts","floor":14,"turns":4},{"damage":59,"enemies":"Hexaghost","floor":16,"turns":11},{"damage":1,"enemies":"Spheric Guardian","floor":18,"turns":3},{"damage":17,"enemies":"Masked Bandits","floor":20,"turns":4},{"damage":4,"enemies":"Shell Parasite","floor":24,"turns":6},{"damage":35,"enemies":"Gremlin Leader","floor":25,"turns":6},{"damage":32,"enemies":"Book of Stabbing","floor":28,"turns":5},{"damage":86,"enemies":"Automaton","floor":33,"turns":6}],"seed_played":"-6791591498240585613","potions_obtained":[{"floor":2,"key":"AttackPotion"},{"floor":12,"key":"Strength Potion"},{"floor":13,"key":"SkillPotion"},{"floor":14,"key":"AttackPotion"},{"floor":18,"key":"SpeedPotion"},{"floor":25,"key":"SkillPotion"}],"is_trial":false,"path_per_floor":["M","$","?","?","?","?","?","?","?","?","?"],"character_chosen":"IRONCLAD","items_purchased":["Fire Breathing+1"],"campfire_rested":3,"item_purchase_floors":[30],"current_hp_per_floor":[80,80,80,80,80,80,51,51,51,40,64,61,46,51,75,22,80,80,80,69,69,69,69,71,49,49,49,23,23,23,23,64,0],"gold":285,"neow_bonus":"RANDOM_COMMON_RELIC","is_prod":false,"is_daily":false,"chose_seed":false,"campfire_upgraded":3,"win_rate":0,"timestamp":1549730643,"path_taken":["M","?","M","?","?","R","E","R","T","?","R","M","E","M","R","BOSS","M","?","?","?","?","R","M","E","T","?","E","?","$","?","R","BOSS"],"build_version":"2019-01-23","purchased_purges":2,"victory":false,"max_hp_per_floor":[80,80,80,80,80,80,80,80,80,80,80,80,80,80,80,80,80,80,80,80,80,80,80,80,87,87,87,87,87,87,87,87,87],"card_choices":[{"not_picked":["Pommel Strike","Havoc"],"picked":"Cleave","floor":1},{"not_picked":["Wild Strike","Body Slam"],"picked":"Rampage","floor":2},{"not_picked":["Sword Boomerang","Combust","Intimidate"],"picked":"SKIP","floor":3},{"not_picked":["Sentinel","Reckless Charge"],"picked":"Pommel Strike","floor":7},{"not_picked":["Twin Strike","Cleave"],"picked":"True Grit","floor":12},{"not_picked":["Perfected Strike","Searing Blow"],"picked":"Evolve","floor":13},{"not_picked":["Shockwave","Clothesline","Intimidate"],"picked":"SKIP","floor":14},{"not_picked":["Limit Break","Double Tap"],"picked":"Bludgeon","floor":16},{"not_picked":["Headbutt","Heavy Blade"],"picked":"Armaments+1","floor":18},{"not_picked":["Clothesline+1","Sever Soul"],"picked":"Cleave+1","floor":20},{"not_picked":["Thunderclap","Sentinel"],"picked":"Shrug It Off","floor":24},{"not_picked":["Armaments","Shockwave"],"picked":"Clash","floor":25},{"not_picked":["Armaments","Clothesline","Body Slam"],"picked":"SKIP","floor":28}],"player_experience":353222,"relics_obtained":[{"floor":7,"key":"Juzu Bracelet"},{"floor":9,"key":"Mummified Hand"},{"floor":13,"key":"Frozen Egg 2"},{"floor":20,"key":"Red Mask"},{"floor":25,"key":"Strawberry"},{"floor":26,"key":"Pen Nib"},{"floor":28,"key":"Vajra"}],"event_choices":[{"damage_healed":0,"gold_gain":0,"player_choice":"Box","damage_taken":0,"relics_obtained":["Torii"],"max_hp_gain":0,"max_hp_loss":0,"event_name":"Big Fish","floor":5,"gold_loss":0,"cards_obtained":["Regret"]},{"damage_healed":0,"gold_gain":75,"player_choice":"Gather Gold","damage_taken":11,"max_hp_gain":0,"max_hp_loss":0,"event_name":"World of Goop","floor":10,"gold_loss":0},{"damage_healed":0,"gold_gain":0,"player_choice":"2 cards matched","damage_taken":0,"max_hp_gain":0,"max_hp_loss":0,"event_name":"Match and Keep!","floor":19,"gold_loss":0,"cards_obtained":["Headbutt","Jack Of All Trades"]},{"damage_healed":0,"gold_gain":0,"player_choice":"Fought Bandits","damage_taken":0,"max_hp_gain":0,"max_hp_loss":0,"event_name":"Masked Bandits","floor":20,"gold_loss":0},{"damage_healed":0,"gold_gain":0,"player_choice":"Opened","damage_taken":0,"relics_obtained":["Regal Pillow"],"max_hp_gain":0,"max_hp_loss":0,"event_name":"The Mausoleum","floor":21,"gold_loss":0},{"damage_healed":0,"gold_gain":0,"player_choice":"Inject Mutagens","damage_taken":0,"relics_obtained":["MutagenicStrength"],"max_hp_gain":0,"max_hp_loss":0,"event_name":"Drug Dealer","floor":22,"gold_loss":0},{"damage_healed":0,"gold_gain":0,"player_choice":"Ignored","damage_taken":0,"max_hp_gain":0,"max_hp_loss":0,"event_name":"Ghosts","floor":27,"gold_loss":0},{"damage_healed":0,"gold_gain":0,"player_choice":"Ignored","damage_taken":0,"max_hp_gain":0,"max_hp_loss":0,"event_name":"Cursed Tome","floor":29,"gold_loss":0},{"damage_healed":0,"gold_gain":0,"player_choice":"Simplicity","damage_taken":0,"max_hp_gain":0,"max_hp_loss":0,"event_name":"Back to Basics","floor":31,"gold_loss":0,"cards_upgraded":["Strike_R","Strike_R","Strike_R","Strike_R","Defend_R","Defend_R","Defend_R","Defend_R"]}],"is_beta":false,"boss_relics":[{"not_picked":["Fusion Hammer","Philosopher\u0027s Stone"],"picked":"Velvet Choker"}],"items_purged_floors":[4,30],"is_endless":false,"potions_floor_spawned":[2,12,13,14,18,25],"killed_by":"Automaton","ascension_level":0}