{"gold_per_floor":[113,67,80,80,98,98,123,123,123,142,242,272,283,23,23,127,127,110,121,25,35,48,48],"floor_reached":23,"playtime":1232,"items_purged":["Normality"],"score":203,"play_id":"c48c9bc8-f8fc-4cc7-b4d4-a853254ff8b6","local_time":"20180804144907","is_ascension_mode":false,"campfire_choices":[{"data":"Dodge and Roll","floor":6,"key":"SMITH"},{"floor":15,"key":"REST"}],"neow_cost":"NONE","seed_source_timestamp":276689327389295,"circlet_count":0,"master_deck":["Defend_G","Defend_G","Defend_G","Defend_G","Defend_G","Strike_G","Strike_G","Strike_G","Strike_G","Strike_G","Survivor","Neutralize+1","Dodge and Roll+1","Dagger Spray","Dash","Cloak And Dagger","Dodge and Roll","Caltrops","Finisher","Distraction","Deflect","Cloak And Dagger","Infinite Blades","Cloak And Dagger","Deadly Poison+1","Deadly Poison"],"relics":["WristBlade","Letter Opener","Girya","Bottled Flame","Shuriken","Bronze Scales","Black Star"],"potions_floor_usage":[7,12,23,23],"damage_taken":[{"damage":1,"enemies":"Cultist","floor":1,"turns":5},{"damage":3,"enemies":"Jaw Worm","floor":3,"turns":4},{"damage":1,"enemies":"2 Louse","floor":5,"turns":3},{"damage":2,"enemies":"3 Sentries","floor":7,"turns":7},{"damage":0,"enemies":"Gremlin Gang","floor":10,"turns":6},{"damage":36,"enemies":"Gremlin Nob","floor":12,"turns":6},{"damage":3,"enemies":"2 Fungi Beasts","floor":13,"turns":4},{"damage":12,"enemies":"Slime Boss","floor":16,"turns":12},{"damage":18,"enemies":"2 Thieves","floor":18,"turns":4},{"damage":9,"enemies":"Shell Parasite","floor":19,"turns":6},{"damage":29,"enemies":"Sentry and Sphere","floor":21,"turns":6},{"damage":6,"enemies":"3 Cultists","floor":22,"turns":5},{"damage":10,"enemies":"Book of Stabbing","floor":23,"turns":3}],"seed_played":"5206186717524011804","potions_obtained":[{"floor":5,"key":"AttackPotion"},{"floor":10,"key":"SpeedPotion"},{"floor":13,"key":"Poison Potion"},{"floor":22,"key":"LiquidBronze"}],"is_trial":false,"path_per_floor":["M","$","M","?","M","R","E","?","T","M","?","E","M","$","R","B",null,"M","M","$","M","M"],"character_chosen":"THE_SILENT","items_purchased":["Dagger Spray","Bronze Scales","Distraction","Infinite Blades","Cloak And Dagger"],"campfire_rested":1,"item_purchase_floors":[2,14,14,20,20],"current_hp_per_floor":[69,69,66,66,65,65,63,63,63,63,63,27,24,24,45,33,70,52,43,43,14,8,0],"gold":48,"neow_bonus":"BOSS_RELIC","is_prod":false,"is_daily":false,"chose_seed":false,"campfire_upgraded":1,"win_rate":0,"timestamp":1533415747,"path_taken":["M","$","M","?","?","R","E","?","T","M","?","E","M","$","R","BOSS","M","M","$","M","M","E"],"build_version":"2018-08-02","purchased_purges":1,"victory":false,"max_hp_per_floor":[70,70,70,70,70,70,70,70,70,70,70,70,70,70,70,70,70,70,70,70,70,70,70],"card_choices":[{"not_picked":["Deadly Poison","Poisoned Stab"],"picked":"Dodge and Roll","floor":1},{"not_picked":["Flying Knee","Heel Hook","Skewer"],"picked":"SKIP","floor":3},{"not_picked":["PiercingWail","Poisoned Stab"],"picked":"Dash","floor":5},{"not_picked":["Eviscerate","Adrenaline"],"picked":"Cloak And Dagger","floor":7},{"not_picked":["Choke","Reflex"],"picked":"Dodge and Roll","floor":10},{"not_picked":["Escape Plan","PiercingWail"],"picked":"Caltrops","floor":12},{"not_picked":["Leg Sweep","Acrobatics"],"picked":"Finisher","floor":13},{"not_picked":["Tactician","Outmaneuver"],"picked":"Deflect","floor":18},{"not_picked":["Poisoned Stab","Flying Knee"],"picked":"Cloak And Dagger","floor":19},{"not_picked":["Backflip","PiercingWail"],"picked":"Deadly Poison+1","floor":21},{"not_picked":["Dagger Throw","Leg Sweep"],"picked":"Deadly Poison","floor":22}],"player_experience":183381,"relics_obtained":[{"floor":7,"key":"Letter Opener"},{"floor":9,"key":"Bottled Flame"},{"floor":12,"key":"Shuriken"}],"event_choices":[{"event_name":"Living Wall","player_choice":"Grow","floor":4,"damage_taken":0},{"event_name":"Accursed Blacksmith","player_choice":"Rummage","floor":8,"damage_taken":0},{"event_name":"Golden Shrine","player_choice":"Pray","floor":11,"damage_taken":0}],"is_beta":false,"boss_relics":[{"not_picked":["Velvet Choker","Runic Dome"],"picked":"Black Star"}],"items_purged_floors":[14],"is_endless":false,"potions_floor_spawned":[5,10,13,22],"killed_by":"Book of Stabbing","ascension_level":0}