{"gold_per_floor":[116,21,21,40,40,40,71,86,86,101,118,118,67,67,67,168,168,179,191,191,56,56,56,72,72,96,96],"floor_reached":27,"playtime":918,"items_purged":[],"score":211,"play_id":"8dfee211-2cb6-493c-af20-ba38d0c07d31","local_time":"20180729184223","is_ascension_mode":false,"campfire_choices":[{"floor":6,"key":"REST"},{"floor":12,"key":"REST"},{"data":"Sword Boomerang","floor":15,"key":"SMITH"},{"floor":23,"key":"REST"}],"neow_cost":"FIFTY_PERCENT_DAMAGE","seed_source_timestamp":261859868822843,"circlet_count":0,"master_deck":["Strike_R+1","Strike_R+1","Strike_R+1","Strike_R+1","Strike_R+1","Defend_R+1","Defend_R+1","Defend_R+1","Defend_R+1","Bash","Bludgeon","Sword Boomerang+1","Flash of Steel","Sword Boomerang+1","Spot Weakness","Sword Boomerang+1","Cleave","Flex","Demon Form","Shrug It Off","Flex","Searing Blow","Armaments"],"relics":["Burning Blood","Darkstone Periapt","Whetstone","Orichalcum","Blood Vial"],"potions_floor_usage":[27,27,27],"damage_taken":[{"damage":1,"enemies":"Cultist","floor":1,"turns":3},{"damage":0,"enemies":"Jaw Worm","floor":4,"turns":3},{"damage":19,"enemies":"3 Sentries","floor":7,"turns":6},{"damage":5,"enemies":"Small Slimes","floor":8,"turns":2},{"damage":1,"enemies":"Blue Slaver","floor":10,"turns":2},{"damage":0,"enemies":"Exordium Wildlife","floor":11,"turns":2},{"damage":31,"enemies":"Slime Boss","floor":16,"turns":11},{"damage":23,"enemies":"Spheric Guardian","floor":18,"turns":5},{"damage":32,"enemies":"3 Byrds","floor":19,"turns":5},{"damage":40,"enemies":"3 Cultists","floor":24,"turns":5},{"damage":40,"enemies":"Slavers","floor":27,"turns":4}],"seed_played":"2232360295931082664","potions_obtained":[{"floor":4,"key":"SteroidPotion"},{"floor":7,"key":"Poison Potion"},{"floor":11,"key":"AttackPotion"},{"floor":19,"key":"BloodPotion"}],"is_trial":false,"path_per_floor":["M","$","?","M","?","R","E","M","T","M","M","R","$","?","R","B",null,"M","M","?","$","?","R","M","?","T"],"character_chosen":"IRONCLAD","items_purchased":["Flash of Steel","Flex","Flex","Searing Blow","Armaments"],"campfire_rested":3,"item_purchase_floors":[2,13,21,21,21],"current_hp_per_floor":[45,45,45,51,33,57,44,45,45,50,56,80,80,80,80,55,80,63,37,37,37,37,61,27,27,27,0],"gold":96,"neow_bonus":"THREE_RARE_CARDS","is_prod":false,"is_daily":false,"chose_seed":false,"campfire_upgraded":1,"win_rate":0.0,"timestamp":1532911343,"path_taken":["M","$","?","M","?","R","E","?","T","M","M","R","?","?","R","BOSS","M","M","?","$","?","R","?","?","T","E"],"build_version":"2018-07-26","purchased_purges":0,"victory":false,"max_hp_per_floor":[80,80,80,80,80,80,80,80,80,80,80,80,80,80,80,80,80,80,80,80,80,80,80,80,80,80,80],"card_choices":[{"not_picked":["Juggernaut","Exhume"],"picked":"Bludgeon","floor":0},{"not_picked":["Havoc","Uppercut"],"picked":"Sword Boomerang","floor":1},{"not_picked":["Carnage","Pummel"],"picked":"Sword Boomerang","floor":4},{"not_picked":["Pommel Strike","Shrug It Off"],"picked":"Spot Weakness","floor":7},{"not_picked":["Headbutt","Ghostly Armor"],"picked":"Sword Boomerang","floor":8},{"not_picked":["Heavy Blade","Carnage"],"picked":"Spot Weakness","floor":10},{"not_picked":["Headbutt","Body Slam"],"picked":"Cleave","floor":11},{"not_picked":["Berserk","Double Tap"],"picked":"Demon Form","floor":16},{"not_picked":["Rage","Fire Breathing+1","Perfected Strike"],"picked":"SKIP","floor":18},{"not_picked":["Perfected Strike+1","Bloodletting+1"],"picked":"Shrug It Off","floor":19},{"not_picked":["Wild Strike","Berserk","Rupture"],"picked":"SKIP","floor":24}],"player_experience":78773,"relics_obtained":[{"floor":7,"key":"Whetstone"},{"floor":9,"key":"Orichalcum"},{"floor":26,"key":"Blood Vial"}],"event_choices":[{"event_name":"Accursed Blacksmith","player_choice":"Forge","floor":3,"damage_taken":0},{"event_name":"Scrap Ooze","player_choice":"success","floor":5,"damage_taken":18},{"event_name":"Bonfire Elementals","player_choice":"UNCOMMON","floor":14,"damage_taken":0},{"event_name":"Back to Basics","player_choice":"Simplicity","floor":20,"damage_taken":0},{"event_name":"Addict","player_choice":"Ignored","floor":22,"damage_taken":0},{"event_name":"Drug Dealer","player_choice":"Ignored","floor":25,"damage_taken":0}],"is_beta":false,"boss_relics":[{"not_picked":["Mark of Pain","Runic Pyramid","Runic Dome"]}],"items_purged_floors":[],"is_endless":false,"potions_floor_spawned":[4,7,11,19,24],"killed_by":"Slavers","ascension_level":0}