{"gold_per_floor":[109,109,120,120,49,49,76,87,136,136,153,170,180,215,215,288,288,300,310,328,341,52,83,95,95,177,177,204,204,204],"floor_reached":30,"playtime":3047,"items_purged":["Strike_G"],"score":548,"play_id":"a37ee6d1-524d-4aed-a2aa-6462c101751d","local_time":"20190403184540","is_ascension_mode":true,"campfire_choices":[{"data":"Noxious Fumes","floor":6,"key":"SMITH"},{"data":"Leg Sweep","floor":15,"key":"SMITH"},{"floor":25,"key":"REST"},{"data":"Footwork","floor":27,"key":"SMITH"}],"neow_cost":"NONE","seed_source_timestamp":1622406416540884,"circlet_count":0,"master_deck":["AscendersBane","Defend_G","Defend_G","Defend_G","Defend_G+1","Defend_G+1","Strike_G","Strike_G","Strike_G","Survivor","Neutralize+1","Leg Sweep+1","Dash","Noxious Fumes+1","Dagger Throw","Quick Slash","Dash","Well Laid Plans","Corpse Explosion","Bouncing Flask","Envenom","Footwork+1","Dagger Throw"],"relics":["Ring of the Snake","NeowsBlessing","Smiling Mask","Regal Pillow","Bag of Marbles","Snecko Eye","Mercury Hourglass","Orichalcum","Kunai","Art of War"],"potions_floor_usage":[19,23,28,28],"damage_taken":[{"damage":0,"enemies":"Jaw Worm","floor":1,"turns":1},{"damage":0,"enemies":"2 Louse","floor":3,"turns":1},{"damage":0,"enemies":"3 Sentries","floor":7,"turns":1},{"damage":0,"enemies":"Small Slimes","floor":8,"turns":4},{"damage":0,"enemies":"Exordium Thugs","floor":11,"turns":4},{"damage":0,"enemies":"Exordium Wildlife","floor":12,"turns":4},{"damage":4,"enemies":"Large Slime","floor":13,"turns":6},{"damage":0,"enemies":"Lagavulin","floor":14,"turns":8},{"damage":11,"enemies":"Hexaghost","floor":16,"turns":11},{"damage":0,"enemies":"Chosen","floor":18,"turns":4},{"damage":2,"enemies":"2 Thieves","floor":19,"turns":3},{"damage":12,"enemies":"Snake Plant","floor":20,"turns":5},{"damage":2,"enemies":"3 Cultists","floor":21,"turns":3},{"damage":21,"enemies":"Slavers","floor":23,"turns":2},{"damage":15,"enemies":"Sentry and Sphere","floor":24,"turns":5},{"damage":28,"enemies":"Gremlin Leader","floor":28,"turns":8},{"damage":15,"enemies":"Shelled Parasite and Fungi","floor":30,"turns":2}],"seed_played":"3870867082191890783","potions_obtained":[{"floor":1,"key":"Block Potion"},{"floor":3,"key":"AttackPotion"},{"floor":13,"key":"Fire Potion"},{"floor":19,"key":"Poison Potion"},{"floor":24,"key":"Energy Potion"}],"is_trial":false,"path_per_floor":["?","?","?","M","?"],"character_chosen":"THE_SILENT","items_purchased":["Noxious Fumes","Mercury Hourglass"],"campfire_rested":1,"item_purchase_floors":[5,22],"current_hp_per_floor":[63,49,49,49,49,49,49,49,49,42,42,42,38,38,38,27,59,59,57,45,43,43,22,7,43,43,43,15,15,0],"gold":204,"neow_bonus":"THREE_ENEMY_KILL","is_prod":false,"is_daily":false,"chose_seed":false,"campfire_upgraded":3,"win_rate":0,"timestamp":1554331540,"path_taken":["M","?","M","?","$","R","E","M","T","?","M","M","?","E","R","BOSS","M","M","M","M","$","E","M","R","T","R","E","?","M"],"build_version":"2019-01-23","purchased_purges":1,"victory":false,"max_hp_per_floor":[70,70,70,70,70,70,70,70,70,70,70,70,70,70,70,70,70,70,70,70,70,70,70,70,70,70,70,70,70,70],"card_choices":[{"not_picked":["Calculated Gamble","Quick Slash"],"picked":"Leg Sweep","floor":1},{"not_picked":["Predator","Finisher"],"picked":"Dash","floor":3},{"not_picked":["Burst","Terror"],"picked":"Dagger Throw","floor":7},{"not_picked":["Catalyst","Backflip"],"picked":"Quick Slash","floor":8},{"not_picked":["Terror","Escape Plan"],"picked":"Dash","floor":11},{"not_picked":["Flechettes","Deadly Poison"],"picked":"Well Laid Plans","floor":12},{"not_picked":["Prepared","Finisher","Slice"],"picked":"SKIP","floor":13},{"not_picked":["Bane","Tools of the Trade","Blur"],"picked":"SKIP","floor":14},{"not_picked":["Envenom","Venomology"],"picked":"Corpse Explosion","floor":16},{"not_picked":["Flying Knee","Reflex","Blade Dance"],"picked":"SKIP","floor":18},{"not_picked":["Quick Slash","Sucker Punch","Cloak And Dagger"],"picked":"SKIP","floor":19},{"not_picked":["Concentrate","Terror","Reflex"],"picked":"SKIP","floor":20},{"not_picked":["Slice","Flying Knee"],"picked":"Bouncing Flask","floor":21},{"not_picked":["Dagger Throw","Skewer"],"picked":"Envenom","floor":23},{"not_picked":["Dodge and Roll","Sucker Punch"],"picked":"Footwork","floor":24},{"not_picked":["Deadly Poison","Prepared+1"],"picked":"Dagger Throw","floor":28}],"player_experience":1431754,"relics_obtained":[{"floor":7,"key":"Smiling Mask"},{"floor":9,"key":"Regal Pillow"},{"floor":14,"key":"Bag of Marbles"},{"floor":23,"key":"Orichalcum"},{"floor":26,"key":"Kunai"},{"floor":28,"key":"Art of War"}],"event_choices":[{"damage_healed":0,"gold_gain":0,"player_choice":"Entered Light","damage_taken":14,"max_hp_gain":0,"max_hp_loss":0,"event_name":"Shining Light","floor":2,"gold_loss":0,"cards_upgraded":["Defend_G","Defend_G"]},{"damage_healed":0,"gold_gain":0,"player_choice":"Grow","damage_taken":0,"max_hp_gain":0,"max_hp_loss":0,"event_name":"Living Wall","floor":4,"gold_loss":0,"cards_upgraded":["Neutralize"]},{"cards_removed":["Strike_G"],"damage_healed":0,"gold_gain":0,"player_choice":"Card Removal","damage_taken":7,"max_hp_gain":0,"max_hp_loss":0,"event_name":"Golden Wing","floor":10,"gold_loss":0},{"damage_healed":0,"gold_gain":0,"player_choice":"Ignored","damage_taken":0,"max_hp_gain":0,"max_hp_loss":0,"event_name":"The Mausoleum","floor":29,"gold_loss":0}],"is_beta":false,"boss_relics":[{"not_picked":["Coffee Dripper","Fusion Hammer"],"picked":"Snecko Eye"}],"items_purged_floors":[22],"is_endless":false,"potions_floor_spawned":[1,3,13,18,19,21,24],"killed_by":"Shelled Parasite and Fungi","ascension_level":13}