{"gold_per_floor":[117,131,131,141,160,160,186,186,186,197,162,162,162,173,173,276,276,293,293,196,196,96,128,60,70,70,88,88,106,123,38,38,143,143,154,171,0,999,798,831,860,145,145,145],"floor_reached":44,"playtime":3039,"items_purged":["Decay","Strike_B","Normality","Normality"],"score":735,"play_id":"901b4d01-8c20-4ed5-b3d6-7ea0f22941ae","local_time":"20190331183642","is_ascension_mode":true,"campfire_choices":[{"floor":6,"key":"REST"},{"data":"Defragment","floor":8,"key":"SMITH"},{"data":"Consume","floor":12,"key":"SMITH"},{"data":"Zap","floor":15,"key":"SMITH"},{"floor":28,"key":"REST"},{"floor":32,"key":"REST"}],"neow_cost":"NONE","seed_source_timestamp":1362674958472260,"circlet_count":0,"master_deck":["AscendersBane","Defend_B","Defend_B","Defend_B","Defend_B","Zap+1","Dualcast","Consume+1","Ball Lightning","Defragment+1","Cold Snap","Machine Learning","Stack+1","Redo","Conserve Battery","Coolheaded","Glacier+1","Defragment","Coolheaded+1","Electrodynamics","Consume+1","Capacitor","White Noise","Coolheaded","FTL+1","Loop"],"relics":["FrozenCore","Lantern","Pen Nib","Inserter","StoneCalendar","Bottled Tornado","Torii","Red Mask","MawBank","Omamori","Centennial Puzzle","Toy Ornithopter","Bottled Lightning"],"potions_floor_usage":[23],"damage_taken":[{"damage":0,"enemies":"Cultist","floor":1,"turns":4},{"damage":8,"enemies":"Jaw Worm","floor":2,"turns":4},{"damage":3,"enemies":"2 Louse","floor":4,"turns":4},{"damage":23,"enemies":"Lots of Slimes","floor":5,"turns":4},{"damage":25,"enemies":"Lagavulin","floor":7,"turns":6},{"damage":10,"enemies":"2 Fungi Beasts","floor":10,"turns":3},{"damage":6,"enemies":"3 Louse","floor":14,"turns":3},{"damage":28,"enemies":"Hexaghost","floor":16,"turns":8},{"damage":9,"enemies":"Spheric Guardian","floor":18,"turns":3},{"damage":30,"enemies":"Slavers","floor":23,"turns":7},{"damage":16,"enemies":"2 Thieves","floor":25,"turns":5},{"damage":0,"enemies":"Shelled Parasite and Fungi","floor":27,"turns":7},{"damage":16,"enemies":"Centurion and Healer","floor":29,"turns":7},{"damage":5,"enemies":"Chosen and Byrds","floor":30,"turns":4},{"damage":16,"enemies":"Automaton","floor":33,"turns":9},{"damage":30,"enemies":"3 Darklings","floor":35,"turns":4},{"damage":1,"enemies":"Orb Walker","floor":36,"turns":7},{"damage":18,"enemies":"Nemesis","floor":40,"turns":9},{"damage":7,"enemies":"3 Darklings","floor":41,"turns":5},{"damage":6,"enemies":"Sphere and 2 Shapes","floor":44,"turns":2}],"seed_played":"-2507529831028624086","potions_obtained":[{"floor":1,"key":"SteroidPotion"},{"floor":2,"key":"Fire Potion"},{"floor":16,"key":"AttackPotion"},{"floor":25,"key":"Energy Potion"}],"is_trial":false,"path_per_floor":["$","M","?","?","M","?","?","$","M","?","?","?"],"character_chosen":"DEFECT","items_purchased":["Coolheaded","Defragment","White Noise","Loop","Omamori","Centennial Puzzle","Toy Ornithopter"],"campfire_rested":3,"item_purchase_floors":[20,24,39,42,42,42,42],"current_hp_per_floor":[68,60,60,57,34,56,31,31,31,21,39,39,39,33,33,5,58,49,49,49,49,49,19,19,3,3,3,25,9,4,4,26,10,59,29,28,28,28,28,10,3,3,3,0],"gold":145,"neow_bonus":"RANDOM_COMMON_RELIC","is_prod":false,"is_daily":false,"chose_seed":false,"campfire_upgraded":3,"win_rate":0,"timestamp":1554071802,"path_taken":["M","M","?","M","?","R","E","R","T","M","?","R","?","?","R","BOSS","M","?","$","?","$","E","?","?","T","M","R","M","M","?","R","BOSS","M","M","?","?","$","E","M","$","T","M"],"build_version":"2019-01-23","purchased_purges":4,"victory":false,"max_hp_per_floor":[75,75,75,75,75,75,75,75,75,75,75,75,75,75,75,75,75,75,75,75,75,75,75,75,75,75,75,75,75,75,75,75,75,75,75,75,75,75,75,75,75,75,75,75],"card_choices":[{"not_picked":["Conserve Battery","Scrape"],"picked":"Consume","floor":1},{"not_picked":["Hologram","Beam Cell","Rebound"],"picked":"SKIP","floor":2},{"not_picked":["Doom and Gloom","Barrage"],"picked":"Ball Lightning","floor":4},{"not_picked":["Sweeping Beam","Rip and Tear","Blizzard"],"picked":"SKIP","floor":5},{"not_picked":["Beam Cell","Leap"],"picked":"Defragment","floor":7},{"not_picked":["Hologram","Lockon","Steam Power"],"picked":"SKIP","floor":10},{"not_picked":["Ball Lightning","Coolheaded"],"picked":"Cold Snap","floor":14},{"not_picked":["Amplify","Multi-Cast"],"picked":"Machine Learning","floor":16},{"not_picked":["Chaos","Streamline"],"picked":"Stack+1","floor":18},{"not_picked":["Tempest","Cold Snap"],"picked":"Glacier+1","floor":23},{"not_picked":["Barrage+1","Leap+1"],"picked":"Coolheaded+1","floor":25},{"not_picked":["Chaos","Hologram","Streamline"],"picked":"SKIP","floor":27},{"not_picked":["Genetic Algorithm+1","Cold Snap"],"picked":"Electrodynamics","floor":29},{"not_picked":["Melter","Cold Snap","Go for the Eyes"],"picked":"SKIP","floor":30},{"not_picked":["Rebound","Cold Snap+1"],"picked":"Consume+1","floor":35},{"not_picked":["Reprogram","Conserve Battery"],"picked":"Capacitor","floor":36},{"not_picked":["Turbo","Heatsinks+1"],"picked":"Coolheaded","floor":40},{"not_picked":["Streamline","Rebound"],"picked":"FTL+1","floor":41}],"player_experience":1342785,"relics_obtained":[{"floor":7,"key":"Pen Nib"},{"floor":23,"key":"StoneCalendar"},{"floor":26,"key":"Bottled Tornado"},{"floor":40,"key":"MawBank"},{"floor":43,"key":"Bottled Lightning"}],"event_choices":[{"damage_healed":18,"gold_gain":0,"player_choice":"Healed","damage_taken":0,"max_hp_gain":0,"max_hp_loss":0,"event_name":"The Cleric","floor":11,"gold_loss":35},{"damage_healed":0,"gold_gain":0,"player_choice":"Cursed","damage_taken":0,"max_hp_gain":0,"max_hp_loss":0,"event_name":"Wheel of Change","floor":13,"gold_loss":0,"cards_obtained":["Decay"]},{"damage_healed":0,"gold_gain":0,"cards_transformed":["Strike_B","Strike_B"],"player_choice":"Became Test Subject","damage_taken":0,"max_hp_gain":0,"max_hp_loss":0,"event_name":"Drug Dealer","floor":19,"gold_loss":0,"cards_obtained":["Redo","Conserve Battery"]},{"cards_removed":["Strike_B"],"damage_healed":0,"gold_gain":0,"player_choice":"Elegance","damage_taken":0,"max_hp_gain":0,"max_hp_loss":0,"event_name":"Back to Basics","floor":21,"gold_loss":0},{"damage_healed":0,"gold_gain":0,"player_choice":"Obtained Relic","damage_taken":0,"relics_obtained":["Torii"],"max_hp_gain":0,"max_hp_loss":0,"event_name":"Addict","floor":31,"gold_loss":85},{"damage_healed":0,"gold_gain":0,"player_choice":"Paid","damage_taken":0,"relics_obtained":["Red Mask"],"max_hp_gain":0,"max_hp_loss":0,"event_name":"Tomb of Lord Red Mask","floor":37,"gold_loss":171},{"damage_healed":0,"gold_gain":999,"player_choice":"Gold","damage_taken":0,"max_hp_gain":0,"max_hp_loss":0,"event_name":"MindBloom","floor":38,"gold_loss":0,"cards_obtained":["Normality","Normality"]}],"is_beta":false,"boss_relics":[{"not_picked":["Tiny House","Fusion Hammer"],"picked":"Inserter"},{"not_picked":["Sozu","Nuclear Battery"],"picked":"FrozenCore"}],"items_purged_floors":[20,22,39,42],"is_endless":false,"potions_floor_spawned":[1,2,7,16,25,27,29,33,36],"killed_by":"Sphere and 2 Shapes","ascension_level":11}