{"gold_per_floor":[119,119,51,62,137,137,57,70,97,97,47,64,96,110,110,205,205,219,144,162,162,175,175,195,195,195,1,11,11,27,45,45,144,144,160,160,160,177,177,202,202,202,228,228,245,17,17,33,33,33],"floor_reached":50,"playtime":6117,"items_purged":["Regret","Defend_B"],"score":755,"play_id":"e817bbde-43ec-4638-b523-a1b5da7cc6f0","local_time":"20190409233203","is_ascension_mode":true,"campfire_choices":[{"data":"Zap","floor":6,"key":"SMITH"},{"floor":15,"key":"REST"},{"data":"Go for the Eyes","floor":23,"key":"SMITH"},{"floor":29,"key":"REST"},{"floor":32,"key":"REST"},{"data":"Biased Cognition","floor":47,"key":"SMITH"},{"floor":49,"key":"REST"}],"neow_cost":"NONE","seed_source_timestamp":0,"circlet_count":0,"master_deck":["AscendersBane","Strike_B","Strike_B","Defend_B","Defend_B","Zap+1","Dualcast","Cold Snap","Go for the Eyes+1","Echo Form","Cold Snap","Capacitor","Chill","Hologram","Rainbow","Coolheaded","Echo Form","Undo","Go for the Eyes","Conserve Battery","Echo Form","Conserve Battery","Capacitor","Fusion","Biased Cognition+1","Coolheaded+1","Panacea"],"special_seed":0,"relics":["Cracked Core","Orichalcum","Bag of Preparation","Bottled Flame","Nuclear Battery","Singing Bowl","Empty Cage","FossilizedHelix","NlothsMask","Bronze Scales"],"potions_floor_usage":[16,18,24,24,33],"damage_taken":[{"damage":4,"enemies":"2 Louse","floor":1,"turns":3},{"damage":3,"enemies":"Small Slimes","floor":4,"turns":3},{"damage":2,"enemies":"Cultist","floor":8,"turns":4},{"damage":7,"enemies":"3 Louse","floor":12,"turns":3},{"damage":10,"enemies":"Gremlin Nob","floor":13,"turns":4},{"damage":3,"enemies":"Lots of Slimes","floor":14,"turns":5},{"damage":39,"enemies":"The Guardian","floor":16,"turns":11},{"damage":20,"enemies":"3 Byrds","floor":18,"turns":5},{"damage":4,"enemies":"Shell Parasite","floor":20,"turns":7},{"damage":2,"enemies":"Centurion and Healer","floor":22,"turns":9},{"damage":4,"enemies":"Snake Plant","floor":24,"turns":7},{"damage":18,"enemies":"Chosen and Byrds","floor":28,"turns":10},{"damage":30,"enemies":"3 Cultists","floor":30,"turns":6},{"damage":10,"enemies":"Snecko","floor":31,"turns":7},{"damage":14,"enemies":"Automaton","floor":33,"turns":15},{"damage":0,"enemies":"3 Shapes","floor":35,"turns":11},{"damage":8,"enemies":"Orb Walker","floor":38,"turns":7},{"damage":3,"enemies":"Giant Head","floor":40,"turns":12},{"damage":15,"enemies":"Sphere and 2 Shapes","floor":45,"turns":11},{"damage":0,"enemies":"Spire Growth","floor":48,"turns":8},{"damage":77,"enemies":"Awakened One","floor":50,"turns":4}],"seed_played":"-878424691446410706","potions_obtained":[{"floor":14,"key":"LiquidBronze"},{"floor":16,"key":"Fire Potion"},{"floor":18,"key":"Strength Potion"},{"floor":21,"key":"Regen Potion"},{"floor":21,"key":"FocusPotion"},{"floor":28,"key":"Ancient Potion"},{"floor":30,"key":"Dexterity Potion"},{"floor":33,"key":"GamblersBrew"},{"floor":45,"key":"Dexterity Potion"}],"is_trial":false,"path_per_floor":["M","?","$","M","?","R","$","M","T","?","$","M","E","M","R","B",null,"M","$","M","?","M","R","M","?","T","$","M","R","M","M","R","B",null,"M","?","?","M","?","E","$","?","T","?","M","$","R","M","R","B"],"character_chosen":"DEFECT","items_purchased":["Echo Form","Capacitor","Hologram","Conserve Battery","Capacitor","Bronze Scales","Ancient Potion"],"campfire_rested":4,"item_purchase_floors":[3,7,11,27,27,46,46],"current_hp_per_floor":[64,64,64,61,50,50,50,48,48,41,41,34,24,21,43,4,57,37,37,33,33,31,31,42,42,42,42,24,46,18,10,33,19,64,66,66,66,58,58,57,57,57,57,57,44,44,44,46,72,0],"gold":33,"neow_bonus":"THREE_CARDS","is_prod":false,"is_daily":false,"chose_seed":false,"campfire_upgraded":3,"win_rate":0,"timestamp":1554870723,"path_taken":["M","?","$","M","?","R","$","M","T","?","$","M","E","M","R","BOSS","M","$","M","?","?","R","M","?","T","$","M","R","?","M","R","BOSS","M","?","?","M","?","E","$","?","T","?","?","$","R","M","R","BOSS"],"build_version":"2019-04-04","purchased_purges":2,"victory":false,"max_hp_per_floor":[75,75,75,75,75,75,75,75,75,75,75,75,75,75,75,75,75,75,75,75,75,75,75,75,75,75,75,75,75,77,79,79,79,79,81,81,81,81,81,83,83,83,83,83,85,85,85,87,87,87],"card_choices":[{"not_picked":["Leap","Conserve Battery"],"picked":"Cold Snap","floor":0},{"not_picked":["Redo","Undo"],"picked":"Go for the Eyes","floor":1},{"not_picked":["Double Energy","Streamline"],"picked":"Cold Snap","floor":4},{"not_picked":["Ball Lightning","Conserve Battery"],"picked":"Chill","floor":8},{"not_picked":["Leap","Reprogram"],"picked":"Compile Driver","floor":12},{"not_picked":["Streamline","Rebound"],"picked":"Rainbow","floor":13},{"not_picked":["Lockon","Sweeping Beam"],"picked":"Coolheaded","floor":14},{"not_picked":["Hyperbeam","Fission"],"picked":"Echo Form","floor":16},{"not_picked":["Streamline+1","Ball Lightning"],"picked":"Undo","floor":18},{"not_picked":["Sweeping Beam","Beam Cell"],"picked":"Go for the Eyes","floor":20},{"not_picked":["Heatsinks","Hello World"],"picked":"Conserve Battery","floor":22},{"not_picked":["Streamline","Coolheaded","Stack"],"picked":"SKIP","floor":24},{"not_picked":["Sunder","Heatsinks"],"picked":"Fusion","floor":28},{"not_picked":["Storm","Beam Cell","Loop"],"picked":"Singing Bowl","floor":30},{"not_picked":["Amplify","Leap","Go for the Eyes"],"picked":"Singing Bowl","floor":31},{"not_picked":["Amplify","Core Surge"],"picked":"Biased Cognition","floor":33},{"not_picked":["Stack","Cold Snap","Gash"],"picked":"Singing Bowl","floor":35},{"not_picked":["Rebound","All For One"],"picked":"Coolheaded+1","floor":38},{"not_picked":["Thinking Ahead","PanicButton"],"picked":"Panacea","floor":39},{"not_picked":["Coolheaded","Beam Cell","Steam"],"picked":"Singing Bowl","floor":40},{"not_picked":["Double Energy","Conserve Battery","Doom and Gloom"],"picked":"Singing Bowl","floor":45},{"not_picked":["Go for the Eyes","Stack","Ball Lightning"],"picked":"Singing Bowl","floor":48}],"player_experience":618951,"relics_obtained":[{"floor":9,"key":"Bag of Preparation"},{"floor":13,"key":"Bottled Flame"},{"floor":26,"key":"Singing Bowl"},{"floor":40,"key":"FossilizedHelix"}],"event_choices":[{"damage_healed":0,"gold_gain":0,"player_choice":"Box","damage_taken":0,"relics_obtained":["Orichalcum"],"max_hp_gain":0,"max_hp_loss":0,"event_name":"Big Fish","floor":2,"gold_loss":0,"cards_obtained":["Regret"]},{"damage_healed":0,"gold_gain":75,"player_choice":"Gather Gold","damage_taken":11,"max_hp_gain":0,"max_hp_loss":0,"event_name":"World of Goop","floor":5,"gold_loss":0},{"cards_removed":["Strike_B"],"damage_healed":0,"gold_gain":0,"player_choice":"Card Removal","damage_taken":7,"max_hp_gain":0,"max_hp_loss":0,"event_name":"Golden Wing","floor":10,"gold_loss":0},{"damage_healed":0,"gold_gain":0,"player_choice":"Got Potions","damage_taken":0,"max_hp_gain":0,"max_hp_loss":0,"event_name":"Lab","floor":21,"gold_loss":0},{"damage_healed":0,"gold_gain":0,"player_choice":"Copied","damage_taken":0,"max_hp_gain":0,"max_hp_loss":0,"event_name":"Duplicator","floor":25,"gold_loss":0,"cards_obtained":["Echo Form"]},{"damage_healed":0,"gold_gain":0,"player_choice":"Ignored","damage_taken":0,"max_hp_gain":0,"max_hp_loss":0,"event_name":"Mysterious Sphere","floor":36,"gold_loss":0},{"cards_removed":["Compile Driver"],"damage_healed":0,"gold_gain":0,"player_choice":"Removed Attack","damage_taken":0,"max_hp_gain":0,"max_hp_loss":0,"event_name":"Falling","floor":37,"gold_loss":0},{"damage_healed":0,"gold_gain":0,"player_choice":"Memory 1","damage_taken":0,"max_hp_gain":0,"max_hp_loss":0,"event_name":"SensoryStone","floor":39,"gold_loss":0},{"damage_healed":0,"gold_gain":0,"player_choice":"Ignored","damage_taken":0,"max_hp_gain":0,"max_hp_loss":0,"event_name":"Tomb of Lord Red Mask","floor":42,"gold_loss":0},{"damage_healed":0,"gold_gain":0,"player_choice":"Trade","damage_taken":0,"relics_obtained":["NlothsMask"],"max_hp_gain":0,"max_hp_loss":0,"event_name":"FaceTrader","floor":44,"gold_loss":0}],"is_beta":true,"boss_relics":[{"not_picked":["Pandora\u0027s Box","Orrery"],"picked":"Nuclear Battery"},{"not_picked":["White Beast Statue","Tiny House"],"picked":"Empty Cage"}],"items_purged_floors":[19,27],"is_endless":false,"potions_floor_spawned":[14,16,18,28,30,31,33,40,45,48],"killed_by":"Awakened One","ascension_level":12}