{"gold_per_floor":[113,125,14,14,14,14,34,69,69,89,115,290,305,324,324,324],"floor_reached":16,"playtime":688,"items_purged":[],"score":146,"play_id":"1a657316-b820-4b19-94a3-533e952ef48c","local_time":"20181024141708","is_ascension_mode":true,"campfire_choices":[{"data":"Blind","floor":6,"key":"SMITH"},{"floor":15,"key":"REST"}],"neow_cost":"NONE","seed_source_timestamp":1197228138598170,"circlet_count":0,"master_deck":["Strike_R","Strike_R","Strike_R","Strike_R","Strike_R","Defend_R","Defend_R","Defend_R","Defend_R","Bash","Blind+1","Shrug It Off","Headbutt","Inflame","Flame Barrier","Regret","Shockwave","Shrug It Off","Shrug It Off","Rampage","Entrench","Flame Barrier","Doubt","Pommel Strike","True Grit","Iron Wave","True Grit"],"relics":["Burning Blood","Prayer Wheel","Nunchaku","Bag of Preparation","Kunai","Boot"],"potions_floor_usage":[11,11,16,16],"damage_taken":[{"damage":0,"enemies":"2 Louse","floor":1,"turns":3},{"damage":4,"enemies":"Jaw Worm","floor":2,"turns":4},{"damage":2,"enemies":"Cultist","floor":7,"turns":4},{"damage":20,"enemies":"Lagavulin","floor":8,"turns":8},{"damage":8,"enemies":"Blue Slaver","floor":10,"turns":6},{"damage":22,"enemies":"Gremlin Nob","floor":11,"turns":5},{"damage":14,"enemies":"Looter","floor":13,"turns":4},{"damage":6,"enemies":"2 Fungi Beasts","floor":14,"turns":4},{"damage":64,"enemies":"Slime Boss","floor":16,"turns":13}],"seed_played":"5741787991777103901","potions_obtained":[{"floor":1,"key":"Weak Potion"},{"floor":10,"key":"Regen Potion"},{"floor":11,"key":"SpeedPotion"},{"floor":14,"key":"EssenceOfSteel"}],"is_trial":false,"path_per_floor":["M","M","$","?","?","R","M","E","T","M","E","?","M","M","R"],"character_chosen":"IRONCLAD","items_purchased":["Inflame","Flame Barrier"],"campfire_rested":1,"item_purchase_floors":[3,3],"current_hp_per_floor":[78,80,80,62,62,62,66,52,52,50,48,48,40,40,64,0],"gold":324,"neow_bonus":"RANDOM_COLORLESS","is_prod":false,"is_daily":false,"chose_seed":false,"campfire_upgraded":1,"win_rate":0,"timestamp":1540412228,"path_taken":["M","M","$","?","?","R","M","E","T","?","E","?","M","M","R","BOSS"],"build_version":"2018-10-18","purchased_purges":0,"victory":false,"max_hp_per_floor":[80,80,80,80,80,80,80,80,80,80,80,80,80,80,80,80],"card_choices":[{"not_picked":["Perfected Strike","Sword Boomerang"],"picked":"Shrug It Off","floor":1},{"not_picked":["Uppercut","Sword Boomerang"],"picked":"Headbutt","floor":2},{"not_picked":["Headbutt","Warcry"],"picked":"Shockwave","floor":7},{"not_picked":["Clothesline","Intimidate"],"picked":"Shrug It Off","floor":7},{"not_picked":["Second Wind","Double Tap"],"picked":"Shrug It Off","floor":8},{"not_picked":["Thunderclap","Headbutt"],"picked":"Rampage","floor":10},{"not_picked":["Cleave","Carnage"],"picked":"Entrench","floor":10},{"not_picked":["True Grit","Dropkick"],"picked":"Flame Barrier","floor":11},{"not_picked":["Blood for Blood","Havoc"],"picked":"Pommel Strike","floor":13},{"not_picked":["Warcry","Anger"],"picked":"True Grit","floor":13},{"not_picked":["Clash","Burning Pact"],"picked":"Iron Wave","floor":14},{"not_picked":["Headbutt","Havoc"],"picked":"True Grit","floor":14}],"player_experience":793447,"relics_obtained":[{"floor":8,"key":"Bag of Preparation"},{"floor":9,"key":"Kunai"},{"floor":11,"key":"Boot"}],"event_choices":[{"damage_healed":0,"gold_gain":0,"player_choice":"Success","damage_taken":18,"relics_obtained":["Prayer Wheel"],"max_hp_gain":0,"max_hp_loss":0,"event_name":"Scrap Ooze","floor":4,"gold_loss":0},{"damage_healed":0,"gold_gain":0,"player_choice":"Box","damage_taken":0,"relics_obtained":["Nunchaku"],"max_hp_gain":0,"max_hp_loss":0,"event_name":"Big Fish","floor":5,"gold_loss":0,"cards_obtained":["Regret"]},{"damage_healed":0,"gold_gain":175,"player_choice":"AGREE","damage_taken":0,"max_hp_gain":0,"max_hp_loss":0,"event_name":"Liars Game","floor":12,"gold_loss":0,"cards_obtained":["Doubt"]}],"is_beta":false,"boss_relics":[],"items_purged_floors":[],"is_endless":false,"potions_floor_spawned":[1,10,11,14],"killed_by":"Slime Boss","ascension_level":6}