{"gold_per_floor":[111,386,233,248,267,267,330,357,384,414,414,438,438,455,455,531,531,544,359,370,370,387,416,416,341,366,366,366,366,22,22],"floor_reached":31,"playtime":1624,"items_purged":["Regret","Strike_B","Decay"],"score":479,"play_id":"4aafd294-6cef-4dad-a8aa-bf1f6e29f2c9","local_time":"20190408175735","is_ascension_mode":true,"campfire_choices":[{"data":"Defragment","floor":6.0,"key":"SMITH"},{"data":"Capacitor","floor":11.0,"key":"SMITH"},{"data":"Coolheaded","floor":13.0,"key":"SMITH"},{"data":"Consume","floor":15.0,"key":"SMITH"},{"data":"Buffer","floor":24.0,"key":"SMITH"},{"data":"Chaos","floor":27.0,"key":"SMITH"},{"data":"Impatience","floor":29.0,"key":"SMITH"}],"neow_cost":"NONE","seed_source_timestamp":5646361368200,"circlet_count":0,"master_deck":["AscendersBane","Strike_B","Strike_B","Defend_B","Defend_B","Defend_B","Defend_B","Zap","Dualcast","Chill","Defragment+1","Capacitor+1","Coolheaded+1","Cold Snap","Consume+1","Buffer+1","Leap","Impatience+1","Chaos+1","Undo","Defragment","Glacier"],"special_seed":0,"relics":["Cracked Core","NeowsBlessing","Smiling Mask","Bird Faced Urn","PreservedInsect","Lantern","Vajra","Coffee Dripper","Bag of Marbles","Happy Flower","Bag of Preparation"],"potions_floor_usage":[],"damage_taken":[{"damage":0.0,"enemies":"Jaw Worm","floor":1.0,"turns":1.0},{"damage":0.0,"enemies":"Cultist","floor":4.0,"turns":1.0},{"damage":0.0,"enemies":"2 Louse","floor":5.0,"turns":1.0},{"damage":19.0,"enemies":"Gremlin Nob","floor":7.0,"turns":6.0},{"damage":7.0,"enemies":"Lagavulin","floor":8.0,"turns":10.0},{"damage":12.0,"enemies":"3 Sentries","floor":10.0,"turns":8.0},{"damage":1.0,"enemies":"Exordium Wildlife","floor":14.0,"turns":8.0},{"damage":17.0,"enemies":"Slime Boss","floor":16.0,"turns":19.0},{"damage":6.0,"enemies":"3 Byrds","floor":18.0,"turns":6.0},{"damage":0.0,"enemies":"Chosen","floor":20.0,"turns":7.0},{"damage":30.0,"enemies":"Colosseum Slavers","floor":21.0,"turns":6.0},{"damage":0.0,"enemies":"Centurion and Healer","floor":22.0,"turns":10.0},{"damage":21.0,"enemies":"Slavers","floor":23.0,"turns":7.0},{"damage":49,"enemies":"Gremlin Leader","floor":31,"turns":12}],"seed_played":"-2830340174680687282","potions_obtained":[{"floor":1.0,"key":"Block Potion"},{"floor":4.0,"key":"Poison Potion"},{"floor":18.0,"key":"FocusPotion"}],"is_trial":false,"path_per_floor":["M","?","$","M","M","R","?","E","T","E","R","T","R","M","R","B",null,"M","$","M","?","M","E","R","?","T","R","?","R","$","E"],"character_chosen":"DEFECT","items_purchased":["Defragment","Impatience","Chaos","Defragment","Glacier","Bag of Preparation"],"campfire_rested":0,"item_purchase_floors":[3,19,19,30,30,30],"current_hp_per_floor":[64,64,64,64,64,64,45,38,38,30,30,30,30,33,33,20,58,58,58,64,40,46,31,31,31,31,31,31,31,31,0],"gold":22,"neow_bonus":"THREE_ENEMY_KILL","is_prod":false,"is_daily":false,"chose_seed":false,"campfire_upgraded":7,"win_rate":0,"timestamp":1554771455,"path_taken":["M","?","$","M","?","R","?","E","T","E","R","?","R","?","R","BOSS","M","$","M","?","M","E","R","?","T","R","?","R","$","E"],"build_version":"2019-01-23","purchased_purges":3,"victory":false,"max_hp_per_floor":[71,71,71,71,71,71,71,71,71,71,71,71,71,71,71,71,71,71,71,71,71,71,71,71,71,71,71,71,71,71,71],"card_choices":[{"not_picked":["Melter","Storm"],"picked":"Chill","floor":1.0},{"not_picked":["Consume","Turbo"],"picked":"Capacitor","floor":4.0},{"not_picked":["Recycle","Streamline"],"picked":"Coolheaded","floor":5.0},{"not_picked":["Redo","Gash","Streamline"],"picked":"SKIP","floor":8.0},{"not_picked":["Steam Power","Steam"],"picked":"Cold Snap","floor":10.0},{"not_picked":["Rebound","Turbo"],"picked":"Consume","floor":14.0},{"not_picked":["Machine Learning","Multi-Cast"],"picked":"Buffer","floor":16.0},{"not_picked":["Cold Snap","Redo"],"picked":"Leap","floor":18.0},{"not_picked":["Stack","Static Discharge","Gash"],"picked":"SKIP","floor":20.0},{"not_picked":["Heatsinks+1","Gash"],"picked":"Undo","floor":22.0},{"not_picked":["Cold Snap","Streamline","Aggregate"],"picked":"SKIP","floor":23.0}],"player_experience":494193,"relics_obtained":[{"floor":7.0,"key":"Smiling Mask"},{"floor":8.0,"key":"Bird Faced Urn"},{"floor":9.0,"key":"PreservedInsect"},{"floor":10.0,"key":"Lantern"},{"floor":12.0,"key":"Vajra"},{"floor":23.0,"key":"Bag of Marbles"},{"floor":26.0,"key":"Happy Flower"}],"event_choices":[{"damage_healed":0.0,"max_hp_gain":0.0,"max_hp_loss":0.0,"gold_gain":275.0,"event_name":"Golden Shrine","player_choice":"Desecrate","floor":2.0,"gold_loss":0.0,"damage_taken":0.0,"cards_obtained":["Regret"]},{"damage_healed":0.0,"max_hp_gain":0.0,"max_hp_loss":0.0,"gold_gain":0.0,"event_name":"Dead Adventurer","player_choice":"Searched \u00272\u0027 times","floor":7.0,"gold_loss":0.0,"damage_taken":0.0},{"damage_healed":0.0,"max_hp_gain":0.0,"max_hp_loss":0.0,"gold_gain":0.0,"event_name":"Colosseum","player_choice":"Fight","floor":21.0,"gold_loss":0.0,"damage_taken":0.0},{"damage_healed":0.0,"max_hp_gain":0.0,"max_hp_loss":0.0,"gold_gain":0.0,"event_name":"Colosseum","player_choice":"Fled From Nobs","floor":21.0,"gold_loss":0.0,"damage_taken":0.0},{"cards_removed":["Strike_B"],"damage_healed":0.0,"max_hp_gain":0.0,"max_hp_loss":0.0,"gold_gain":0.0,"event_name":"Beggar","player_choice":"Gave Gold","floor":25.0,"gold_loss":75.0,"damage_taken":0.0},{"damage_healed":0.0,"max_hp_gain":0.0,"max_hp_loss":0.0,"gold_gain":0.0,"event_name":"Forgotten Altar","player_choice":"Smashed Altar","floor":28.0,"gold_loss":0.0,"damage_taken":0.0,"cards_obtained":["Decay"]}],"is_beta":false,"boss_relics":[{"not_picked":["Black Star","Philosopher\u0027s Stone"],"picked":"Coffee Dripper"}],"items_purged_floors":[3,19,30],"is_endless":false,"potions_floor_spawned":[1,4,5,7,18,21],"killed_by":"Gremlin Leader","ascension_level":17}