{"gold_per_floor":[115,40,57,69,86,86,117,117,142,142,142,154,154,173,173,269,269,287,319,244,38,53,53,68,94,121,121,121,153,12,12,12,12],"floor_reached":33,"playtime":3853,"items_purged":["Strike_G","Strike_G","Strike_G"],"score":366,"play_id":"5d462486-0ec6-4e0a-859b-45f1f55948a0","local_time":"20190405091352","is_ascension_mode":true,"campfire_choices":[{"floor":6.0,"key":"REST"},{"data":"Neutralize","floor":8,"key":"SMITH"},{"data":"Cloak And Dagger","floor":13,"key":"SMITH"},{"data":"Footwork","floor":15,"key":"SMITH"},{"floor":23,"key":"REST"},{"floor":27,"key":"REST"},{"floor":32,"key":"REST"}],"neow_cost":"NONE","seed_source_timestamp":0,"circlet_count":0,"master_deck":["Defend_G","Defend_G","Defend_G","Defend_G","Survivor","Neutralize+1","Dagger Throw","Cloak And Dagger+1","Blur","Dash","Dagger Spray","Bullet Time","Sucker Punch","Footwork+1","Corpse Explosion","Backflip","Footwork","Terror","Caltrops","Acrobatics","Die Die Die","Catalyst","Backstab","Flechettes","Dagger Throw","Leg Sweep"],"special_seed":0,"relics":["Ring of the Snake","Pen Nib","PreservedInsect","Sozu","Red Mask","Smiling Mask","Dream Catcher","Question Card"],"potions_floor_usage":[16,16,16,16,16,16],"damage_taken":[{"damage":6.0,"enemies":"Cultist","floor":1.0,"turns":6.0},{"damage":3.0,"enemies":"2 Louse","floor":3.0,"turns":3.0},{"damage":0.0,"enemies":"Small Slimes","floor":4.0,"turns":3.0},{"damage":16.0,"enemies":"Exordium Thugs","floor":5.0,"turns":10.0},{"damage":13,"enemies":"3 Sentries","floor":7,"turns":11},{"damage":0,"enemies":"Exordium Wildlife","floor":12,"turns":2},{"damage":2,"enemies":"3 Louse","floor":14,"turns":3},{"damage":0,"enemies":"Hexaghost","floor":16,"turns":9},{"damage":0,"enemies":"3 Byrds","floor":18,"turns":7},{"damage":27,"enemies":"Masked Bandits","floor":19,"turns":7},{"damage":0,"enemies":"Shell Parasite","floor":22,"turns":4},{"damage":21,"enemies":"Cultist and Chosen","floor":24,"turns":5},{"damage":8,"enemies":"Book of Stabbing","floor":25,"turns":5},{"damage":23,"enemies":"Gremlin Leader","floor":29,"turns":6},{"damage":71,"enemies":"Champ","floor":33,"turns":17}],"seed_played":"-5302466989007891826","potions_obtained":[{"floor":0.0,"key":"GhostInAJar"},{"floor":0.0,"key":"GhostInAJar"},{"floor":0.0,"key":"EntropicBrew"},{"floor":3.0,"key":"Explosive Potion"},{"floor":7,"key":"SkillPotion"}],"is_trial":false,"path_per_floor":["M","$","M","M","M","R","E","R","T","?","?","M","R","M","R","B",null,"M","?","?","$","M","R","M","E","T","R","?","E","$","?","R","B"],"character_chosen":"THE_SILENT","items_purchased":["Footwork","Terror","Flechettes","Dagger Throw"],"campfire_rested":4,"item_purchase_floors":[21,21,30,30],"current_hp_per_floor":[64,64,61,61,45,66,53,53,53,53,53,53,53,51,51,51,70,70,43,43,43,43,64,43,35,35,56,56,33,33,33,54,0],"gold":12,"neow_bonus":"THREE_SMALL_POTIONS","is_prod":false,"is_daily":false,"chose_seed":false,"campfire_upgraded":3,"win_rate":0,"timestamp":1554470032,"path_taken":["M","?","M","?","M","R","E","R","T","?","?","M","R","?","R","BOSS","M","?","?","$","M","R","M","E","T","R","?","E","$","?","R","BOSS"],"build_version":"2019-01-23","purchased_purges":3,"victory":false,"max_hp_per_floor":[70,70,70,70,70,70,70,70,70,70,70,70,70,70,70,70,70,70,70,70,70,70,70,70,70,70,70,70,70,70,70,70,70],"card_choices":[{"not_picked":["Slice","Prepared"],"picked":"Dagger Throw","floor":1.0},{"not_picked":["Bane","Quick Slash"],"picked":"Cloak And Dagger","floor":3.0},{"not_picked":["Catalyst","Endless Agony"],"picked":"Blur","floor":4.0},{"not_picked":["Blade Dance","Setup"],"picked":"Dash","floor":5.0},{"not_picked":["Endless Agony","Night Terror"],"picked":"Dagger Spray","floor":7},{"not_picked":["Dagger Spray","Outmaneuver"],"picked":"Sucker Punch","floor":12},{"not_picked":["Deadly Poison","Accuracy"],"picked":"Footwork","floor":14},{"not_picked":["Die Die Die","Burst"],"picked":"Corpse Explosion","floor":16},{"not_picked":["Sucker Punch","All Out Attack","Bane"],"picked":"SKIP","floor":18},{"not_picked":["Deflect","Dagger Throw"],"picked":"Backflip","floor":19},{"not_picked":["Deflect","PiercingWail"],"picked":"Caltrops","floor":22},{"not_picked":["Dagger Throw","PiercingWail+1"],"picked":"Acrobatics","floor":24},{"not_picked":["Night Terror","Setup"],"picked":"Die Die Die","floor":25},{"not_picked":["Accuracy","Bane"],"picked":"Catalyst","floor":27},{"not_picked":["Finisher","Masterful Stab"],"picked":"Backstab","floor":29},{"not_picked":["Deflect+1","Underhanded Strike","Cloak And Dagger"],"picked":"Leg Sweep","floor":32}],"player_experience":133595,"relics_obtained":[{"floor":7,"key":"Pen Nib"},{"floor":9,"key":"PreservedInsect"},{"floor":19,"key":"Red Mask"},{"floor":25,"key":"Smiling Mask"},{"floor":26,"key":"Dream Catcher"},{"floor":29,"key":"Question Card"}],"event_choices":[{"damage_healed":0,"gold_gain":0,"player_choice":"Ignored","damage_taken":0,"max_hp_gain":0,"max_hp_loss":0,"event_name":"Liars Game","floor":10,"gold_loss":0},{"damage_healed":0,"gold_gain":0,"cards_transformed":["Strike_G"],"player_choice":"Transformed","damage_taken":0,"max_hp_gain":0,"max_hp_loss":0,"event_name":"Transmorgrifier","floor":11,"gold_loss":0,"cards_obtained":["Bullet Time"]},{"damage_healed":0,"gold_gain":0,"player_choice":"Fought Bandits","damage_taken":0,"max_hp_gain":0,"max_hp_loss":0,"event_name":"Masked Bandits","floor":19,"gold_loss":0},{"cards_removed":["Strike_G"],"damage_healed":0,"gold_gain":0,"player_choice":"Gave Gold","damage_taken":0,"max_hp_gain":0,"max_hp_loss":0,"event_name":"Beggar","floor":20,"gold_loss":75},{"damage_healed":0,"gold_gain":0,"player_choice":"Ignored","damage_taken":0,"max_hp_gain":0,"max_hp_loss":0,"event_name":"The Mausoleum","floor":28,"gold_loss":0},{"cards_removed":["Defend_G"],"damage_healed":0,"gold_gain":0,"player_choice":"Elegance","damage_taken":0,"max_hp_gain":0,"max_hp_loss":0,"event_name":"Back to Basics","floor":31,"gold_loss":0}],"is_beta":false,"boss_relics":[{"not_picked":["Tiny House","Busted Crown"],"picked":"Sozu"}],"items_purged_floors":[2,21,30],"is_endless":false,"potions_floor_spawned":[3,4,7,19],"killed_by":"Champ","ascension_level":2}