{"gold_per_floor":[118,64,64,64,84,102,102,102,102,116,150,169,196,210,210,310,310,323,323,323,293,307,307,332,348,421,454,356,356,372,389,389,488,488,501,501,518,518,541,541,572,589,589,589,589],"floor_reached":45,"playtime":3424,"items_purged":[],"score":569,"play_id":"f3ec72ca-bebc-4b99-b4e3-fffb4df2eb9e","local_time":"20180830203016","is_ascension_mode":true,"campfire_choices":[{"data":"Bullet Time","floor":8,"key":"SMITH"},{"data":"Neutralize","floor":15,"key":"SMITH"},{"floor":23,"key":"REST"},{"data":"Backflip","floor":29,"key":"SMITH"},{"floor":32,"key":"REST"},{"floor":40,"key":"REST"},{"floor":44,"key":"REST"}],"neow_cost":"NONE","seed_source_timestamp":0,"circlet_count":0,"master_deck":["Defend_G+1","Defend_G+1","Defend_G+1","Defend_G+1","Strike_G+1","Strike_G+1","Strike_G+1","Strike_G+1","Strike_G+1","Survivor","Neutralize+1","Unload","Prepared","Dagger Throw","Cloak And Dagger","Predator","Bullet Time+1","Footwork+1","Dagger Throw","Backstab","Flechettes","Leg Sweep","Sucker Punch","A Thousand Cuts+1","Setup+1","Dash","Dagger Spray","Dodge and Roll","Flying Knee","Backflip+1","Acrobatics","Heel Hook","After Image+1","Madness","Madness","Quick Slash","Underhanded Strike","Expertise+1"],"special_seed":0,"relics":["Ring of the Snake","Frozen Egg 2","Torii","Meat on the Bone","Bottled Tornado","Bottled Flame","Busted Crown","Bag of Marbles","Kunai","Orichalcum","Black Star","Omamori","Ninja Scroll","Mummified Hand","Darkstone Periapt"],"potions_floor_usage":[11,16,27,27,33,37,41],"damage_taken":[{"damage":1.0,"enemies":"Small Slimes","floor":1.0,"turns":3.0},{"damage":0.0,"enemies":"Cultist","floor":5.0,"turns":3.0},{"damage":1.0,"enemies":"Jaw Worm","floor":6.0,"turns":3.0},{"damage":0,"enemies":"2 Fungi Beasts","floor":10,"turns":2},{"damage":2,"enemies":"3 Sentries","floor":11,"turns":5},{"damage":0,"enemies":"Exordium Thugs","floor":12,"turns":3},{"damage":13,"enemies":"Lagavulin","floor":13,"turns":6},{"damage":0,"enemies":"Exordium Wildlife","floor":14,"turns":3},{"damage":6,"enemies":"Hexaghost","floor":16,"turns":13},{"damage":12,"enemies":"Spheric Guardian","floor":18,"turns":4},{"damage":10,"enemies":"Shell Parasite","floor":22,"turns":6},{"damage":8,"enemies":"Snake Plant","floor":25,"turns":3},{"damage":1,"enemies":"Book of Stabbing","floor":27,"turns":5},{"damage":3,"enemies":"3 Cultists","floor":30,"turns":9},{"damage":14,"enemies":"Centurion and Healer","floor":31,"turns":4},{"damage":34,"enemies":"Collector","floor":33,"turns":12},{"damage":0,"enemies":"Orb Walker","floor":35,"turns":4},{"damage":41,"enemies":"Flame Bruiser 1 Orb","floor":37,"turns":7},{"damage":24,"enemies":"2 Orb Walkers","floor":41,"turns":5},{"damage":33,"enemies":"Transient","floor":42,"turns":5},{"damage":48,"enemies":"Giant Head","floor":45,"turns":6}],"seed_played":"-9124697011657009340","potions_obtained":[{"floor":1.0,"key":"Explosive Potion"},{"floor":5.0,"key":"Strength Potion"},{"floor":10,"key":"Energy Potion"},{"floor":13,"key":"Strength Potion"},{"floor":21,"key":"PowerPotion"},{"floor":21,"key":"AttackPotion"},{"floor":25,"key":"Poison Potion"},{"floor":33,"key":"Energy Potion"},{"floor":37,"key":"Strength Potion"}],"is_trial":false,"path_per_floor":["M","$","?","T","M","M","?","R","T","M","E","M","E","M","R","B",null,"M","?","?","?","M","R","T","M","T","E","$","R","M","M","R","B",null,"M","?","M","?","T","R","E","M","T","R"],"character_chosen":"THE_SILENT","items_purchased":["Dagger Throw","Flying Knee","Backflip"],"campfire_rested":4,"item_purchase_floors":[2,28,28],"current_hp_per_floor":[69,69,69,69,69,68,68,68,68,68,66,66,53,53,53,47,70,58,58,58,58,48,69,69,61,61,60,60,60,57,43,64,42,70,70,61,32,32,32,53,41,20,20,41,0],"gold":589,"neow_bonus":"TRANSFORM_CARD","is_prod":false,"is_daily":false,"chose_seed":false,"campfire_upgraded":3,"win_rate":0,"timestamp":1535682616,"path_taken":["M","$","?","?","M","M","?","R","T","M","E","M","E","M","R","BOSS","M","?","?","?","M","R","?","M","T","E","$","R","?","M","R","BOSS","M","?","M","?","?","R","E","?","T","R","E"],"build_version":"2018-08-23v2","purchased_purges":0,"victory":false,"max_hp_per_floor":[70,70,70,70,70,70,70,70,70,70,70,70,70,70,70,70,70,70,70,70,70,70,70,70,70,70,70,70,70,70,70,70,70,70,70,70,70,70,70,70,70,70,70,70,70],"card_choices":[{"not_picked":["Calculated Gamble","Backflip"],"picked":"Prepared","floor":1.0},{"not_picked":["Quick Slash","Leg Sweep"],"picked":"Cloak And Dagger","floor":5.0},{"not_picked":["Acrobatics","Underhanded Strike"],"picked":"Predator","floor":6.0},{"not_picked":["Outmaneuver","Flying Knee"],"picked":"Dagger Throw","floor":10},{"not_picked":["Eviscerate","Deflect"],"picked":"Backstab","floor":11},{"not_picked":["Bane","Well Laid Plans+1"],"picked":"Flechettes","floor":12},{"not_picked":["Cloak And Dagger","Quick Slash"],"picked":"Leg Sweep","floor":13},{"not_picked":["Poisoned Stab","Night Terror"],"picked":"Sucker Punch","floor":14},{"not_picked":["Envenom+1","Storm of Steel"],"picked":"A Thousand Cuts+1","floor":16},{"not_picked":[],"picked":"Setup+1","floor":18},{"not_picked":[],"picked":"Dagger Spray","floor":22},{"not_picked":["Bane"],"picked":"SKIP","floor":25},{"not_picked":[],"picked":"Dodge and Roll","floor":27},{"not_picked":[],"picked":"Acrobatics","floor":30},{"not_picked":[],"picked":"Heel Hook","floor":31},{"not_picked":[],"picked":"After Image+1","floor":33},{"not_picked":["Expertise"],"picked":"SKIP","floor":35},{"not_picked":[],"picked":"Quick Slash","floor":37},{"not_picked":[],"picked":"Underhanded Strike","floor":41},{"not_picked":[],"picked":"Expertise+1","floor":42}],"player_experience":446707,"relics_obtained":[{"floor":4.0,"key":"Torii"},{"floor":9,"key":"Meat on the Bone"},{"floor":11,"key":"Bottled Tornado"},{"floor":13,"key":"Bottled Flame"},{"floor":24,"key":"Bag of Marbles"},{"floor":26,"key":"Kunai"},{"floor":27,"key":"Orichalcum"},{"floor":39,"key":"Omamori"},{"floor":41,"key":"Ninja Scroll"},{"floor":41,"key":"Mummified Hand"},{"floor":43,"key":"Darkstone Periapt"}],"event_choices":[{"event_name":"WeMeetAgain","player_choice":"Potion","floor":3.0,"damage_taken":0.0},{"event_name":"Match and Keep!","player_choice":"2 cards matched","floor":7,"damage_taken":0},{"event_name":"Back to Basics","player_choice":"Simplicity","floor":19,"damage_taken":0},{"event_name":"The Library","player_choice":"Read","floor":20,"damage_taken":0},{"event_name":"The Woman in Blue","player_choice":"Bought 2 Potions","floor":21,"damage_taken":0},{"event_name":"Winding Halls","player_choice":"Embrace Madness","floor":36,"damage_taken":0},{"event_name":"Mysterious Sphere","player_choice":"Ignore","floor":38,"damage_taken":0}],"is_beta":false,"boss_relics":[{"not_picked":["Cursed Key","Snecko Eye"],"picked":"Busted Crown"},{"not_picked":["Calling Bell","Empty Cage"],"picked":"Black Star"}],"items_purged_floors":[],"is_endless":false,"potions_floor_spawned":[1,5,10,13,22,25,33,37],"killed_by":"Giant Head","ascension_level":3}