{"gold_per_floor":[111,111,111,111,125,166,187,221,221,221,32,50,75,90,90,216,279,303,324,239,260,285,318,331,331,384,309,345,366,407,407,407,407],"floor_reached":33,"playtime":3099,"items_purged":[],"score":319,"play_id":"d1d44f49-4686-4f1b-bec2-5aa85202f766","local_time":"20190209152630","is_ascension_mode":false,"campfire_choices":[{"floor":10,"key":"REST"},{"data":"Mayhem","floor":15,"key":"SMITH"},{"floor":25,"key":"REST"},{"floor":32,"key":"REST"}],"neow_cost":"NONE","seed_source_timestamp":180863200430182,"circlet_count":0,"master_deck":["Strike_R+1","Strike_R","Strike_R+1","Strike_R+1","Defend_R+1","Defend_R","Defend_R","Defend_R","Bash","Impatience","Immolate+1","Armaments","Headbutt","Clash","Twin Strike","Mayhem+1","Metallicize","True Grit","Inflame","Bludgeon","Twin Strike+1","Seeing Red+1","Metallicize","Combust","Anger+1","True Grit+1"],"relics":["Burning Blood","Golden Idol","FossilizedHelix","Mummified Hand","Tiny House","Pen Nib","Anchor","Bronze Scales","Whetstone","Prayer Wheel","Nilry\u0027s Codex"],"potions_floor_usage":[13,23,24,28,33,33],"damage_taken":[{"damage":7,"enemies":"2 Louse","floor":1,"turns":3},{"damage":3,"enemies":"Jaw Worm","floor":5,"turns":3},{"damage":27,"enemies":"Gremlin Nob","floor":6,"turns":4},{"damage":0,"enemies":"Cultist","floor":7,"turns":2},{"damage":17,"enemies":"3 Sentries","floor":8,"turns":7},{"damage":0,"enemies":"Red Slaver","floor":12,"turns":2},{"damage":12,"enemies":"Exordium Thugs","floor":13,"turns":3},{"damage":0,"enemies":"3 Louse","floor":14,"turns":2},{"damage":31,"enemies":"The Guardian","floor":16,"turns":10},{"damage":0,"enemies":"Chosen","floor":18,"turns":3},{"damage":11,"enemies":"3 Byrds","floor":19,"turns":5},{"damage":35,"enemies":"Snake Plant","floor":21,"turns":4},{"damage":11,"enemies":"Shelled Parasite and Fungi","floor":22,"turns":4},{"damage":30,"enemies":"Slavers","floor":23,"turns":6},{"damage":6,"enemies":"Centurion and Healer","floor":24,"turns":3},{"damage":13,"enemies":"Gremlin Leader","floor":28,"turns":6},{"damage":16,"enemies":"Snake Plant","floor":29,"turns":3},{"damage":15,"enemies":"Slavers","floor":30,"turns":5},{"damage":50,"enemies":"Automaton","floor":33,"turns":6}],"seed_played":"-7760776192431717542","potions_obtained":[{"floor":5,"key":"SmokeBomb"},{"floor":7,"key":"Weak Potion"},{"floor":12,"key":"SpeedPotion"},{"floor":14,"key":"Ancient Potion"},{"floor":23,"key":"AttackPotion"},{"floor":24,"key":"BloodPotion"},{"floor":30,"key":"Fire Potion"}],"is_trial":false,"path_per_floor":["?","?","?","M","$","?","?","?"],"character_chosen":"IRONCLAD","items_purchased":["Mayhem"],"campfire_rested":3,"item_purchase_floors":[11],"current_hp_per_floor":[79,63,43,43,46,25,31,20,20,44,44,50,44,50,50,25,85,85,80,80,51,46,22,22,47,47,47,48,38,29,13,38,0],"gold":407,"neow_bonus":"RANDOM_COLORLESS","is_prod":false,"is_daily":false,"chose_seed":false,"campfire_upgraded":1,"win_rate":0,"timestamp":1549743990,"path_taken":["M","?","?","?","M","E","?","E","T","R","?","M","M","M","R","BOSS","M","M","?","M","M","E","M","R","T","?","E","M","E","?","R","BOSS"],"build_version":"2019-01-23","purchased_purges":0,"victory":false,"max_hp_per_floor":[80,80,80,80,80,80,80,80,80,80,80,80,80,80,80,80,85,85,85,85,85,85,85,85,85,85,85,85,85,85,85,85,85],"card_choices":[{"not_picked":["Evolve","Flex","Sword Boomerang"],"picked":"SKIP","floor":1},{"not_picked":["Flame Barrier","Reckless Charge"],"picked":"Armaments","floor":5},{"not_picked":["Entrench","Limit Break"],"picked":"Headbutt","floor":6},{"not_picked":["Flex","Entrench"],"picked":"Clash","floor":7},{"not_picked":["Intimidate","Whirlwind"],"picked":"Twin Strike","floor":8},{"not_picked":["Cleave","Carnage"],"picked":"Metallicize","floor":12},{"not_picked":["Warcry","Pommel Strike"],"picked":"True Grit","floor":13},{"not_picked":["Havoc","Searing Blow"],"picked":"Inflame","floor":14},{"not_picked":["Fiend Fire","Demon Form"],"picked":"Bludgeon","floor":16},{"not_picked":["Feel No Pain+1","Evolve"],"picked":"Twin Strike+1","floor":18},{"not_picked":["Warcry","Dropkick","Sever Soul"],"picked":"SKIP","floor":19},{"not_picked":["Iron Wave","Perfected Strike+1"],"picked":"Seeing Red+1","floor":21},{"not_picked":["Twin Strike+1","Flex+1"],"picked":"Metallicize","floor":22},{"not_picked":["Reckless Charge","Sword Boomerang+1"],"picked":"Combust","floor":23},{"not_picked":["Havoc+1","Spot Weakness","Thunderclap"],"picked":"SKIP","floor":24},{"not_picked":["Shrug It Off","Dark Embrace"],"picked":"Anger+1","floor":28},{"not_picked":["Power Through+1","Sword Boomerang"],"picked":"True Grit+1","floor":29},{"not_picked":["Searing Blow","Sword Boomerang","Warcry"],"picked":"SKIP","floor":30}],"player_experience":359243,"relics_obtained":[{"floor":6,"key":"FossilizedHelix"},{"floor":8,"key":"Mummified Hand"},{"floor":23,"key":"Anchor"},{"floor":26,"key":"Bronze Scales"},{"floor":28,"key":"Whetstone"},{"floor":30,"key":"Prayer Wheel"},{"floor":31,"key":"Nilry\u0027s Codex"}],"event_choices":[{"damage_healed":0,"gold_gain":0,"player_choice":"Entered Light","damage_taken":16,"max_hp_gain":0,"max_hp_loss":0,"event_name":"Shining Light","floor":2,"gold_loss":0,"cards_upgraded":["Strike_R","Strike_R"]},{"damage_healed":0,"gold_gain":0,"player_choice":"Take Damage","damage_taken":20,"relics_obtained":["Golden Idol"],"max_hp_gain":0,"max_hp_loss":0,"event_name":"Golden Idol","floor":3,"gold_loss":0},{"damage_healed":0,"gold_gain":0,"player_choice":"1 cards matched","damage_taken":0,"max_hp_gain":0,"max_hp_loss":0,"event_name":"Match and Keep!","floor":4,"gold_loss":0,"cards_obtained":["Immolate"]},{"damage_healed":0,"gold_gain":0,"player_choice":"Obtained Relic","damage_taken":0,"relics_obtained":["Pen Nib"],"max_hp_gain":0,"max_hp_loss":0,"event_name":"Addict","floor":20,"gold_loss":85},{"cards_removed":["Strike_R"],"damage_healed":0,"gold_gain":0,"player_choice":"Gave Gold","damage_taken":0,"max_hp_gain":0,"max_hp_loss":0,"event_name":"Beggar","floor":27,"gold_loss":75},{"damage_healed":0,"gold_gain":0,"player_choice":"Obtained Book","damage_taken":16,"max_hp_gain":0,"max_hp_loss":0,"event_name":"Cursed Tome","floor":31,"gold_loss":0}],"is_beta":false,"boss_relics":[{"not_picked":["Eternal Feather","Calling Bell"],"picked":"Tiny House"}],"items_purged_floors":[],"is_endless":false,"potions_floor_spawned":[5,7,12,14,22,23,24,30],"killed_by":"Automaton","ascension_level":0}