{"gold_per_floor":[115,190,40,56,56,56,84,99,99,99,1,56,85,101,101,203,203,222,239,259,269,282,282,315,334,360,275,275,334,20,20,20,117,117,131,131,144,144,144,144,160,186,257,289,316,344,363,392,392,392],"floor_reached":51,"playtime":1997,"items_purged":[],"score":982,"play_id":"12afa3d8-eeda-4acd-9223-27e81b2a9bf5","local_time":"20181006234621","is_ascension_mode":true,"campfire_choices":[{"data":"Trip","floor":6,"key":"SMITH"},{"data":"Neutralize","floor":10,"key":"SMITH"},{"floor":15,"key":"REST"},{"data":"Cloak And Dagger","floor":23,"key":"SMITH"},{"data":"Cloak And Dagger","floor":28,"key":"SMITH"},{"floor":32,"key":"REST"},{"data":"After Image","floor":40,"key":"SMITH"},{"floor":49,"key":"REST"}],"neow_cost":"NONE","seed_source_timestamp":0,"circlet_count":0,"master_deck":["Defend_G","Defend_G+1","Defend_G","Defend_G+1","Defend_G","Strike_G","Survivor","Neutralize+1","Heel Hook","Trip+1","Backstab","Cloak And Dagger+1","Heel Hook","Heel Hook","Cloak And Dagger+1","Blade Dance","After Image+1","Cloak And Dagger+1","Backstab","A Thousand Cuts","Dramatic Entrance","Deflect+1","Blade Dance+1","Accuracy+1","Distraction","Backflip","Jack Of All Trades","Blind","Panache","Sucker Punch+1","Backflip","Outmaneuver+1","Acrobatics+1","Masterful Stab+1"],"special_seed":0,"relics":["Ring of the Serpent","Centennial Puzzle","Shuriken","Gremlin Horn","Ice Cream","Meat on the Bone","Lantern","Nunchaku","Tiny Chest","War Paint","Astrolabe","Snake Skull","Bag of Preparation","The Courier","Blood Vial","Anchor","Regal Pillow"],"potions_floor_usage":[4,7,12,13,13,13,16,21,24,29,41,50,50,50],"damage_taken":[{"damage":4,"enemies":"2 Louse","floor":1,"turns":3},{"damage":6,"enemies":"Cultist","floor":4,"turns":3},{"damage":17,"enemies":"3 Sentries","floor":7,"turns":8},{"damage":0,"enemies":"Jaw Worm","floor":8,"turns":2},{"damage":16,"enemies":"Lagavulin Event","floor":12,"turns":4},{"damage":2,"enemies":"Lagavulin","floor":13,"turns":5},{"damage":0,"enemies":"2 Fungi Beasts","floor":14,"turns":2},{"damage":15,"enemies":"Hexaghost","floor":16,"turns":6},{"damage":3,"enemies":"3 Byrds","floor":18,"turns":3},{"damage":7,"enemies":"Chosen","floor":19,"turns":4},{"damage":0,"enemies":"Snecko","floor":20,"turns":4},{"damage":8,"enemies":"Centurion and Healer","floor":21,"turns":3},{"damage":1,"enemies":"Cultist and Chosen","floor":22,"turns":5},{"damage":1,"enemies":"Book of Stabbing","floor":24,"turns":4},{"damage":8,"enemies":"Snecko","floor":25,"turns":5},{"damage":1,"enemies":"Slavers","floor":29,"turns":3},{"damage":39,"enemies":"Champ","floor":33,"turns":8},{"damage":1,"enemies":"Orb Walker","floor":35,"turns":3},{"damage":1,"enemies":"3 Shapes","floor":37,"turns":3},{"damage":0,"enemies":"Jaw Worm Horde","floor":41,"turns":2},{"damage":0,"enemies":"Giant Head","floor":42,"turns":5},{"damage":13,"enemies":"Nemesis","floor":44,"turns":5},{"damage":1,"enemies":"4 Shapes","floor":46,"turns":3},{"damage":0,"enemies":"3 Darklings","floor":47,"turns":2},{"damage":7,"enemies":"Giant Head","floor":48,"turns":6},{"damage":0,"enemies":"Awakened One","floor":50,"turns":5}],"seed_played":"2606438519518734378","potions_obtained":[{"floor":1,"key":"Ancient Potion"},{"floor":4,"key":"Strength Potion"},{"floor":12,"key":"Ancient Potion"},{"floor":14,"key":"Dexterity Potion"},{"floor":18,"key":"Energy Potion"},{"floor":20,"key":"AttackPotion"},{"floor":21,"key":"AttackPotion"},{"floor":24,"key":"SteroidPotion"},{"floor":33,"key":"Dexterity Potion"},{"floor":42,"key":"SneckoOil"},{"floor":44,"key":"AttackPotion"},{"floor":47,"key":"GamblersBrew"}],"is_trial":false,"path_per_floor":["M","?","$","M","?","R","E","M","T","R","$","?","E","M","R","B",null,"M","M","M","M","M","R","E","M","T","?","R","E","$","?","R","B",null,"M","?","M","?","?","R","M","E","T","E","T","M","M","E","R","B"],"character_chosen":"THE_SILENT","items_purchased":["Trip","Fire Potion","SkillPotion","Fire Potion","A Thousand Cuts","Dramatic Entrance","War Paint"],"campfire_rested":3,"item_purchase_floors":[3,3,11,11,30,30,30],"current_hp_per_floor":[66,55,55,49,49,49,32,32,32,32,32,16,14,14,35,20,70,67,60,60,52,51,51,50,42,42,42,42,41,41,41,62,35,70,69,69,68,58,58,58,58,58,58,45,45,46,48,43,70,70],"gold":392,"neow_bonus":"ONE_RANDOM_RARE_CARD","is_prod":false,"is_daily":false,"chose_seed":false,"campfire_upgraded":5,"win_rate":0,"timestamp":1538883981,"path_taken":["M","?","$","M","?","R","E","M","T","R","$","?","E","?","R","BOSS","M","M","M","M","M","R","E","M","T","?","R","E","$","?","R","BOSS","M","?","?","?","?","R","M","E","T","E","?","?","M","E","R","BOSS"],"build_version":"2018-10-04","purchased_purges":0,"victory":true,"max_hp_per_floor":[70,70,70,70,70,70,70,70,70,70,70,70,70,70,70,70,70,70,70,70,70,70,70,70,70,70,70,70,70,70,70,70,70,70,70,70,70,70,70,70,70,70,70,70,70,70,70,70,70,70],"card_choices":[{"not_picked":["Underhanded Strike","Dagger Throw"],"picked":"Heel Hook","floor":1},{"not_picked":["Sucker Punch","Footwork"],"picked":"Backstab","floor":4},{"not_picked":["Endless Agony","Sucker Punch"],"picked":"Cloak And Dagger","floor":7},{"not_picked":["Escape Plan","Underhanded Strike"],"picked":"Heel Hook","floor":8},{"not_picked":["Blade Dance","Deflect"],"picked":"Heel Hook","floor":12},{"not_picked":["Underhanded Strike","Deadly Poison"],"picked":"Cloak And Dagger","floor":13},{"not_picked":["Calculated Gamble","Sucker Punch"],"picked":"Blade Dance","floor":14},{"not_picked":["Burst","Malaise"],"picked":"After Image","floor":16},{"not_picked":["Dodge and Roll","Slice","Underhanded Strike+1"],"picked":"SKIP","floor":18},{"not_picked":["Infinite Blades+1","Outmaneuver+1"],"picked":"Cloak And Dagger+1","floor":19},{"not_picked":["Bane","Footwork","Underhanded Strike"],"picked":"SKIP","floor":20},{"not_picked":["Deadly Poison","Reflex+1","Slice"],"picked":"SKIP","floor":21},{"not_picked":["Endless Agony","Bane","Corpse Explosion"],"picked":"SKIP","floor":22},{"not_picked":["Footwork","Outmaneuver"],"picked":"Backstab","floor":24},{"not_picked":["Finisher+1","Catalyst","Bane"],"picked":"SKIP","floor":25},{"not_picked":["Bouncing Flask","Predator+1","Deadly Poison+1"],"picked":"SKIP","floor":29},{"not_picked":["Bane","Underhanded Strike+1"],"picked":"Distraction","floor":35},{"not_picked":["Deadly Poison","Dodge and Roll"],"picked":"Backflip","floor":37},{"not_picked":["Blind","Madness"],"picked":"Jack Of All Trades","floor":38},{"not_picked":["Purity","Enlightenment"],"picked":"Blind","floor":38},{"not_picked":["Madness","Dramatic Entrance"],"picked":"Panache","floor":38},{"not_picked":["Bouncing Flask+1","Acrobatics+1"],"picked":"Sucker Punch+1","floor":41},{"not_picked":["Dagger Spray+1","Infinite Blades"],"picked":"Backflip","floor":42},{"not_picked":["Outmaneuver","Crippling Poison+1","Underhanded Strike+1"],"picked":"SKIP","floor":44},{"not_picked":["Bane","Quick Slash"],"picked":"Outmaneuver+1","floor":46},{"not_picked":["Deadly Poison","Bane+1"],"picked":"Acrobatics+1","floor":47},{"not_picked":["Bane+1","Dash+1"],"picked":"Masterful Stab+1","floor":48}],"player_experience":306096,"relics_obtained":[{"floor":7,"key":"Centennial Puzzle"},{"floor":9,"key":"Shuriken"},{"floor":12,"key":"Gremlin Horn"},{"floor":13,"key":"Ice Cream"},{"floor":24,"key":"Meat on the Bone"},{"floor":26,"key":"Lantern"},{"floor":29,"key":"Tiny Chest"},{"floor":42,"key":"Bag of Preparation"},{"floor":43,"key":"The Courier"},{"floor":44,"key":"Blood Vial"},{"floor":45,"key":"Anchor"},{"floor":48,"key":"Regal Pillow"}],"event_choices":[{"event_name":"World of Goop","player_choice":"Gather Gold","floor":2,"damage_taken":0},{"event_name":"Purifier","player_choice":"One Purge","floor":5,"damage_taken":0},{"event_name":"Dead Adventurer","player_choice":"Searched \u00271\u0027 times","floor":12,"damage_taken":0},{"event_name":"Addict","player_choice":"Obtained Relic","floor":27,"damage_taken":0},{"event_name":"Back to Basics","player_choice":"Elegance","floor":31,"damage_taken":0},{"event_name":"WeMeetAgain","player_choice":"Potion","floor":36,"damage_taken":0},{"event_name":"SensoryStone","player_choice":"Memory 3","floor":38,"damage_taken":0},{"event_name":"Tomb of Lord Red Mask","player_choice":"Ignored","floor":39,"damage_taken":0}],"is_beta":true,"boss_relics":[{"not_picked":["Sozu","Empty Cage"],"picked":"Ring of the Serpent"},{"not_picked":["Black Star","White Beast Statue"],"picked":"Astrolabe"}],"items_purged_floors":[],"is_endless":false,"potions_floor_spawned":[1,4,12,14,18,20,21,24,33,42,44,47,48],"ascension_level":3}