{"gold_per_floor":[119,119,119,133,146,187,187,222,222,255,278,292,392,413,413,536,536,507,288,313,336,1,1,24,24,24,65,86,17,17,40,40,161,161,181,201,201,21,37,76,76,111,111,444,51,83,103,115,115,115],"floor_reached":51,"playtime":6764,"items_purged":["Shame","Doubt","Strike_G"],"score":859,"play_id":"ff283d37-bd6e-46e2-9996-e71d141ad131","local_time":"20190211234028","is_ascension_mode":false,"campfire_choices":[{"floor":7,"key":"REST"},{"floor":15,"key":"REST"},{"floor":23,"key":"REST"},{"floor":30,"key":"REST"},{"floor":32,"key":"REST"},{"data":"Injury","floor":41,"key":"PURGE"},{"floor":49,"key":"REST"}],"neow_cost":"NONE","seed_source_timestamp":379631152928642,"circlet_count":0,"master_deck":["Defend_G","Defend_G","Defend_G","Defend_G","Defend_G","Strike_G","Strike_G","Strike_G","Strike_G","Survivor","Neutralize","Deflect","Flying Knee","Dagger Throw","Flying Knee","Adrenaline","Backflip","Infinite Blades","Adrenaline","Noxious Fumes","Underhanded Strike","Accuracy","Adrenaline","Cloak And Dagger","Dagger Throw","Footwork","Footwork","A Thousand Cuts","Accuracy+1","Blur","Cloak And Dagger","Well Laid Plans","Blur","Caltrops+1","Blur+1","Prepared+1","Noxious Fumes","Backflip+1"],"relics":["Ring of the Snake","Pen Nib","Singing Bowl","Pear","Mummified Hand","Lantern","Calling Bell","Oddly Smooth Stone","Kunai","Tingsha","Darkstone Periapt","Peace Pipe","Red Mask","Lizard Tail","Bronze Scales","Centennial Puzzle","Calipers","Sling","Dodecahedron"],"potions_floor_usage":[10,11,12,33,33,48,50],"damage_taken":[{"damage":0,"enemies":"2 Louse","floor":1,"turns":5},{"damage":0,"enemies":"Cultist","floor":4,"turns":3},{"damage":0,"enemies":"Jaw Worm","floor":5,"turns":4},{"damage":50,"enemies":"Lagavulin","floor":6,"turns":11},{"damage":14,"enemies":"3 Sentries","floor":8,"turns":11},{"damage":29,"enemies":"Lagavulin","floor":10,"turns":6},{"damage":0,"enemies":"Red Slaver","floor":11,"turns":4},{"damage":0,"enemies":"Lots of Slimes","floor":12,"turns":4},{"damage":0,"enemies":"Large Slime","floor":14,"turns":6},{"damage":41,"enemies":"The Guardian","floor":16,"turns":15},{"damage":10,"enemies":"2 Thieves","floor":18,"turns":5},{"damage":3,"enemies":"Shell Parasite","floor":20,"turns":5},{"damage":25,"enemies":"Snecko","floor":21,"turns":6},{"damage":16,"enemies":"Snake Plant","floor":24,"turns":4},{"damage":31,"enemies":"Masked Bandits","floor":27,"turns":5},{"damage":8,"enemies":"Cultist and Chosen","floor":28,"turns":6},{"damage":30,"enemies":"Centurion and Healer","floor":31,"turns":5},{"damage":0,"enemies":"Automaton","floor":33,"turns":12},{"damage":7,"enemies":"Orb Walker","floor":35,"turns":4},{"damage":8,"enemies":"3 Darklings","floor":36,"turns":4},{"damage":0,"enemies":"Jaw Worm Horde","floor":39,"turns":4},{"damage":18,"enemies":"Nemesis","floor":40,"turns":7},{"damage":30,"enemies":"Reptomancer","floor":42,"turns":6},{"damage":0,"enemies":"Giant Head","floor":46,"turns":8},{"damage":2,"enemies":"Sphere and 2 Shapes","floor":47,"turns":5},{"damage":43,"enemies":"Spire Growth","floor":48,"turns":6},{"damage":24,"enemies":"Time Eater","floor":50,"turns":11}],"seed_played":"3151046969340302138","potions_obtained":[{"floor":1,"key":"Dexterity Potion"},{"floor":8,"key":"AttackPotion"},{"floor":11,"key":"Regen Potion"},{"floor":16,"key":"EssenceOfSteel"},{"floor":20,"key":"SteroidPotion"},{"floor":27,"key":"PowerPotion"},{"floor":35,"key":"SteroidPotion"},{"floor":42,"key":"SkillPotion"},{"floor":48,"key":"Explosive Potion"}],"is_trial":false,"path_per_floor":["?","?","?","M","T","?","?","?"],"character_chosen":"THE_SILENT","items_purchased":["Infinite Blades","Adrenaline","Accuracy","Adrenaline","Footwork","Cloak And Dagger","Well Laid Plans","Blur","Noxious Fumes","Sling"],"campfire_rested":6,"item_purchase_floors":[19,19,22,22,29,38,38,38,45,45],"current_hp_per_floor":[70,70,65,65,65,15,34,32,32,3,5,19,19,21,45,4,83,73,73,70,45,45,69,55,55,55,24,16,16,41,11,36,36,85,78,70,70,70,70,52,52,22,22,22,22,24,22,27,52,28],"gold":115,"neow_bonus":"RANDOM_COMMON_RELIC","is_prod":false,"is_daily":false,"chose_seed":false,"campfire_upgraded":0,"win_rate":0,"timestamp":1549946428,"path_taken":["M","?","?","M","M","E","R","E","T","E","M","M","?","M","R","BOSS","M","$","M","?","$","R","M","?","T","?","M","$","R","M","R","BOSS","M","M","?","$","M","E","R","E","T","?","$","E","M","M","R","BOSS"],"build_version":"2019-01-23","purchased_purges":3,"victory":true,"max_hp_per_floor":[70,70,65,65,65,65,65,77,77,77,79,81,81,83,83,83,83,83,83,83,83,83,83,85,85,85,85,85,85,85,85,85,85,85,85,85,81,81,81,81,81,81,81,81,81,83,83,85,85,85],"card_choices":[{"not_picked":["Leg Sweep","Distraction"],"picked":"Deflect","floor":1},{"not_picked":["Predator","Distraction"],"picked":"Flying Knee","floor":4},{"not_picked":["PiercingWail","Acrobatics","Quick Slash"],"picked":"SKIP","floor":5},{"not_picked":["Backstab","Wraith Form v2"],"picked":"Dagger Throw","floor":6},{"not_picked":["Distraction","Riddle With Holes","Flechettes"],"picked":"Singing Bowl","floor":8},{"not_picked":["Dodge and Roll","Deflect"],"picked":"Flying Knee","floor":10},{"not_picked":["Deadly Poison","Acrobatics","Quick Slash"],"picked":"Singing Bowl","floor":11},{"not_picked":["Bouncing Flask","Acrobatics","Endless Agony"],"picked":"Singing Bowl","floor":12},{"not_picked":["All Out Attack","Eviscerate","Slice"],"picked":"Singing Bowl","floor":14},{"not_picked":["Bullet Time","Glass Knife"],"picked":"Adrenaline","floor":16},{"not_picked":["Quick Slash","Catalyst"],"picked":"Backflip","floor":18},{"not_picked":["Tactician","Backflip"],"picked":"Noxious Fumes","floor":20},{"not_picked":["Skewer+1","Dodge and Roll+1"],"picked":"Underhanded Strike","floor":21},{"not_picked":["PiercingWail","Prepared","Quick Slash"],"picked":"Singing Bowl","floor":24},{"not_picked":["Backflip","Wraith Form v2"],"picked":"Cloak And Dagger","floor":27},{"not_picked":["Quick Slash","Dash"],"picked":"Dagger Throw","floor":28},{"not_picked":["Backflip","Cloak And Dagger"],"picked":"Footwork","floor":31},{"not_picked":["Night Terror","Phantasmal Killer"],"picked":"A Thousand Cuts","floor":33},{"not_picked":["Slice+1","Deadly Poison+1"],"picked":"Accuracy+1","floor":35},{"not_picked":["Dagger Throw","Blade Dance"],"picked":"Blur","floor":36},{"not_picked":["All Out Attack+1","Predator+1"],"picked":"Caltrops+1","floor":39},{"not_picked":["Tactician","Phantasmal Killer"],"picked":"Blur+1","floor":40},{"not_picked":["PiercingWail","Poisoned Stab"],"picked":"Prepared+1","floor":42},{"not_picked":["Concentrate","Sucker Punch+1","Flying Knee+1"],"picked":"Singing Bowl","floor":46},{"not_picked":["Flying Knee+1","Slice"],"picked":"Backflip+1","floor":47},{"not_picked":["Masterful Stab","Quick Slash","Poisoned Stab"],"picked":"Singing Bowl","floor":48}],"player_experience":420962,"relics_obtained":[{"floor":6,"key":"Singing Bowl"},{"floor":8,"key":"Pear"},{"floor":9,"key":"Mummified Hand"},{"floor":10,"key":"Lantern"},{"floor":17,"key":"Oddly Smooth Stone"},{"floor":17,"key":"Kunai"},{"floor":17,"key":"Tingsha"},{"floor":25,"key":"Darkstone Periapt"},{"floor":26,"key":"Peace Pipe"},{"floor":27,"key":"Red Mask"},{"floor":40,"key":"Bronze Scales"},{"floor":42,"key":"Centennial Puzzle"},{"floor":43,"key":"Calipers"},{"floor":46,"key":"Dodecahedron"}],"event_choices":[{"damage_healed":0,"gold_gain":0,"player_choice":"Ignored","damage_taken":0,"max_hp_gain":0,"max_hp_loss":0,"event_name":"Liars Game","floor":2,"gold_loss":0},{"damage_healed":0,"gold_gain":0,"player_choice":"Lose Max HP","damage_taken":0,"relics_obtained":["Golden Idol"],"max_hp_gain":0,"max_hp_loss":5,"event_name":"Golden Idol","floor":3,"gold_loss":0},{"damage_healed":0,"gold_gain":100,"player_choice":"Pray","damage_taken":0,"max_hp_gain":0,"max_hp_loss":0,"event_name":"Golden Shrine","floor":13,"gold_loss":0},{"damage_healed":0,"gold_gain":0,"player_choice":"Fought Bandits","damage_taken":0,"max_hp_gain":0,"max_hp_loss":0,"event_name":"Masked Bandits","floor":27,"gold_loss":0},{"damage_healed":0,"gold_gain":0,"player_choice":"Max HP","damage_taken":0,"max_hp_gain":0,"max_hp_loss":4,"event_name":"Winding Halls","floor":37,"gold_loss":0},{"damage_healed":0,"gold_gain":333,"player_choice":"Gave Idol","damage_taken":0,"max_hp_gain":0,"max_hp_loss":0,"event_name":"The Moai Head","floor":44,"relics_lost":["Golden Idol"],"gold_loss":0}],"is_beta":false,"boss_relics":[{"not_picked":["Eternal Feather","Coffee Dripper"],"picked":"Calling Bell"},{"not_picked":["Black Star","Cursed Key"],"picked":"Lizard Tail"}],"items_purged_floors":[19,22,45],"is_endless":false,"potions_floor_spawned":[1,8,11,16,20,27,35,42,48],"ascension_level":0}