{"gold_per_floor":[215,215,236,257,222,261,274,274,274,295,295,311,83,99,99,229,229,242,152,175,190,241,241,280,280,280,68,68],"floor_reached":28,"playtime":4444,"items_purged":["Defend_R","Defend_R"],"score":240,"play_id":"e06789c3-9bca-49f6-a970-21b2c759c4fe","local_time":"20190104003429","is_ascension_mode":false,"campfire_choices":[{"floor":8,"key":"REST"},{"floor":11,"key":"DIG"},{"floor":15,"key":"REST"},{"floor":23,"key":"REST"},{"floor":25,"key":"REST"}],"neow_cost":"NONE","seed_source_timestamp":562723007681308,"circlet_count":0,"master_deck":["Strike_R","Strike_R","Strike_R","Strike_R","Defend_R","Defend_R","Bash","Headbutt+1","Warcry","Anger","Ghostly Armor","Iron Wave","Clothesline","Iron Wave","Rage","Offering","Iron Wave+1","Armaments","Flex","Seeing Red","Intimidate"],"relics":["Black Blood","Golden Idol","Bottled Flame","Shovel","FossilizedHelix","Orichalcum","PreservedInsect","Vajra","Anchor"],"potions_floor_usage":[6,16,16,24],"damage_taken":[{"damage":4,"enemies":"Jaw Worm","floor":1,"turns":5},{"damage":9,"enemies":"Small Slimes","floor":3,"turns":4},{"damage":6,"enemies":"Cultist","floor":4,"turns":3},{"damage":45,"enemies":"Lagavulin","floor":6,"turns":10},{"damage":17,"enemies":"Exordium Thugs","floor":7,"turns":5},{"damage":15,"enemies":"Looter","floor":10,"turns":3},{"damage":0,"enemies":"2 Fungi Beasts","floor":12,"turns":3},{"damage":0,"enemies":"Gremlin Gang","floor":14,"turns":5},{"damage":49,"enemies":"Slime Boss","floor":16,"turns":13},{"damage":30,"enemies":"Spheric Guardian","floor":18,"turns":6},{"damage":24,"enemies":"Shell Parasite","floor":20,"turns":5},{"damage":35,"enemies":"Sentry and Sphere","floor":21,"turns":8},{"damage":22,"enemies":"Book of Stabbing","floor":24,"turns":7},{"damage":60,"enemies":"3 Cultists","floor":28,"turns":7}],"seed_played":"-7390526696917684751","potions_obtained":[{"floor":4,"key":"Block Potion"},{"floor":6,"key":"LiquidBronze"},{"floor":12,"key":"SkillPotion"},{"floor":18,"key":"Swift Potion"},{"floor":24,"key":"Energy Potion"}],"is_trial":false,"path_per_floor":["M","?","M","M","?","E","M","R","T","M","R","M","$","M","R","B",null,"M","?","M","M","T","R","E","R","T","$","M"],"character_chosen":"IRONCLAD","items_purchased":["Orichalcum","Seeing Red","Intimidate"],"campfire_rested":4,"item_purchase_floors":[13,27,27],"current_hp_per_floor":[80,60,57,57,77,38,27,51,51,42,42,48,48,54,78,35,80,60,60,46,21,21,45,33,57,57,57,0],"gold":68,"neow_bonus":"HUNDRED_GOLD","is_prod":false,"is_daily":false,"chose_seed":false,"campfire_upgraded":0,"win_rate":0.0,"timestamp":1546583669,"path_taken":["M","?","M","M","?","E","M","R","T","M","R","M","$","M","R","BOSS","M","?","M","?","?","R","E","R","T","$","M"],"build_version":"2019-01-03","purchased_purges":2,"victory":false,"max_hp_per_floor":[80,80,80,80,80,80,80,80,80,80,80,80,80,80,80,80,80,80,80,80,80,80,80,80,80,80,80,80],"card_choices":[{"not_picked":["Entrench","Twin Strike"],"picked":"Headbutt","floor":1},{"not_picked":["Twin Strike","Clash"],"picked":"Warcry","floor":3},{"not_picked":["Headbutt","Combust"],"picked":"Anger","floor":4},{"not_picked":["Sword Boomerang","Bludgeon"],"picked":"Ghostly Armor","floor":6},{"not_picked":["Warcry","True Grit"],"picked":"Iron Wave","floor":7},{"not_picked":["Burning Pact","Headbutt"],"picked":"Clothesline","floor":10},{"not_picked":["Clothesline","Inflame"],"picked":"Iron Wave","floor":12},{"not_picked":["Perfected Strike","Body Slam"],"picked":"Rage","floor":14},{"not_picked":["Juggernaut","Reaper"],"picked":"Offering","floor":16},{"not_picked":["Cleave","True Grit+1"],"picked":"Iron Wave+1","floor":18},{"not_picked":["Thunderclap","Clash"],"picked":"Armaments","floor":20},{"not_picked":["Searing Blow","Twin Strike"],"picked":"Flex","floor":21},{"not_picked":["Entrench","Berserk","Carnage"],"picked":"SKIP","floor":24}],"player_experience":28561,"relics_obtained":[{"floor":6,"key":"Bottled Flame"},{"floor":9,"key":"Shovel"},{"floor":11,"key":"FossilizedHelix"},{"floor":22,"key":"PreservedInsect"},{"floor":24,"key":"Vajra"},{"floor":26,"key":"Anchor"}],"event_choices":[{"damage_healed":0,"gold_gain":0,"player_choice":"Take Damage","damage_taken":20,"relics_obtained":["Golden Idol"],"max_hp_gain":0,"max_hp_loss":0,"event_name":"Golden Idol","floor":2,"gold_loss":0},{"damage_healed":20,"gold_gain":0,"player_choice":"Healed","damage_taken":0,"max_hp_gain":0,"max_hp_loss":0,"event_name":"The Cleric","floor":5,"gold_loss":35},{"cards_removed":["Strike_R"],"damage_healed":0,"gold_gain":0,"player_choice":"Upgrade and Remove","damage_taken":0,"max_hp_gain":0,"max_hp_loss":0,"event_name":"Designer","floor":19,"gold_loss":90,"cards_upgraded":["Headbutt"]}],"is_beta":false,"boss_relics":[{"not_picked":["Empty Cage","Mark of Pain"],"picked":"Black Blood"}],"items_purged_floors":[13,27],"is_endless":false,"potions_floor_spawned":[4,6,12,18,24],"killed_by":"3 Cultists","ascension_level":0}