{"gold_per_floor":[113,113,188,238,39,39,65,65,65,65,65,15,25,44,44,44],"floor_reached":16,"playtime":459,"items_purged":[],"score":96,"play_id":"63ceb28d-31f5-45a7-9fb8-d2a94eb1ff74","local_time":"20190123233404","is_ascension_mode":false,"campfire_choices":[{"data":"Shrug It Off","floor":6,"key":"SMITH"},{"floor":8,"key":"DIG"},{"floor":10,"key":"REST"},{"floor":15,"key":"DIG"}],"neow_cost":"NONE","seed_source_timestamp":957821266321614,"circlet_count":0,"master_deck":["Strike_R+1","Strike_R","Strike_R","Strike_R","Defend_R","Defend_R","Defend_R","Defend_R","Bash+1","Writhe","Doubt","Doubt","Iron Wave+1","Shrug It Off+1"],"relics":["Calling Bell","Oddly Smooth Stone","Molten Egg 2","Ice Cream","Paper Frog","Potion Belt","Whetstone","Shovel","PreservedInsect","Du-Vu Doll","Pantograph"],"potions_floor_usage":[],"damage_taken":[{"damage":12,"enemies":"Cultist","floor":1,"turns":5},{"damage":33,"enemies":"Gremlin Nob","floor":7,"turns":5},{"damage":0,"enemies":"2 Louse","floor":13,"turns":3},{"damage":0,"enemies":"Jaw Worm","floor":14,"turns":5},{"damage":66,"enemies":"Hexaghost","floor":16,"turns":13}],"seed_played":"3525968992684805708","potions_obtained":[{"floor":14,"key":"SmokeBomb"}],"is_trial":false,"path_per_floor":["M","?","?","T","$","R","E","R","T","R","$","?","M","M","R","B"],"character_chosen":"IRONCLAD","items_purchased":["Shrug It Off","Whetstone"],"campfire_rested":1,"item_purchase_floors":[5,5],"current_hp_per_floor":[68,61,50,50,50,50,17,17,17,41,41,41,41,41,41,0],"gold":44,"neow_bonus":"BOSS_RELIC","is_prod":false,"is_daily":false,"chose_seed":false,"campfire_upgraded":1,"win_rate":0,"timestamp":1548315244,"path_taken":["M","?","?","?","?","R","E","R","T","R","$","?","M","?","R","BOSS"],"build_version":"2019-01-23","purchased_purges":0,"victory":false,"max_hp_per_floor":[80,80,80,80,80,80,80,80,80,80,80,80,80,80,80,80],"card_choices":[{"not_picked":["Battle Trance","Rage"],"picked":"Iron Wave+1","floor":1},{"not_picked":["Pummel+1","Seeing Red","Searing Blow+1"],"picked":"SKIP","floor":7},{"not_picked":["Pummel+1","Rupture","Clash+1"],"picked":"SKIP","floor":13},{"not_picked":["Warcry","Armaments","Wild Strike+1"],"picked":"SKIP","floor":14}],"player_experience":292835,"relics_obtained":[{"floor":0,"key":"Oddly Smooth Stone"},{"floor":0,"key":"Molten Egg 2"},{"floor":0,"key":"Ice Cream"},{"floor":4,"key":"Potion Belt"},{"floor":7,"key":"Shovel"},{"floor":8,"key":"PreservedInsect"},{"floor":9,"key":"Du-Vu Doll"},{"floor":15,"key":"Pantograph"}],"event_choices":[{"damage_healed":0,"gold_gain":0,"player_choice":"Success","damage_taken":7,"relics_obtained":["Paper Frog"],"max_hp_gain":0,"max_hp_loss":0,"event_name":"Scrap Ooze","floor":2,"gold_loss":0},{"damage_healed":0,"gold_gain":75,"player_choice":"Gather Gold","damage_taken":11,"max_hp_gain":0,"max_hp_loss":0,"event_name":"World of Goop","floor":3,"gold_loss":0},{"cards_removed":["Strike_R"],"damage_healed":0,"gold_gain":0,"player_choice":"Card Removal","damage_taken":0,"max_hp_gain":0,"max_hp_loss":0,"event_name":"The Cleric","floor":12,"gold_loss":50}],"is_beta":false,"boss_relics":[],"items_purged_floors":[],"is_endless":false,"potions_floor_spawned":[14],"killed_by":"Hexaghost","ascension_level":0}