{"path_per_floor":["M","M","M","M","?","R","?","M","T","R","$","?","M","M","R","B",null,"M","$","M","M","M","E","R","?","T","?","R","?","?","M","R"],"character_chosen":"THE_SILENT","items_purchased":["Letter Opener","Strength Potion","Panache","Well Laid Plans"],"gold_per_floor":[109,124,135,146,396,396,451,471,471,471,93,93,109,129,129,224,224,242,19,38,53,66,100,100,25,25,25,25,25,25,41,41],"floor_reached":33,"campfire_rested":3,"playtime":1756,"current_hp_per_floor":[66,60,54,48,48,48,27,25,25,46,46,46,46,48,48,36,70,62,62,66,53,64,8,29,29,29,29,29,29,29,28,49],"items_purged":["Regret"],"gold":41,"score":259,"play_id":"036d07ff-8d8f-4a82-87f3-bc013d49553d","is_prod":false,"is_daily":false,"is_ascension_mode":false,"campfire_upgraded":3,"path_taken":["M","M","M","?","?","R","?","M","T","R","$","?","?","M","R","BOSS","M","$","M","M","M","E","R","?","T","?","R","?","?","?","R","BOSS"],"build_version":"2018-02-15-PROD1","purchased_purges":1,"victory":false,"master_deck":["Defend_G","Defend_G","Defend_G","Strike_G","Strike_G","Strike_G","Strike_G","Survivor","Neutralize","Dodge and Roll","Dagger Spray","Tools of the Trade+1","Backstab","Backstab","Distraction","Night Terror+1","Backflip","Slice","Tactician","Quick Slash+1","Panache+1","Well Laid Plans","Acrobatics","Choke+1","Choke","Finisher","Endless Agony","Distraction"],"max_hp_per_floor":[70,70,70,70,70,70,70,70,70,70,70,70,70,70,70,70,70,70,70,70,70,70,70,70,70,70,70,70,70,70,70,70],"relics":["Ring of the Snake","Bag of Marbles","Pantograph","Bird Faced Urn","Letter Opener","Question Card","Vajra","Tingsha"],"card_choices":[{"not_picked":["Underhanded Strike","Escape Plan"],"picked":"Dodge and Roll"},{"not_picked":["Distraction","Quick Slash"],"picked":"Dagger Spray"},{"not_picked":["Escape Plan","Poisoned Stab"],"picked":"Tools of the Trade"},{"not_picked":["Dagger Throw","Finisher"],"picked":"Backstab"},{"not_picked":["Slice","Quick Slash"],"picked":"Backstab"},{"not_picked":["Outmaneuver","Slice"],"picked":"Distraction"},{"not_picked":["Slice","Cloak And Dagger"],"picked":"Backflip"},{"not_picked":["Deadly Poison","PiercingWail"],"picked":"Slice"},{"not_picked":["Night Terror","Doppelganger"],"picked":"Tactician"},{"not_picked":["Slice","Poisoned Stab","Flying Knee"],"picked":"Quick Slash"},{"not_picked":["Riddle With Holes","Bane","Crippling Poison"],"picked":"Acrobatics"},{"not_picked":["Backstab","Riddle With Holes","Footwork"],"picked":"Choke"},{"not_picked":["Poisoned Stab","Catalyst","Prepared"],"picked":"Choke"},{"not_picked":["Reflex","Envenom","Acrobatics"],"picked":"Finisher"},{"not_picked":["Underhanded Strike","Outmaneuver","Riddle With Holes"],"picked":"Distraction"}],"player_experience":155308,"potions_floor_usage":[7,16,16,22,23,33],"damage_taken":[{"damage":4,"enemies":"Cultist","floor":1,"turns":5},{"damage":6,"enemies":"Small Slimes","floor":2,"turns":4},{"damage":6,"enemies":"2 Louse","floor":3,"turns":2},{"damage":6,"enemies":"Looter","floor":4,"turns":3},{"damage":21,"enemies":"Gremlin Nob","floor":7,"turns":5},{"damage":2,"enemies":"3 Louse","floor":8,"turns":2},{"damage":2,"enemies":"Exordium Thugs","floor":13,"turns":3},{"damage":0,"enemies":"2 Fungi Beasts","floor":14,"turns":1},{"damage":34,"enemies":"Hexaghost","floor":16,"turns":8},{"damage":15,"enemies":"Shell Parasite","floor":18,"turns":7},{"damage":0,"enemies":"3 Byrds","floor":20,"turns":2},{"damage":25,"enemies":"Centurion and Healer","floor":21,"turns":4},{"damage":1,"enemies":"Cultist and Chosen","floor":22,"turns":3},{"damage":62,"enemies":"Book of Stabbing","floor":23,"turns":5},{"damage":7,"enemies":"Chosen and Byrds","floor":31,"turns":5},{"damage":73,"enemies":"Champ","floor":33,"turns":6}],"event_choices":[{"event_name":"Golden Shrine","player_choice":"Desecrate","floor":5,"damage_taken":0},{"event_name":"Dead Adventurer","player_choice":"Searched \u00272\u0027 times","floor":7,"damage_taken":0},{"event_name":"Living Wall","player_choice":"Change","floor":12,"damage_taken":0},{"event_name":"Beggar","player_choice":"Gave Gold","floor":25,"damage_taken":0},{"event_name":"Match and Keep!","player_choice":"1 cards matched","floor":27,"damage_taken":0},{"event_name":"Drug Dealer","player_choice":"Ignored","floor":29,"damage_taken":0},{"event_name":"Purifier","player_choice":"One Purge","floor":30,"damage_taken":0}],"boss_relics":[{"not_picked":["The Specimen","White Beast Statue"],"picked":"Question Card"}],"potions_floor_spawned":[4,7,8,14,22,23],"seed_played":"5221192116220917840","killed_by":"Champ","ascension_level":0,"is_trial":false}