{"gold_per_floor":[114,114,133,145,145,173,248,279,329,364,375,375,125,142,142,237,237,256,256,256,256,26,26,51,51,51,51,86,86,86,120,120,120],"floor_reached":33,"playtime":996,"items_purged":[],"score":380,"play_id":"cf0ee46f-3821-4b68-ac64-50fc6f280671","local_time":"20180912151606","is_ascension_mode":true,"campfire_choices":[{"floor":12,"key":"REST"},{"data":"Armaments","floor":15,"key":"SMITH"},{"data":"Disarm","floor":23,"key":"SMITH"},{"data":"Inflame","floor":25,"key":"SMITH"},{"data":"Rip and Tear","floor":27,"key":"SMITH"},{"floor":32,"key":"REST"}],"neow_cost":"","seed_source_timestamp":590125989927604,"circlet_count":0,"master_deck":["Strike_R+1","Strike_R+1","Strike_R+1","Strike_R+1","Strike_R+1","Defend_R+1","Defend_R+1","Defend_R+1","Bash","Cleave","Anger","Perfected Strike","Double Tap","Inflame+1","Feel No Pain","Armaments+1","Perfected Strike","True Grit","Seek+1","Shockwave","Offering","Disarm+1","Rip and Tear+1","Perfected Strike","Writhe","Terror"],"relics":["Burning Blood","Bag of Marbles","Lantern","Juzu Bracelet","Strawberry","Mercury Hourglass","PrismaticShard","Mark of Pain","MutagenicStrength","Boot","Vajra","Bag of Preparation","Ancient Tea Set","Happy Flower","Oddly Smooth Stone"],"potions_floor_usage":[4,6,8,24,31,33,33],"damage_taken":[{"damage":6,"enemies":"Cultist","floor":1,"turns":4},{"damage":0,"enemies":"Small Slimes","floor":3,"turns":2},{"damage":0,"enemies":"2 Louse","floor":4,"turns":2},{"damage":7,"enemies":"Gremlin Nob","floor":6,"turns":3},{"damage":23,"enemies":"Lagavulin","floor":8,"turns":5},{"damage":16,"enemies":"Gremlin Nob","floor":10,"turns":3},{"damage":11,"enemies":"Red Slaver","floor":11,"turns":2},{"damage":0,"enemies":"Large Slime","floor":14,"turns":3},{"damage":8,"enemies":"Slime Boss","floor":16,"turns":8},{"damage":25,"enemies":"Spheric Guardian","floor":18,"turns":4},{"damage":21,"enemies":"Gremlin Leader","floor":24,"turns":7},{"damage":12,"enemies":"Slavers","floor":28,"turns":3},{"damage":11,"enemies":"Gremlin Leader","floor":31,"turns":4},{"damage":80,"enemies":"Automaton","floor":33,"turns":6}],"seed_played":"494999086371196179","potions_obtained":[{"floor":1,"key":"Fire Potion"},{"floor":3,"key":"Energy Potion"},{"floor":6,"key":"Block Potion"},{"floor":11,"key":"Ancient Potion"},{"floor":16,"key":"SteroidPotion"},{"floor":28,"key":"Energy Potion"},{"floor":31,"key":"Energy Potion"}],"is_trial":false,"path_per_floor":["M","T","M","M","?","E","?","E","T","E","M","R","$","M","R","B",null,"M","?","?","?","$","R","E","R","T","R","E","?","?","E","R"],"character_chosen":"IRONCLAD","items_purchased":["PrismaticShard","Perfected Strike","Boot","Disarm"],"campfire_rested":2,"item_purchase_floors":[13,13,22,22],"current_hp_per_floor":[80,80,80,80,80,79,68,51,58,48,43,69,69,75,75,73,87,68,68,68,68,68,68,53,53,53,53,47,47,47,42,68,0],"gold":120,"neow_bonus":"","is_prod":false,"is_daily":false,"chose_seed":false,"campfire_upgraded":4,"win_rate":0,"timestamp":1536786966,"path_taken":["M","?","M","M","?","E","?","E","T","E","M","R","$","M","R","BOSS","M","?","?","?","$","R","E","R","T","R","E","?","?","E","R","BOSS"],"build_version":"2018-09-06","purchased_purges":0,"victory":false,"max_hp_per_floor":[80,80,80,80,80,80,80,80,87,87,87,87,87,87,87,87,87,87,87,87,87,87,87,87,87,87,87,87,87,87,87,87,87],"card_choices":[{"not_picked":["Shockwave","Havoc"],"picked":"Cleave","floor":1},{"not_picked":["Shrug It Off","Sword Boomerang"],"picked":"Anger","floor":3},{"not_picked":["Shrug It Off","Wild Strike"],"picked":"Perfected Strike","floor":4},{"not_picked":["Exhume","Thunderclap"],"picked":"Burning Pact","floor":6},{"not_picked":["Reckless Charge","Wild Strike"],"picked":"Inflame","floor":8},{"not_picked":["Second Wind","Whirlwind"],"picked":"Feel No Pain","floor":10},{"not_picked":["Reckless Charge","Fire Breathing"],"picked":"Armaments","floor":11},{"not_picked":["Shrug It Off","Offering"],"picked":"True Grit","floor":14},{"not_picked":["Thinking Ahead","Secret Weapon"],"picked":"Seek","floor":16},{"not_picked":["Lockon","Underhanded Strike"],"picked":"Shockwave","floor":18},{"not_picked":["Bane+1","Clothesline"],"picked":"Rip and Tear","floor":24},{"not_picked":["Calculated Gamble","Dual Wield"],"picked":"Perfected Strike","floor":28},{"not_picked":["Underhanded Strike","Streamline"],"picked":"Terror","floor":31}],"player_experience":512232,"relics_obtained":[{"floor":2,"key":"Bag of Marbles"},{"floor":6,"key":"Lantern"},{"floor":8,"key":"Juzu Bracelet"},{"floor":9,"key":"Strawberry"},{"floor":10,"key":"Mercury Hourglass"},{"floor":24,"key":"Vajra"},{"floor":26,"key":"Bag of Preparation"},{"floor":28,"key":"Ancient Tea Set"},{"floor":31,"key":"Oddly Smooth Stone"}],"event_choices":[{"event_name":"Living Wall","player_choice":"Change","floor":5,"damage_taken":0},{"event_name":"World of Goop","player_choice":"Gather Gold","floor":7,"damage_taken":0},{"event_name":"Back to Basics","player_choice":"Simplicity","floor":19,"damage_taken":0},{"event_name":"Transmorgrifier","player_choice":"Transform","floor":20,"damage_taken":0},{"event_name":"Drug Dealer","player_choice":"Inject Mutagens","floor":21,"damage_taken":0},{"event_name":"The Mausoleum","player_choice":"Yes","floor":29,"damage_taken":0},{"event_name":"Upgrade Shrine","player_choice":"Upgraded","floor":30,"damage_taken":0}],"is_beta":false,"boss_relics":[{"not_picked":["Runic Cube","Busted Crown"],"picked":"Mark of Pain"}],"items_purged_floors":[],"is_endless":false,"potions_floor_spawned":[1,3,6,11,16,28,31],"killed_by":"Automaton","ascension_level":4}