{"gold_per_floor":[20,20,20,39,91,91,123,141,141,157,82,82,82,96,96,193,193,212,212,212,222,222,222,43,71,71,71,71,71,98,98,98,196,246,264,264,275,290,290,290,290,304,304,314,329,26,26,26,26,26],"floor_reached":50,"playtime":1850,"items_purged":["Strike_G","Strike_G"],"score":788,"play_id":"7a4affbf-fec1-48b7-ab94-21e65498d3c5","local_time":"20181017003102","is_ascension_mode":true,"campfire_choices":[{"data":"All Out Attack","floor":6.0,"key":"SMITH"},{"floor":12.0,"key":"REST"},{"floor":15.0,"key":"REST"},{"data":"Defend_G","floor":23.0,"key":"PURGE"},{"data":"Strike_G","floor":27.0,"key":"PURGE"},{"data":"Defend_G","floor":29.0,"key":"PURGE"},{"data":"Ghostly","floor":32.0,"key":"SMITH"},{"floor":40.0,"key":"REST"},{"data":"Strike_G+1","floor":49.0,"key":"PURGE"}],"neow_cost":"NO_GOLD","seed_source_timestamp":63109485244448,"circlet_count":0,"master_deck":["Defend_G+1","Survivor+1","Neutralize+1","AscendersBane","All Out Attack+1","Quick Slash+1","Dash+1","Flying Knee+1","Die Die Die+1","Caltrops+1","Unload+1","Distraction+1","Dagger Throw+1","Dagger Throw+1","Ghostly+1","Ghostly+1","Ghostly+1","Ghostly+1","Ghostly+1","Burst+1","Flying Knee+1","Storm of Steel+1","Well Laid Plans+1","Distraction+1","Masterful Stab+1","Choke+1"],"special_seed":0,"relics":["Ring of the Serpent","Peace Pipe","Bronze Scales","Pen Nib","Mummified Hand","Torii","Tough Bandages","Turnip","Tiny House","Dodecahedron","Incense Burner","Mark of the Bloom"],"potions_floor_usage":[50],"damage_taken":[{"damage":0.0,"enemies":"2 Louse","floor":1.0,"turns":4.0},{"damage":4.0,"enemies":"Small Slimes","floor":4.0,"turns":2.0},{"damage":32.0,"enemies":"Gremlin Nob","floor":7.0,"turns":4.0},{"damage":0.0,"enemies":"Cultist","floor":8.0,"turns":3.0},{"damage":0.0,"enemies":"Blue Slaver","floor":10.0,"turns":2.0},{"damage":3.0,"enemies":"Large Slime","floor":14.0,"turns":4.0},{"damage":9.0,"enemies":"Hexaghost","floor":16.0,"turns":10.0},{"damage":6.0,"enemies":"3 Byrds","floor":18.0,"turns":3.0},{"damage":0.0,"enemies":"Spheric Guardian","floor":21.0,"turns":3.0},{"damage":1.0,"enemies":"Gremlin Leader","floor":25.0,"turns":6.0},{"damage":27.0,"enemies":"Slavers","floor":30.0,"turns":3.0},{"damage":17.0,"enemies":"Automaton","floor":33.0,"turns":12.0},{"damage":14.0,"enemies":"3 Darklings","floor":35.0,"turns":6.0},{"damage":2.0,"enemies":"Orb Walker","floor":37.0,"turns":4.0},{"damage":6.0,"enemies":"Sphere and 2 Shapes","floor":38.0,"turns":6.0},{"damage":5.0,"enemies":"Reptomancer","floor":42.0,"turns":8.0},{"damage":2.0,"enemies":"3 Darklings","floor":44.0,"turns":4.0},{"damage":1.0,"enemies":"Transient","floor":45.0,"turns":5.0},{"damage":1,"enemies":"Time Eater","floor":50,"turns":9}],"seed_played":"5351935708610396398","potions_obtained":[{"floor":1.0,"key":"Dexterity Potion"},{"floor":7.0,"key":"GhostInAJar"},{"floor":16.0,"key":"AttackPotion"},{"floor":30.0,"key":"Energy Potion"},{"floor":34.0,"key":"Swift Potion"},{"floor":42.0,"key":"Explosive Potion"}],"is_trial":false,"path_per_floor":["M","?","?","M","T","R","E","M","T","M","$","R","$","M","R","B",null,"M","?","?","M","?","R","$","E","T","R","?","R","E","?","R","B",null,"M","?","M","M","$","R","?","M","T","M","M","$","?","?","R"],"character_chosen":"THE_SILENT","items_purchased":["Dexterity Potion","Dagger Throw","Incense Burner"],"campfire_rested":3,"item_purchase_floors":[24,24,46],"current_hp_per_floor":[63,49,49,45,45,45,13,13,13,13,13,34,34,31,52,43,63,57,57,57,57,57,57,57,56,56,56,56,56,29,29,29,12,34,20,20,18,12,12,24,24,19,19,17,16,16,35,35,35,34],"gold":26,"neow_bonus":"ONE_RARE_RELIC","is_prod":false,"is_daily":false,"chose_seed":false,"campfire_upgraded":2,"win_rate":0,"timestamp":1539750662,"path_taken":["M","?","?","?","?","R","E","M","T","M","$","R","?","M","R","BOSS","M","?","?","?","?","R","$","E","T","R","?","R","E","?","R","BOSS","M","?","?","M","$","R","?","?","T","M","M","$","?","?","R","BOSS"],"build_version":"2018-10-15v2","purchased_purges":2,"victory":false,"max_hp_per_floor":[70,70,70,70,70,70,70,70,70,70,70,70,70,70,70,70,70,70,70,70,70,70,70,70,70,70,70,70,70,70,35,35,35,40,40,40,40,40,40,40,40,40,40,40,40,40,35,35,35,35],"card_choices":[{"not_picked":["Dagger Throw","Blade Dance"],"picked":"All Out Attack","floor":1.0},{"not_picked":["Outmaneuver","Bane"],"picked":"Quick Slash","floor":4.0},{"not_picked":["Dagger Spray","Slice"],"picked":"Dash","floor":7.0},{"not_picked":["PiercingWail","Poisoned Stab"],"picked":"Flying Knee","floor":8.0},{"not_picked":["Tactician","Blade Dance"],"picked":"Die Die Die","floor":10.0},{"not_picked":["PiercingWail","Blade Dance"],"picked":"Caltrops","floor":14.0},{"not_picked":["Phantasmal Killer","Bullet Time"],"picked":"Unload","floor":16.0},{"not_picked":["Dodge and Roll","Dash"],"picked":"Distraction","floor":18.0},{"not_picked":["Blade Dance","Deflect","Skewer"],"picked":"SKIP","floor":21.0},{"not_picked":["Slice","Quick Slash","Bane+1"],"picked":"SKIP","floor":25.0},{"not_picked":["Sucker Punch","Grand Finale"],"picked":"Dagger Throw","floor":30.0},{"not_picked":["After Image","Bullet Time"],"picked":"Burst","floor":33.0},{"not_picked":["Acrobatics+1","Bane"],"picked":"Flying Knee","floor":34.0},{"not_picked":["Blade Dance","Bane+1","Dodge and Roll"],"picked":"SKIP","floor":35.0},{"not_picked":["Outmaneuver+1","Bouncing Flask"],"picked":"Storm of Steel","floor":37.0},{"not_picked":["Backflip+1","Calculated Gamble"],"picked":"Well Laid Plans+1","floor":38.0},{"not_picked":["Flying Knee+1","Sucker Punch"],"picked":"Distraction+1","floor":42.0},{"not_picked":["Bane","Backstab"],"picked":"Masterful Stab","floor":44.0},{"not_picked":["Cloak And Dagger+1","Predator+1"],"picked":"Choke+1","floor":45.0}],"player_experience":352879,"relics_obtained":[{"floor":5.0,"key":"Bronze Scales"},{"floor":7.0,"key":"Pen Nib"},{"floor":9.0,"key":"Mummified Hand"},{"floor":25.0,"key":"Torii"},{"floor":26.0,"key":"Tough Bandages"},{"floor":30.0,"key":"Turnip"},{"floor":43.0,"key":"Dodecahedron"}],"event_choices":[{"event_name":"Shining Light","player_choice":"Entered Light","floor":2.0,"damage_taken":0.0},{"event_name":"The Cleric","player_choice":"Leave","floor":3.0,"damage_taken":0.0},{"event_name":"Upgrade Shrine","player_choice":"Upgraded","floor":19.0,"damage_taken":0.0},{"event_name":"Bonfire Elementals","player_choice":"BASIC","floor":20.0,"damage_taken":0.0},{"event_name":"Back to Basics","player_choice":"Elegance","floor":22.0,"damage_taken":0.0},{"event_name":"Beggar","player_choice":"Ignored","floor":28.0,"damage_taken":0.0},{"event_name":"Ghosts","player_choice":"Became a Ghost","floor":31.0,"damage_taken":0.0},{"event_name":"Purifier","player_choice":"One Purge","floor":36.0,"damage_taken":0.0},{"event_name":"Tomb of Lord Red Mask","player_choice":"Ignored","floor":41.0,"damage_taken":0.0},{"event_name":"The Moai Head","player_choice":"Heal","floor":47.0,"damage_taken":0.0},{"event_name":"MindBloom","player_choice":"Upgrade","floor":48.0,"damage_taken":0.0}],"is_beta":true,"boss_relics":[{"not_picked":["Busted Crown","Ectoplasm"],"picked":"Ring of the Serpent"},{"not_picked":["Eternal Feather","Fusion Hammer"],"picked":"Tiny House"}],"items_purged_floors":[11,24],"is_endless":false,"potions_floor_spawned":[1,7,16,30,35,42,45],"killed_by":"Time Eater","ascension_level":11}