{"gold_per_floor":[115,126,140,140,154,154,181,181,231,3,3,30,48,74,74,172,172,184,196,295,322,342,342,353,371,371,371,371,382,395,305,305,305],"floor_reached":33,"playtime":5635,"items_purged":[],"score":299,"play_id":"66bacf82-8330-45e2-9b2f-2c3888e53d4b","local_time":"20190330105501","is_ascension_mode":false,"campfire_choices":[{"floor":6,"key":"REST"},{"floor":8,"key":"REST"},{"floor":15,"key":"REST"},{"floor":23,"key":"REST"},{"floor":27,"key":"REST"},{"floor":32,"key":"REST"}],"neow_cost":"NONE","seed_source_timestamp":1441051168596800,"circlet_count":0,"master_deck":["Defend_G","Defend_G+1","Defend_G","Defend_G","Defend_G","Strike_G+1","Strike_G+1","Strike_G","Survivor","Neutralize+1","Blur","Footwork","Prepared","Dagger Throw","Flying Knee","Escape Plan","Flying Knee","Backflip","Blur","Tools of the Trade","Acrobatics","Poisoned Stab","Tactician","Well Laid Plans","Flying Knee","Backflip","Tactician+1","Dash","Outmaneuver","Die Die Die","Riddle With Holes","Flying Knee"],"relics":["Ring of the Snake","Odd Mushroom","PreservedInsect","Anchor","Whetstone","Bronze Scales","Orrery","Red Mask","Pear"],"potions_floor_usage":[7,13,16,30,33,33],"damage_taken":[{"damage":0,"enemies":"Cultist","floor":1,"turns":5},{"damage":0,"enemies":"2 Louse","floor":2,"turns":4},{"damage":3,"enemies":"Jaw Worm","floor":3,"turns":7},{"damage":0,"enemies":"Blue Slaver","floor":5,"turns":5},{"damage":19,"enemies":"The Mushroom Lair","floor":7,"turns":5},{"damage":12,"enemies":"Gremlin Nob","floor":12,"turns":4},{"damage":0,"enemies":"Looter","floor":13,"turns":3},{"damage":19,"enemies":"The Guardian","floor":16,"turns":14},{"damage":0,"enemies":"Chosen","floor":18,"turns":7},{"damage":12,"enemies":"2 Thieves","floor":19,"turns":4},{"damage":26,"enemies":"Masked Bandits","floor":21,"turns":7},{"damage":11,"enemies":"Snecko","floor":22,"turns":6},{"damage":7,"enemies":"Shelled Parasite and Fungi","floor":24,"turns":6},{"damage":0,"enemies":"Centurion and Healer","floor":25,"turns":8},{"damage":2,"enemies":"Chosen and Byrds","floor":29,"turns":7},{"damage":20,"enemies":"Cultist and Chosen","floor":30,"turns":7},{"damage":103,"enemies":"Automaton","floor":33,"turns":12}],"seed_played":"8250557831790228843","potions_obtained":[{"floor":3,"key":"LiquidBronze"},{"floor":13,"key":"Fruit Juice"},{"floor":16,"key":"Fruit Juice"},{"floor":19,"key":"LiquidBronze"},{"floor":21,"key":"GamblersBrew"},{"floor":25,"key":"SteroidPotion"},{"floor":29,"key":"Fire Potion"}],"is_trial":false,"path_per_floor":["M","M","M","?","M","R","?","R","T","$","?","E","M","T","R","B",null,"M","M","?","?","M","R","M","M","T","R","?","M","M","?","R","B"],"character_chosen":"THE_SILENT","items_purchased":["Escape Plan","Anchor","Flying Knee"],"campfire_rested":6,"item_purchase_floors":[10,10,10],"current_hp_per_floor":[70,70,67,53,53,70,51,70,70,70,70,58,63,63,75,61,80,80,68,68,42,31,55,48,48,58,85,85,83,63,63,90,0],"gold":305,"neow_bonus":"THREE_CARDS","is_prod":false,"is_daily":false,"chose_seed":false,"campfire_upgraded":0,"win_rate":0.0,"timestamp":1553957701,"path_taken":["M","M","?","?","M","R","?","R","T","$","?","E","M","?","R","BOSS","M","M","?","?","M","R","M","M","T","R","?","M","?","?","R","BOSS"],"build_version":"2019-01-23","purchased_purges":0,"victory":false,"max_hp_per_floor":[70,70,70,70,70,70,70,70,70,70,70,70,75,75,75,80,80,80,80,80,80,80,80,80,80,90,90,90,90,90,90,90,90],"card_choices":[{"not_picked":["Acrobatics","Blade Dance"],"picked":"Blur","floor":0},{"not_picked":["Dagger Spray","Prepared"],"picked":"Footwork","floor":1},{"not_picked":["Expertise","PiercingWail"],"picked":"Prepared","floor":2},{"not_picked":["PiercingWail","Expertise","Riddle With Holes"],"picked":"SKIP","floor":3},{"not_picked":["Quick Slash","Bane"],"picked":"Dagger Throw","floor":5},{"not_picked":["Backflip","Eviscerate"],"picked":"Flying Knee","floor":7},{"not_picked":["Tactician","Malaise"],"picked":"Backflip","floor":12},{"not_picked":["Deflect","Slice"],"picked":"Blur","floor":13},{"not_picked":["Venomology","Unload"],"picked":"Tools of the Trade","floor":16},{"not_picked":["Dagger Spray","Deadly Poison"],"picked":"Acrobatics","floor":17},{"not_picked":["Acrobatics","Tactician"],"picked":"Poisoned Stab","floor":17},{"not_picked":["PiercingWail","Deflect"],"picked":"Tactician","floor":17},{"not_picked":["Prepared","Flying Knee"],"picked":"Well Laid Plans","floor":17},{"not_picked":["Deflect","Bane"],"picked":"Flying Knee","floor":17},{"not_picked":["All Out Attack","Well Laid Plans"],"picked":"Backflip","floor":18},{"not_picked":["Masterful Stab+1","Underhanded Strike"],"picked":"Tactician","floor":19},{"not_picked":["Sucker Punch+1","Die Die Die"],"picked":"Dash","floor":21},{"not_picked":["PiercingWail","Predator","Choke"],"picked":"SKIP","floor":22},{"not_picked":["Bane","Endless Agony"],"picked":"Outmaneuver","floor":24},{"not_picked":["PiercingWail","Dodge and Roll"],"picked":"Die Die Die","floor":25},{"not_picked":["Deadly Poison","Dodge and Roll+1"],"picked":"Flying Knee","floor":29},{"not_picked":["Slice","Blade Dance","Deflect"],"picked":"SKIP","floor":30}],"player_experience":24175,"relics_obtained":[{"floor":7,"key":"Odd Mushroom"},{"floor":9,"key":"PreservedInsect"},{"floor":12,"key":"Whetstone"},{"floor":14,"key":"Bronze Scales"},{"floor":21,"key":"Red Mask"},{"floor":26,"key":"Pear"}],"event_choices":[{"damage_healed":0,"gold_gain":0,"player_choice":"Entered Light","damage_taken":14,"max_hp_gain":0,"max_hp_loss":0,"event_name":"Shining Light","floor":4,"gold_loss":0,"cards_upgraded":["Defend_G","Strike_G"]},{"damage_healed":0,"gold_gain":0,"player_choice":"Fought Mushrooms","damage_taken":0,"max_hp_gain":0,"max_hp_loss":0,"event_name":"Mushrooms","floor":7,"gold_loss":0},{"damage_healed":0,"gold_gain":0,"player_choice":"Ignored","damage_taken":0,"max_hp_gain":0,"max_hp_loss":0,"event_name":"Golden Wing","floor":11,"gold_loss":0},{"damage_healed":0,"gold_gain":99,"player_choice":"Stole From Cult","damage_taken":0,"max_hp_gain":0,"max_hp_loss":0,"event_name":"Nest","floor":20,"gold_loss":0},{"damage_healed":0,"gold_gain":0,"player_choice":"Fought Bandits","damage_taken":0,"max_hp_gain":0,"max_hp_loss":0,"event_name":"Masked Bandits","floor":21,"gold_loss":0},{"damage_healed":0,"gold_gain":0,"cards_transformed":["Strike_G"],"player_choice":"Transformed","damage_taken":0,"max_hp_gain":0,"max_hp_loss":0,"event_name":"Transmorgrifier","floor":28,"gold_loss":0,"cards_obtained":["Riddle With Holes"]},{"cards_removed":["Strike_G"],"damage_healed":0,"gold_gain":0,"player_choice":"Upgrade and Remove","damage_taken":0,"max_hp_gain":0,"max_hp_loss":0,"event_name":"Designer","floor":31,"gold_loss":90,"cards_upgraded":["Tactician"]}],"is_beta":false,"boss_relics":[{"not_picked":["Cursed Key","Coffee Dripper"],"picked":"Orrery"}],"items_purged_floors":[],"is_endless":false,"potions_floor_spawned":[3,13,16,19,21,25,29],"killed_by":"Automaton","ascension_level":0}