{"gold_per_floor":[109,123,123,139,150,150,150,162,162,71,104,104,116,136,136,238,238,251,271,287,287,298,298,298,315,315,326,326],"floor_reached":28,"playtime":9043,"items_purged":[],"score":251,"play_id":"1717ea5d-cdd6-4792-a481-8ee01378c9fe","local_time":"20190329195537","is_ascension_mode":false,"campfire_choices":[{"data":"Concentrate","floor":6,"key":"SMITH"},{"floor":12,"key":"REST"},{"floor":15,"key":"REST"},{"floor":23,"key":"REST"}],"neow_cost":"NONE","seed_source_timestamp":811797840062707,"circlet_count":0,"master_deck":["Defend_G+1","Defend_G+1","Defend_G+1","Defend_G+1","Defend_G+1","Strike_G+1","Strike_G+1","Strike_G+1","Strike_G+1","Strike_G+1","Survivor","Neutralize+1","Dagger Throw","Concentrate+1","Dodge and Roll","Flechettes","Caltrops","Eviscerate","Prepared","Sucker Punch","Dagger Throw","Dagger Throw","Malaise","Backflip","Dagger Throw","Dodge and Roll","Acrobatics","Doppelganger","Escape Plan+1"],"relics":["Ring of the Snake"],"potions_floor_usage":[16,16,18,22,25,28],"damage_taken":[{"damage":3,"enemies":"Jaw Worm","floor":1,"turns":6},{"damage":0,"enemies":"Small Slimes","floor":2,"turns":3},{"damage":0,"enemies":"2 Louse","floor":4,"turns":2},{"damage":3,"enemies":"2 Fungi Beasts","floor":5,"turns":4},{"damage":3,"enemies":"Looter","floor":8,"turns":4},{"damage":42,"enemies":"3 Sentries","floor":11,"turns":13},{"damage":7,"enemies":"Exordium Thugs","floor":13,"turns":7},{"damage":1,"enemies":"3 Louse","floor":14,"turns":2},{"damage":38,"enemies":"Slime Boss","floor":16,"turns":8},{"damage":20,"enemies":"Spheric Guardian","floor":18,"turns":5},{"damage":5,"enemies":"Chosen","floor":19,"turns":6},{"damage":28,"enemies":"Snake Plant","floor":20,"turns":9},{"damage":5,"enemies":"Shelled Parasite and Fungi","floor":22,"turns":11},{"damage":12,"enemies":"Snecko","floor":25,"turns":6},{"damage":17,"enemies":"Snake Plant","floor":27,"turns":7},{"damage":35,"enemies":"Cultist and Chosen","floor":28,"turns":6}],"seed_played":"3148867607880718171","potions_obtained":[{"floor":1,"key":"LiquidBronze"},{"floor":8,"key":"Strength Potion"},{"floor":16,"key":"SneckoOil"},{"floor":18,"key":"SteroidPotion"},{"floor":20,"key":"Explosive Potion"},{"floor":22,"key":"SneckoOil"},{"floor":27,"key":"Regen Potion"}],"is_trial":false,"path_per_floor":["M","M","?","M","M","R","?","M","T","$","E","R","M","M","R","B",null,"M","M","M","?","M","R","?","M","T","M","M"],"character_chosen":"THE_SILENT","items_purchased":["Eviscerate","Prepared"],"campfire_rested":3,"item_purchase_floors":[10,10],"current_hp_per_floor":[67,67,67,67,64,64,64,61,61,61,19,40,33,32,53,15,70,50,45,17,17,12,33,33,21,21,4,0],"gold":326,"neow_bonus":"UPGRADE_CARD","is_prod":false,"is_daily":false,"chose_seed":false,"campfire_upgraded":1,"win_rate":0,"timestamp":1553910937,"path_taken":["M","M","?","M","M","R","?","M","T","?","E","R","M","M","R","BOSS","M","M","M","?","M","R","?","M","T","M","M"],"build_version":"2019-01-23","purchased_purges":0,"victory":false,"max_hp_per_floor":[70,70,70,70,70,70,70,70,70,70,70,70,70,70,70,70,70,70,70,70,70,70,70,70,70,70,70,70],"card_choices":[{"not_picked":["Flechettes","Dagger Spray"],"picked":"Dagger Throw","floor":1},{"not_picked":["Slice","Bane"],"picked":"Concentrate","floor":2},{"not_picked":["Dagger Spray","Poisoned Stab"],"picked":"Dodge and Roll","floor":4},{"not_picked":["Outmaneuver","Bane"],"picked":"Flechettes","floor":5},{"not_picked":["Outmaneuver","Underhanded Strike"],"picked":"Caltrops","floor":8},{"not_picked":["Concentrate","All Out Attack"],"picked":"Sucker Punch","floor":11},{"not_picked":["Underhanded Strike","Blade Dance"],"picked":"Dagger Throw","floor":13},{"not_picked":["Wraith Form v2","Flying Knee"],"picked":"Dagger Throw","floor":14},{"not_picked":["After Image","Burst"],"picked":"Malaise","floor":16},{"not_picked":["Accuracy","Acrobatics"],"picked":"Backflip","floor":18},{"not_picked":["Prepared","PiercingWail"],"picked":"Dagger Throw","floor":19},{"not_picked":["Flying Knee+1","Blade Dance"],"picked":"Dodge and Roll","floor":20},{"not_picked":["Prepared","Heel Hook"],"picked":"Acrobatics","floor":22},{"not_picked":["Finisher","Bane"],"picked":"Doppelganger","floor":25},{"not_picked":["Accuracy","Flying Knee"],"picked":"Escape Plan+1","floor":27}],"player_experience":1707704,"relics_obtained":[],"event_choices":[{"damage_healed":0,"gold_gain":0,"player_choice":"Leave","damage_taken":0,"max_hp_gain":0,"max_hp_loss":0,"event_name":"The Cleric","floor":3,"gold_loss":0},{"damage_healed":0,"gold_gain":0,"player_choice":"Fled","damage_taken":0,"max_hp_gain":0,"max_hp_loss":0,"event_name":"Scrap Ooze","floor":7,"gold_loss":0},{"damage_healed":0,"gold_gain":0,"player_choice":"Simplicity","damage_taken":0,"max_hp_gain":0,"max_hp_loss":0,"event_name":"Back to Basics","floor":21,"gold_loss":0,"cards_upgraded":["Defend_G","Defend_G","Defend_G","Defend_G","Defend_G","Strike_G","Strike_G","Strike_G","Strike_G","Strike_G"]},{"damage_healed":0,"gold_gain":0,"player_choice":"Ignored","damage_taken":0,"max_hp_gain":0,"max_hp_loss":0,"event_name":"Cursed Tome","floor":24,"gold_loss":0}],"is_beta":false,"boss_relics":[{"not_picked":["Cursed Key","Lizard Tail","HoveringKite"]}],"items_purged_floors":[],"is_endless":false,"potions_floor_spawned":[1,8,16,18,20,22,27],"killed_by":"Cultist and Chosen","ascension_level":0}