{"gold_per_floor":[109,109,120,139,159,185,202,202,202,202,167,185,211,211,211,313,313,331,346,359,20,38,38,70,102,128,128,128,153,353,371,371,476,476,476,488,180,193,193,193,220,238,306,306],"floor_reached":44,"playtime":4707,"items_purged":[],"score":589,"play_id":"772ac099-431e-446d-9d26-8e5222ea6b09","local_time":"20190127164553","is_ascension_mode":true,"campfire_choices":[{"floor":8,"key":"REST"},{"floor":10,"key":"REST"},{"floor":15,"key":"REST"},{"floor":23,"key":"REST"},{"floor":27,"key":"REST"},{"floor":32,"key":"REST"},{"floor":40,"key":"REST"}],"neow_cost":"NONE","seed_source_timestamp":1128526019544559,"circlet_count":0,"master_deck":["Strike_R","Strike_R","Strike_R","Defend_R","Defend_R","Defend_R","Bash","Anger","Searing Blow","Heavy Blade","Armaments","Anger","Thunderclap","Flame Barrier","Reaper","Double Tap","Immolate+1","Burning Pact+1","Fire Breathing+1","Sword Boomerang","Anger","Uppercut+1","Demon Form","Metallicize","Body Slam+1","Fire Breathing","RitualDagger","Anger","Shrug It Off","Barricade","Whirlwind+1","Rage","Thunderclap+1","Thunderclap+1","Parasite","Second Wind+1"],"relics":["Black Blood","NeowsBlessing","Ginger","Mercury Hourglass","Dodecahedron","Pocketwatch","Astrolabe","Paper Frog","Bottled Lightning","Red Mask","Bag of Marbles","Matryoshka","Kunai","FaceOfCleric","Toxic Egg 2","Omamori","Sundial"],"potions_floor_usage":[16,16,18,24,31,33,35,42],"damage_taken":[{"damage":0,"enemies":"Jaw Worm","floor":1,"turns":1},{"damage":0,"enemies":"Cultist","floor":3,"turns":1},{"damage":0,"enemies":"Small Slimes","floor":4,"turns":1},{"damage":16,"enemies":"3 Louse","floor":5,"turns":4},{"damage":41,"enemies":"Lagavulin","floor":6,"turns":8},{"damage":20,"enemies":"Large Slime","floor":7,"turns":5},{"damage":0,"enemies":"2 Fungi Beasts","floor":12,"turns":2},{"damage":9,"enemies":"Gremlin Nob","floor":13,"turns":5},{"damage":47,"enemies":"Hexaghost","floor":16,"turns":9},{"damage":17,"enemies":"Shell Parasite","floor":18,"turns":4},{"damage":12,"enemies":"3 Byrds","floor":19,"turns":3},{"damage":0,"enemies":"Centurion and Healer","floor":20,"turns":3},{"damage":24,"enemies":"Snake Plant","floor":22,"turns":2},{"damage":42,"enemies":"Gremlin Leader","floor":24,"turns":4},{"damage":0,"enemies":"Masked Bandits","floor":25,"turns":1},{"damage":37,"enemies":"Book of Stabbing","floor":29,"turns":5},{"damage":12,"enemies":"Sentry and Sphere","floor":31,"turns":4},{"damage":42,"enemies":"Collector","floor":33,"turns":6},{"damage":0,"enemies":"3 Darklings","floor":35,"turns":2},{"damage":12,"enemies":"Orb Walker","floor":36,"turns":4},{"damage":16,"enemies":"4 Shapes","floor":38,"turns":1},{"damage":36,"enemies":"Reptomancer","floor":41,"turns":5},{"damage":26,"enemies":"Writhing Mass","floor":42,"turns":5},{"damage":49,"enemies":"Nemesis","floor":44,"turns":5}],"seed_played":"472775194721158865","potions_obtained":[{"floor":2,"key":"SteroidPotion"},{"floor":2,"key":"GamblersBrew"},{"floor":2,"key":"PowerPotion"},{"floor":5,"key":"Regen Potion"},{"floor":20,"key":"Explosive Potion"},{"floor":24,"key":"SmokeBomb"},{"floor":25,"key":"SteroidPotion"},{"floor":29,"key":"Block Potion"},{"floor":36,"key":"Dexterity Potion"},{"floor":41,"key":"Block Potion"},{"floor":42,"key":"Swift Potion"}],"is_trial":false,"path_per_floor":["M","?","M","M","M","E","M","R","T","R","?","M","E","?","R","B",null,"M","M","M","$","M","R","E","?","T","R","?","E","?","M","R","B",null,"M","M","$","M","?","R","E","M","T","E"],"character_chosen":"IRONCLAD","items_purchased":["Paper Frog","Demon Form","Kunai","Rage"],"campfire_rested":7,"item_purchase_floors":[21,21,37,37],"current_hp_per_floor":[80,80,80,80,70,35,21,45,45,69,80,80,77,74,80,54,80,69,72,78,78,60,80,44,50,50,74,68,37,37,31,55,19,80,80,78,78,72,72,80,55,40,40,0],"gold":306,"neow_bonus":"THREE_ENEMY_KILL","is_prod":false,"is_daily":false,"chose_seed":false,"campfire_upgraded":0,"win_rate":0,"timestamp":1548607553,"path_taken":["M","?","M","?","M","E","M","R","T","R","?","M","E","?","R","BOSS","M","M","M","$","M","R","E","?","T","R","?","E","?","M","R","BOSS","M","?","$","M","?","R","E","M","T","E"],"build_version":"2019-01-23","purchased_purges":0,"victory":false,"max_hp_per_floor":[80,80,80,80,80,80,80,80,80,80,80,80,80,80,80,80,80,80,80,80,80,80,80,80,80,80,80,80,80,80,80,80,80,80,80,80,80,80,80,80,81,82,82,82],"card_choices":[{"not_picked":["Clothesline","Bloodletting"],"picked":"Anger","floor":1},{"not_picked":["Thunderclap","Flex"],"picked":"Searing Blow","floor":3},{"not_picked":["Perfected Strike","Iron Wave"],"picked":"Heavy Blade","floor":4},{"not_picked":["Heavy Blade","Clash"],"picked":"Armaments","floor":5},{"not_picked":["Disarm","Thunderclap"],"picked":"Anger","floor":6},{"not_picked":["Warcry","Battle Trance"],"picked":"Thunderclap","floor":7},{"not_picked":["Sever Soul","Twin Strike"],"picked":"Flame Barrier","floor":12},{"not_picked":["Sever Soul","Cleave"],"picked":"Reaper","floor":13},{"not_picked":["Bludgeon","Brutality"],"picked":"Double Tap","floor":16},{"not_picked":["Intimidate","Warcry"],"picked":"Sword Boomerang","floor":18},{"not_picked":["Rupture","Thunderclap"],"picked":"Anger","floor":19},{"not_picked":["Flex","Cleave+1"],"picked":"Uppercut+1","floor":20},{"not_picked":["Flex","Hemokinesis"],"picked":"Metallicize","floor":22},{"not_picked":["Perfected Strike","Feed"],"picked":"Body Slam+1","floor":24},{"not_picked":["Perfected Strike","Flex+1"],"picked":"Fire Breathing","floor":25},{"not_picked":["True Grit","Dual Wield"],"picked":"Anger","floor":29},{"not_picked":["Corruption","Ghostly Armor"],"picked":"Shrug It Off","floor":31},{"not_picked":["Double Tap","Immolate"],"picked":"Barricade","floor":33},{"not_picked":["Infernal Blade","Headbutt+1"],"picked":"Whirlwind+1","floor":36},{"not_picked":["Pummel","Body Slam"],"picked":"Thunderclap+1","floor":38},{"not_picked":["Burning Pact+1","Sword Boomerang+1"],"picked":"Thunderclap+1","floor":41},{"not_picked":["Iron Wave+1","Flex+1"],"picked":"Second Wind+1","floor":42}],"player_experience":41698,"relics_obtained":[{"floor":6,"key":"Ginger"},{"floor":9,"key":"Mercury Hourglass"},{"floor":13,"key":"Dodecahedron"},{"floor":24,"key":"Bottled Lightning"},{"floor":25,"key":"Red Mask"},{"floor":26,"key":"Bag of Marbles"},{"floor":29,"key":"Matryoshka"},{"floor":41,"key":"Toxic Egg 2"},{"floor":43,"key":"Omamori"},{"floor":43,"key":"Sundial"}],"event_choices":[{"damage_healed":0,"gold_gain":0,"player_choice":"Got Potions","damage_taken":0,"max_hp_gain":0,"max_hp_loss":0,"event_name":"Lab","floor":2,"gold_loss":0},{"damage_healed":20,"gold_gain":0,"player_choice":"Healed","damage_taken":0,"max_hp_gain":0,"max_hp_loss":0,"event_name":"The Cleric","floor":11,"gold_loss":35},{"damage_healed":0,"gold_gain":0,"player_choice":"Success","damage_taken":3,"relics_obtained":["Pocketwatch"],"max_hp_gain":0,"max_hp_loss":0,"event_name":"Scrap Ooze","floor":14,"gold_loss":0},{"damage_healed":0,"gold_gain":0,"player_choice":"Fought Bandits","damage_taken":0,"max_hp_gain":0,"max_hp_loss":0,"event_name":"Masked Bandits","floor":25,"gold_loss":0},{"damage_healed":0,"gold_gain":0,"player_choice":"Joined the Cult","damage_taken":6,"max_hp_gain":0,"max_hp_loss":0,"event_name":"Nest","floor":28,"gold_loss":0,"cards_obtained":["RitualDagger"]},{"damage_healed":0,"gold_gain":200,"player_choice":"Gold","damage_taken":0,"max_hp_gain":0,"max_hp_loss":0,"event_name":"Wheel of Change","floor":30,"gold_loss":0},{"damage_healed":0,"gold_gain":0,"player_choice":"Trade","damage_taken":0,"relics_obtained":["FaceOfCleric"],"max_hp_gain":0,"max_hp_loss":0,"event_name":"FaceTrader","floor":39,"gold_loss":0}],"is_beta":false,"boss_relics":[{"not_picked":["White Beast Statue","Busted Crown"],"picked":"Astrolabe"},{"not_picked":["Runic Cube","Empty Cage"],"picked":"Black Blood"}],"items_purged_floors":[],"is_endless":false,"potions_floor_spawned":[5,12,13,20,24,25,29,36,41,42],"killed_by":"Nemesis","ascension_level":2}