{"gold_per_floor":[110,110,110,188,208,208,233,233,233,33,51,77,100,115,115,245,245,266,365,378,503,428,428,428,428,451,465,465,480,500,500,500,630,630,655,655,655,675,695,695,709,740,763,776,776,585,585,107,107,107],"floor_reached":51,"playtime":866,"items_purged":["Strike_R","Strike_R"],"score":792,"play_id":"357adf24-ca43-4411-935a-ee04da574427","local_time":"20190410150143","is_ascension_mode":false,"campfire_choices":[{"data":"Shockwave","floor":6,"key":"SMITH"},{"data":"Inflame","floor":8,"key":"SMITH"},{"data":"1","floor":15,"key":"LIFT"},{"data":"2","floor":23,"key":"LIFT"},{"data":"3","floor":25,"key":"LIFT"},{"floor":32,"key":"REST"},{"data":"Heavy Blade","floor":40,"key":"SMITH"},{"floor":45,"key":"REST"},{"floor":49,"key":"REST"}],"neow_cost":"NONE","seed_source_timestamp":12727016728050,"circlet_count":0,"master_deck":["Defend_R","Defend_R","Defend_R","Defend_R","Bash","Heavy Blade+1","Shockwave+1","Inflame+1","Heavy Blade","Flame Barrier","Corruption","Offering","Headbutt","Whirlwind+1","Spot Weakness","Sword Boomerang+1","Uppercut","Double Tap","Inflame+1","Heavy Blade+1","Shrug It Off+1","Heavy Blade","Metallicize","Good Instincts","Uppercut"],"special_seed":0,"relics":["Mark of Pain","Golden Idol","Girya","Chemical X","Ancient Tea Set","Sozu","Torii","Meat on the Bone","Nloth\u0027s Gift","Velvet Choker","Omamori","Boot","Brimstone"],"potions_floor_usage":[8,14,21],"damage_taken":[{"damage":1.0,"enemies":"Jaw Worm","floor":1.0,"turns":3.0},{"damage":0,"enemies":"2 Louse","floor":5,"turns":2},{"damage":7,"enemies":"Small Slimes","floor":7,"turns":3},{"damage":8,"enemies":"Blue Slaver","floor":11,"turns":3},{"damage":6,"enemies":"Exordium Wildlife","floor":13,"turns":4},{"damage":0,"enemies":"Exordium Thugs","floor":14,"turns":4},{"damage":0,"enemies":"Slime Boss","floor":16,"turns":7},{"damage":9,"enemies":"Shell Parasite","floor":18,"turns":3},{"damage":22,"enemies":"Spheric Guardian","floor":20,"turns":4},{"damage":6,"enemies":"Colosseum Slavers","floor":21,"turns":1},{"damage":7,"enemies":"Colosseum Nobs","floor":21,"turns":3},{"damage":6,"enemies":"Centurion and Healer","floor":27,"turns":2},{"damage":6,"enemies":"Snake Plant","floor":29,"turns":1},{"damage":0,"enemies":"Cultist and Chosen","floor":30,"turns":3},{"damage":29,"enemies":"Collector","floor":33,"turns":5},{"damage":19,"enemies":"3 Shapes","floor":35,"turns":4},{"damage":0,"enemies":"Orb Walker","floor":38,"turns":1},{"damage":6,"enemies":"Jaw Worm Horde","floor":39,"turns":1},{"damage":6,"enemies":"Spire Growth","floor":41,"turns":2},{"damage":34,"enemies":"Nemesis","floor":42,"turns":5},{"damage":16,"enemies":"Sphere and 2 Shapes","floor":44,"turns":2},{"damage":47,"enemies":"Time Eater","floor":50,"turns":4}],"seed_played":"1971876240581066333","potions_obtained":[{"floor":5,"key":"Fruit Juice"},{"floor":11,"key":"SkillPotion"},{"floor":16,"key":"SteroidPotion"}],"is_trial":false,"path_per_floor":["M","?","?","?","M","R","M","R","T","$","M","T","M","M","R","B",null,"M","?","M","?","?","R","?","R","T","M","?","M","M","?","R","B",null,"M","?","?","M","M","R","M","E","T","M","R","$","?","$","R","B",null],"character_chosen":"IRONCLAD","items_purchased":["Chemical X","Heavy Blade","Metallicize","Brimstone","Good Instincts","Uppercut"],"campfire_rested":3,"item_purchase_floors":[10,46,46,48,48,48],"current_hp_per_floor":[79,84,63,63,63,63,56,61,61,61,53,53,47,47,47,47,90,81,81,59,46,46,46,46,46,46,52,52,46,46,46,73,56,90,71,71,71,71,65,65,59,37,37,33,60,60,60,60,87,52],"gold":107,"neow_bonus":"BOSS_RELIC","is_prod":false,"is_daily":false,"chose_seed":false,"campfire_upgraded":3,"win_rate":0,"timestamp":1554930103,"path_taken":["M","?","?","?","M","R","M","R","T","?","?","?","M","M","R","BOSS","M","?","M","?","?","R","?","R","T","M","?","M","?","?","R","BOSS","M","?","?","?","M","R","M","E","T","M","R","$","?","$","R","BOSS"],"build_version":"2019-01-23","purchased_purges":2,"victory":true,"max_hp_per_floor":[80,85,85,85,85,85,85,90,90,90,90,90,90,90,90,90,90,90,90,90,90,90,90,90,90,90,90,90,90,90,90,90,90,90,90,90,90,90,90,90,90,90,90,90,90,90,90,90,90,90],"card_choices":[{"not_picked":["Thunderclap","Clash"],"picked":"Heavy Blade","floor":1.0},{"not_picked":["Thunderclap","Rage"],"picked":"Shockwave","floor":5},{"not_picked":["Carnage","Perfected Strike"],"picked":"Inflame","floor":7},{"not_picked":["Sword Boomerang","True Grit"],"picked":"Heavy Blade","floor":11},{"not_picked":["Disarm","Entrench"],"picked":"Flame Barrier","floor":13},{"not_picked":["Rupture","Havoc"],"picked":"Corruption","floor":14},{"not_picked":["Berserk","Fiend Fire"],"picked":"Offering","floor":16},{"not_picked":["Body Slam","Rampage"],"picked":"Headbutt","floor":18},{"not_picked":["Headbutt","Searing Blow+1"],"picked":"Whirlwind","floor":20},{"not_picked":["Carnage+1","Clothesline"],"picked":"Spot Weakness","floor":21},{"not_picked":["Anger","Iron Wave","Warcry+1"],"picked":"SKIP","floor":27},{"not_picked":["Havoc+1","Seeing Red"],"picked":"Sword Boomerang+1","floor":29},{"not_picked":["Headbutt","Clothesline"],"picked":"Uppercut","floor":30},{"not_picked":["Feed","Demon Form"],"picked":"Double Tap","floor":33},{"not_picked":["Wild Strike","Iron Wave+1"],"picked":"Inflame+1","floor":35},{"not_picked":["True Grit","Headbutt","Anger"],"picked":"SKIP","floor":38},{"not_picked":["Warcry","Rage+1","Sever Soul+1"],"picked":"SKIP","floor":39},{"not_picked":["Pommel Strike+1","Brutality","Headbutt"],"picked":"SKIP","floor":41},{"not_picked":["Juggernaut","Combust+1"],"picked":"Heavy Blade+1","floor":42},{"not_picked":["Pommel Strike+1","Headbutt+1"],"picked":"Shrug It Off+1","floor":44}],"player_experience":1174893,"relics_obtained":[{"floor":9,"key":"Girya"},{"floor":12,"key":"Ancient Tea Set"},{"floor":21,"key":"Torii"},{"floor":21,"key":"Meat on the Bone"},{"floor":26,"key":"PreservedInsect"},{"floor":42,"key":"Omamori"},{"floor":43,"key":"Boot"}],"event_choices":[{"damage_healed":0,"gold_gain":0,"player_choice":"Donut","damage_taken":0,"max_hp_gain":5,"max_hp_loss":0,"event_name":"Big Fish","floor":2,"gold_loss":0},{"damage_healed":0,"gold_gain":0,"player_choice":"Take Damage","damage_taken":21,"relics_obtained":["Golden Idol"],"max_hp_gain":0,"max_hp_loss":0,"event_name":"Golden Idol","floor":3,"gold_loss":0},{"damage_healed":0,"gold_gain":78,"player_choice":"Gained Gold","damage_taken":0,"max_hp_gain":0,"max_hp_loss":0,"event_name":"Golden Wing","floor":4,"gold_loss":0},{"damage_healed":0,"gold_gain":99,"player_choice":"Stole From Cult","damage_taken":0,"max_hp_gain":0,"max_hp_loss":0,"event_name":"Nest","floor":19,"gold_loss":0},{"damage_healed":0,"gold_gain":0,"player_choice":"Fight","damage_taken":0,"max_hp_gain":0,"max_hp_loss":0,"event_name":"Colosseum","floor":21,"gold_loss":0},{"damage_healed":0,"gold_gain":0,"player_choice":"Fought Nobs","damage_taken":0,"max_hp_gain":0,"max_hp_loss":0,"event_name":"Colosseum","floor":21,"gold_loss":0},{"cards_removed":["Strike_R"],"damage_healed":0,"gold_gain":0,"player_choice":"Gave Gold","damage_taken":0,"max_hp_gain":0,"max_hp_loss":0,"event_name":"Beggar","floor":22,"gold_loss":75},{"cards_removed":["Strike_R"],"damage_healed":0,"gold_gain":0,"player_choice":"Elegance","damage_taken":0,"max_hp_gain":0,"max_hp_loss":0,"event_name":"Back to Basics","floor":24,"gold_loss":0},{"damage_healed":0,"gold_gain":0,"player_choice":"Traded Relic","damage_taken":0,"relics_obtained":["Nloth\u0027s Gift"],"max_hp_gain":0,"max_hp_loss":0,"event_name":"N\u0027loth","floor":28,"relics_lost":["PreservedInsect"],"gold_loss":0},{"damage_healed":0,"gold_gain":0,"player_choice":"Ignored","damage_taken":0,"max_hp_gain":0,"max_hp_loss":0,"event_name":"Ghosts","floor":31,"gold_loss":0},{"cards_removed":["Strike_R"],"damage_healed":0,"gold_gain":0,"player_choice":"Removed Attack","damage_taken":0,"max_hp_gain":0,"max_hp_loss":0,"event_name":"Falling","floor":36,"gold_loss":0},{"damage_healed":0,"gold_gain":0,"player_choice":"Forge","damage_taken":0,"max_hp_gain":0,"max_hp_loss":0,"event_name":"Accursed Blacksmith","floor":37,"gold_loss":0,"cards_upgraded":["Whirlwind"]},{"damage_healed":0,"gold_gain":0,"player_choice":"Ignored","damage_taken":0,"max_hp_gain":0,"max_hp_loss":0,"event_name":"Tomb of Lord Red Mask","floor":47,"gold_loss":0}],"is_beta":false,"boss_relics":[{"not_picked":["Runic Dome","Cursed Key"],"picked":"Sozu"},{"not_picked":["Eternal Feather","Lizard Tail"],"picked":"Velvet Choker"}],"items_purged_floors":[46,48],"is_endless":false,"potions_floor_spawned":[5,11,16,21,29,33,39,41,42],"ascension_level":0}