{"gold_per_floor":[117,50,125,125,144,144,174,185,185,185,185,185,197,229,229,325,325,336,356,44,44,63,63,76,102,128,128,144,144,156,168,168,168],"floor_reached":33,"playtime":3991,"items_purged":[],"score":468,"play_id":"55f2106d-0329-42cb-97dd-c1c4e7a2409d","local_time":"20190212132727","is_ascension_mode":true,"campfire_choices":[{"data":"Footwork","floor":6.0,"key":"SMITH"},{"data":"Neutralize","floor":10.0,"key":"SMITH"},{"data":"Caltrops","floor":12.0,"key":"SMITH"},{"data":"Dagger Throw","floor":15.0,"key":"SMITH"},{"data":"Cloak And Dagger","floor":23.0,"key":"SMITH"},{"floor":27.0,"key":"REST"},{"data":"Acrobatics","floor":32.0,"key":"SMITH"}],"neow_cost":"NONE","seed_source_timestamp":842258444512729,"circlet_count":0,"master_deck":["AscendersBane","Defend_G","Defend_G","Defend_G+1","Defend_G","Defend_G","Strike_G","Strike_G","Strike_G","Strike_G+1","Strike_G","Survivor","Neutralize+1","Poisoned Stab","Footwork+1","Dodge and Roll","PiercingWail","Caltrops+1","Backflip","Dagger Throw+1","Bullet Time","Cloak And Dagger+1","Tactician","Blur","Acrobatics+1","PiercingWail","Writhe"],"special_seed":0,"relics":["Ring of the Snake","NeowsBlessing","Pantograph","Bag of Marbles","Tough Bandages","Peace Pipe","Sozu","Matryoshka","Sundial","Snake Skull","Centennial Puzzle","PreservedInsect"],"potions_floor_usage":[],"damage_taken":[{"damage":0.0,"enemies":"Cultist","floor":1.0,"turns":1.0},{"damage":0.0,"enemies":"Small Slimes","floor":5.0,"turns":1.0},{"damage":0.0,"enemies":"Lagavulin","floor":7.0,"turns":1.0},{"damage":0.0,"enemies":"Jaw Worm","floor":8.0,"turns":5.0},{"damage":0.0,"enemies":"Exordium Wildlife","floor":13.0,"turns":8.0},{"damage":11.0,"enemies":"Gremlin Nob","floor":14.0,"turns":5.0},{"damage":40.0,"enemies":"Slime Boss","floor":16.0,"turns":17.0},{"damage":14.0,"enemies":"3 Byrds","floor":18.0,"turns":5.0},{"damage":1.0,"enemies":"Shell Parasite","floor":19.0,"turns":7.0},{"damage":5.0,"enemies":"Shelled Parasite and Fungi","floor":22.0,"turns":9.0},{"damage":0.0,"enemies":"Snake Plant","floor":24.0,"turns":6.0},{"damage":15.0,"enemies":"Book of Stabbing","floor":25.0,"turns":6.0},{"damage":3.0,"enemies":"3 Cultists","floor":28.0,"turns":8.0},{"damage":8.0,"enemies":"Centurion and Healer","floor":30.0,"turns":9.0},{"damage":7.0,"enemies":"Snecko","floor":31.0,"turns":6.0},{"damage":66,"enemies":"Automaton","floor":33,"turns":6}],"seed_played":"-4513220447156144750","potions_obtained":[{"floor":8.0,"key":"FearPotion"},{"floor":13.0,"key":"AttackPotion"},{"floor":14.0,"key":"Block Potion"},{"floor":16.0,"key":"PowerPotion"}],"is_trial":false,"path_per_floor":["M","$","?","?","M","R","E","M","T","R","T","R","M","E","R","B",null,"M","M","$","?","M","R","M","E","T","R","M","?","M","M","R","B"],"character_chosen":"THE_SILENT","items_purchased":["Footwork","Tactician","Matryoshka"],"campfire_rested":1,"item_purchase_floors":[2,20,20],"current_hp_per_floor":[63,63,52,38,38,38,38,38,38,38,38,38,38,27,27,12,56,42,41,41,41,36,36,36,21,21,42,39,39,31,24,24,0],"gold":168,"neow_bonus":"THREE_ENEMY_KILL","is_prod":false,"is_daily":false,"chose_seed":false,"campfire_upgraded":6,"win_rate":0,"timestamp":1550006847,"path_taken":["M","$","?","?","M","R","E","M","T","R","?","R","M","E","R","BOSS","M","M","$","?","M","R","M","E","T","R","?","?","M","M","R","BOSS"],"build_version":"2019-01-23","purchased_purges":0,"victory":false,"max_hp_per_floor":[70,70,70,70,70,70,70,70,70,70,70,70,70,70,70,70,70,70,70,70,70,70,70,70,70,70,70,70,70,70,70,70,70],"card_choices":[{"not_picked":["Acrobatics","Backflip"],"picked":"Poisoned Stab","floor":1.0},{"not_picked":["Prepared","Endless Agony"],"picked":"Dodge and Roll","floor":5.0},{"not_picked":["Outmaneuver","Terror"],"picked":"PiercingWail","floor":7.0},{"not_picked":["Flying Knee","Escape Plan"],"picked":"Caltrops","floor":8.0},{"not_picked":["Night Terror","Blade Dance"],"picked":"Backflip","floor":13.0},{"not_picked":["Eviscerate","Grand Finale"],"picked":"Dagger Throw","floor":14.0},{"not_picked":["Venomology","Night Terror"],"picked":"Bullet Time","floor":16.0},{"not_picked":["Bane","Endless Agony","Quick Slash"],"picked":"SKIP","floor":18.0},{"not_picked":["Catalyst+1","Outmaneuver+1"],"picked":"Cloak And Dagger","floor":19.0},{"not_picked":["Sucker Punch","Tactician"],"picked":"Blur","floor":22.0},{"not_picked":["Bane","Underhanded Strike"],"picked":"Acrobatics","floor":24.0},{"not_picked":["Outmaneuver","Grand Finale"],"picked":"PiercingWail","floor":25.0},{"not_picked":["Choke","Slice+1","Concentrate"],"picked":"SKIP","floor":28.0},{"not_picked":["Outmaneuver+1","Bane+1","Sucker Punch+1"],"picked":"SKIP","floor":30.0},{"not_picked":["Underhanded Strike","Poisoned Stab","Finisher"],"picked":"SKIP","floor":31.0}],"player_experience":382356,"relics_obtained":[{"floor":7.0,"key":"Pantograph"},{"floor":9.0,"key":"Bag of Marbles"},{"floor":11.0,"key":"Tough Bandages"},{"floor":14.0,"key":"Peace Pipe"},{"floor":25.0,"key":"Sundial"},{"floor":26.0,"key":"Snake Skull"},{"floor":26.0,"key":"Centennial Puzzle"}],"event_choices":[{"damage_healed":0.0,"max_hp_gain":0.0,"max_hp_loss":0.0,"gold_gain":75.0,"event_name":"World of Goop","player_choice":"Gather Gold","floor":3.0,"gold_loss":0.0,"damage_taken":11.0},{"damage_healed":0.0,"max_hp_gain":0.0,"max_hp_loss":0.0,"gold_gain":0.0,"event_name":"Shining Light","player_choice":"Entered Light","floor":4.0,"gold_loss":0.0,"damage_taken":14.0,"cards_upgraded":["Defend_G","Strike_G"]},{"damage_healed":0.0,"max_hp_gain":0.0,"max_hp_loss":0.0,"gold_gain":0.0,"event_name":"N\u0027loth","player_choice":"Ignored","floor":21.0,"gold_loss":0.0,"damage_taken":0.0},{"damage_healed":0.0,"max_hp_gain":0.0,"max_hp_loss":0.0,"gold_gain":0.0,"event_name":"The Mausoleum","player_choice":"Opened","floor":29.0,"gold_loss":0.0,"damage_taken":0.0,"relics_obtained":["PreservedInsect"],"cards_obtained":["Writhe"]}],"is_beta":false,"boss_relics":[{"not_picked":["WristBlade","Busted Crown"],"picked":"Sozu"}],"items_purged_floors":[],"is_endless":false,"potions_floor_spawned":[8,13,14,16,19,24,25],"killed_by":"Automaton","ascension_level":11}