{"gold_per_floor":[115,0,0,0,13,13,46,59,83,67,87,87,37,37,37,157,157,181,181,12,26,51,51,69,69,69,69,104,104,117,47,47,170,170,185,60,60,60,81,81,81,2,2,18,18,34,34,55,55,55],"floor_reached":50,"playtime":3595,"items_purged":["Defend_G","Strike_G","Defend_G"],"score":529,"play_id":"36c3a70f-a46e-4d8e-a5b6-09f76e419631","local_time":"20190108222937","is_ascension_mode":true,"campfire_choices":[{"data":"Neutralize","floor":6.0,"key":"SMITH"},{"floor":15.0,"key":"REST"},{"data":"Blade Dance","floor":23.0,"key":"SMITH"},{"data":"Backstab","floor":25.0,"key":"SMITH"},{"floor":27.0,"key":"REST"},{"data":"Accuracy","floor":29.0,"key":"SMITH"},{"floor":32.0,"key":"REST"},{"floor":40.0,"key":"REST"},{"data":"Mayhem","floor":41.0,"key":"SMITH"},{"floor":47.0,"key":"REST"},{"floor":49.0,"key":"REST"}],"neow_cost":"NONE","seed_source_timestamp":0,"circlet_count":0,"master_deck":["Defend_G","Defend_G","Defend_G","Strike_G+1","Strike_G+1","Strike_G","Survivor","Neutralize+1","Backflip","Accuracy+1","Blade Dance+1","PiercingWail","Corpse Explosion","Backstab+1","After Image","Acrobatics","Malaise","Blur","Prepared+1","Well Laid Plans","Backstab","Noxious Fumes","All Out Attack+1","Mayhem+1","Madness","Madness","Infinite Blades","Infinite Blades+1","Reflex+1"],"special_seed":0,"relics":["Ring of the Serpent","Golden Idol","Happy Flower","Orichalcum","Meat on the Bone","WingedGreaves","Dead Branch","Nunchaku","Orrery","Whetstone"],"potions_floor_usage":[50],"damage_taken":[{"damage":0.0,"enemies":"Small Slimes","floor":1.0,"turns":3.0},{"damage":13.0,"enemies":"Jaw Worm","floor":5.0,"turns":5.0},{"damage":31.0,"enemies":"3 Sentries","floor":7.0,"turns":12.0},{"damage":0.0,"enemies":"Cultist","floor":8.0,"turns":3.0},{"damage":3.0,"enemies":"Exordium Thugs","floor":10.0,"turns":4.0},{"damage":5.0,"enemies":"Large Slime","floor":11.0,"turns":5.0},{"damage":16.0,"enemies":"Hexaghost","floor":16.0,"turns":14.0},{"damage":23.0,"enemies":"Spheric Guardian","floor":18.0,"turns":9.0},{"damage":23.0,"enemies":"3 Byrds","floor":21.0,"turns":4.0},{"damage":14.0,"enemies":"3 Cultists","floor":22.0,"turns":4.0},{"damage":9.0,"enemies":"Snecko","floor":24.0,"turns":6.0},{"damage":14.0,"enemies":"Gremlin Leader","floor":28.0,"turns":9.0},{"damage":8.0,"enemies":"Centurion and Healer","floor":30.0,"turns":4.0},{"damage":55.0,"enemies":"Automaton","floor":33.0,"turns":9.0},{"damage":31.0,"enemies":"3 Darklings","floor":35.0,"turns":3.0},{"damage":4.0,"enemies":"3 Shapes","floor":39.0,"turns":3.0},{"damage":25.0,"enemies":"Sphere and 2 Shapes","floor":44.0,"turns":6.0},{"damage":43.0,"enemies":"Writhing Mass","floor":46.0,"turns":9.0},{"damage":14.0,"enemies":"Maw","floor":48.0,"turns":7.0},{"damage":65,"enemies":"Time Eater","floor":50,"turns":4}],"seed_played":"-533447291715903461","potions_obtained":[{"floor":7.0,"key":"FearPotion"},{"floor":8.0,"key":"SneckoOil"},{"floor":11.0,"key":"Block Potion"},{"floor":21.0,"key":"PowerPotion"},{"floor":28.0,"key":"Dexterity Potion"},{"floor":33.0,"key":"AttackPotion"},{"floor":39.0,"key":"EssenceOfSteel"},{"floor":48.0,"key":"SkillPotion"}],"is_trial":false,"path_per_floor":["M","$","?","?","M","R","E","M","T","M","M","T","?","?","R","B",null,"M","?","$","M","M","R","M","R","T","R","E","R","M","$","R","B",null,"M","$","?","?","M","R","R","$","T","M","?","M","R","M","R","B"],"character_chosen":"THE_SILENT","items_purchased":["Accuracy","Malaise","Well Laid Plans","Infinite Blades"],"campfire_rested":6,"item_purchase_floors":[2,20,31,42],"current_hp_per_floor":[77,77,58,58,45,45,14,14,14,11,6,6,6,6,29,25,77,54,54,54,43,41,41,44,44,44,67,53,53,45,45,68,25,77,46,46,41,31,39,62,62,62,62,49,49,18,41,39,62,0],"gold":55,"neow_bonus":"TEN_PERCENT_HP_BONUS","is_prod":false,"is_daily":false,"chose_seed":false,"campfire_upgraded":5,"win_rate":0,"timestamp":1547015377,"path_taken":["M","$","?","?","M","R","E","M","T","M","M","?","?","?","R","BOSS","M","?","$","M","M","R","M","R","T","R","E","R","M","$","R","BOSS","M","$","?","?","M","R","R","$","T","M","?","M","R","M","R","BOSS"],"build_version":"2019-01-03v4","purchased_purges":3,"victory":false,"max_hp_per_floor":[77,77,77,77,77,77,77,77,77,77,77,77,77,77,77,77,77,77,77,77,77,77,77,77,77,77,77,77,77,77,77,77,77,77,77,77,77,77,77,77,77,77,77,77,77,77,77,77,77,77],"card_choices":[{"not_picked":["Dagger Spray","Dash"],"picked":"Backflip","floor":1.0},{"not_picked":["Poisoned Stab","Flying Knee"],"picked":"Blade Dance","floor":5.0},{"not_picked":["Quick Slash","Outmaneuver"],"picked":"PiercingWail","floor":7.0},{"not_picked":["Catalyst","Bouncing Flask"],"picked":"Corpse Explosion","floor":8.0},{"not_picked":["Sucker Punch","Bane"],"picked":"Backstab","floor":10.0},{"not_picked":["Distraction","Flechettes","Blade Dance"],"picked":"SKIP","floor":11.0},{"not_picked":["A Thousand Cuts","Die Die Die"],"picked":"After Image","floor":16.0},{"not_picked":["Deadly Poison","Dagger Spray"],"picked":"Acrobatics","floor":18.0},{"not_picked":["Sucker Punch","Deadly Poison"],"picked":"Caltrops","floor":21.0},{"not_picked":["Acrobatics","Underhanded Strike","PiercingWail+1"],"picked":"SKIP","floor":22.0},{"not_picked":["Calculated Gamble","Quick Slash+1"],"picked":"Blur","floor":24.0},{"not_picked":["Deflect","Reflex","Bouncing Flask"],"picked":"SKIP","floor":28.0},{"not_picked":["Envenom","Expertise"],"picked":"Prepared+1","floor":30.0},{"not_picked":["Blade Dance","Poisoned Stab"],"picked":"Backstab","floor":34.0},{"not_picked":["Bane+1","Finisher"],"picked":"Noxious Fumes","floor":34.0},{"not_picked":["Dash","Distraction"],"picked":"All Out Attack+1","floor":34.0},{"not_picked":["Deadly Poison+1","Quick Slash","Grand Finale"],"picked":"SKIP","floor":35.0},{"not_picked":["Magnetism","Deep Breath"],"picked":"Mayhem","floor":37.0},{"not_picked":["Dodge and Roll+1","Acrobatics","Finisher+1"],"picked":"SKIP","floor":39.0},{"not_picked":["Choke","Flying Knee+1"],"picked":"Infinite Blades+1","floor":44.0},{"not_picked":["Outmaneuver","Acrobatics+1"],"picked":"Reflex+1","floor":46.0},{"not_picked":["Prepared+1","Dagger Spray","Blur"],"picked":"SKIP","floor":48.0}],"player_experience":174363,"relics_obtained":[{"floor":7.0,"key":"Happy Flower"},{"floor":9.0,"key":"Orichalcum"},{"floor":12.0,"key":"Meat on the Bone"},{"floor":26.0,"key":"Dead Branch"},{"floor":28.0,"key":"Nunchaku"},{"floor":43.0,"key":"Whetstone"}],"event_choices":[{"damage_healed":0.0,"max_hp_gain":0.0,"max_hp_loss":0.0,"gold_gain":0.0,"event_name":"Golden Idol","player_choice":"Take Damage","floor":3.0,"gold_loss":0.0,"damage_taken":19.0,"relics_obtained":["Golden Idol"]},{"damage_healed":0.0,"max_hp_gain":0.0,"max_hp_loss":0.0,"gold_gain":0.0,"event_name":"Liars Game","player_choice":"Ignored","floor":4.0,"gold_loss":0.0,"damage_taken":0.0},{"cards_removed":["Strike_G"],"damage_healed":0.0,"max_hp_gain":0.0,"max_hp_loss":0.0,"gold_gain":0.0,"event_name":"The Cleric","player_choice":"Card Removal","floor":13.0,"gold_loss":50.0,"damage_taken":0.0},{"damage_healed":0.0,"max_hp_gain":0.0,"max_hp_loss":0.0,"gold_gain":0.0,"event_name":"WeMeetAgain","player_choice":"Gave Potion","floor":14.0,"gold_loss":0.0,"damage_taken":0.0,"relics_obtained":["WingedGreaves"]},{"damage_healed":0.0,"max_hp_gain":0.0,"max_hp_loss":0.0,"gold_gain":0.0,"event_name":"N\u0027loth","player_choice":"Ignored","floor":19.0,"gold_loss":0.0,"damage_taken":0.0},{"damage_healed":0.0,"max_hp_gain":0.0,"max_hp_loss":0.0,"gold_gain":0.0,"event_name":"SensoryStone","player_choice":"Memory 2","floor":37.0,"gold_loss":0.0,"damage_taken":5.0},{"damage_healed":0.0,"max_hp_gain":0.0,"max_hp_loss":0.0,"gold_gain":0.0,"event_name":"Winding Halls","player_choice":"Embrace Madness","floor":38.0,"gold_loss":0.0,"damage_taken":10.0,"cards_obtained":["Madness","Madness"]},{"cards_removed":["Caltrops"],"damage_healed":0.0,"max_hp_gain":0.0,"max_hp_loss":0.0,"gold_gain":0.0,"event_name":"Falling","player_choice":"Removed Power","floor":45.0,"gold_loss":0.0,"damage_taken":0.0}],"is_beta":false,"boss_relics":[{"not_picked":["HoveringKite","Tiny House"],"picked":"Ring of the Serpent"},{"not_picked":["Snecko Eye","Black Star"],"picked":"Orrery"}],"items_purged_floors":[2,20,36],"is_endless":false,"potions_floor_spawned":[7,8,11,21,28,30,33,39,48],"killed_by":"Time Eater","ascension_level":3}