{"gold_per_floor":[115,135,85,96,109,137,90,125,125,24,24,38,98,108,108,210,210,222,235,13,28,43,72,72,104,104,117,132,149,159,185,185,284,284,302,322,336,349,349],"floor_reached":39,"playtime":3074,"items_purged":[],"score":486,"play_id":"d89ab0c8-f735-4cbe-b153-3867c36fd427","local_time":"20180804225802","is_ascension_mode":false,"campfire_choices":[{"data":"Darkness","floor":15,"key":"SMITH"},{"data":"Defragment","floor":24,"key":"SMITH"},{"data":"Electrodynamics","floor":32,"key":"SMITH"}],"neow_cost":"NONE","seed_source_timestamp":304180972499158,"circlet_count":0,"master_deck":["Strike_B","Strike_B","Strike_B","Defend_B","Defend_B","Defend_B+1","Zap+1","Dualcast","White Noise","Chill","Gash","Sunder","Turbo","Capacitor","Glacier","Defragment+1","Conserve Battery","Go for the Eyes","Darkness+1","Multi-Cast","Rainbow","Cold Snap","Ball Lightning","Blizzard","Sunder+1","Tempest+1","BootSequence","Cold Snap","Chill","Gash","Machine Learning","Coolheaded","Electrodynamics+1","Loop+1","Reprogram+1","All For One+1","Chaos+1","White Noise+1"],"relics":["Cracked Core","Ancient Tea Set","War Paint","Pantograph","Mercury Hourglass","Calipers","Orrery","DataDisk","Gremlin Horn","Singing Bowl","Molten Egg 2","Question Card","Inserter"],"potions_floor_usage":[13,13,19,23,28,33,33],"damage_taken":[{"damage":0,"enemies":"2 Louse","floor":1,"turns":3},{"damage":4,"enemies":"Jaw Worm","floor":2,"turns":4},{"damage":0,"enemies":"Small Slimes","floor":4,"turns":3},{"damage":10,"enemies":"Blue Slaver","floor":5,"turns":3},{"damage":32,"enemies":"Gremlin Nob","floor":6,"turns":4},{"damage":16,"enemies":"3 Sentries","floor":8,"turns":7},{"damage":0,"enemies":"Large Slime","floor":12,"turns":5},{"damage":0,"enemies":"Lagavulin Event","floor":13,"turns":6},{"damage":0,"enemies":"2 Fungi Beasts","floor":14,"turns":4},{"damage":24,"enemies":"The Guardian","floor":16,"turns":9},{"damage":3,"enemies":"Chosen","floor":18,"turns":5},{"damage":13,"enemies":"3 Byrds","floor":19,"turns":3},{"damage":7,"enemies":"Centurion and Healer","floor":21,"turns":6},{"damage":4,"enemies":"Sentry and Sphere","floor":22,"turns":5},{"damage":13,"enemies":"Book of Stabbing","floor":23,"turns":8},{"damage":7,"enemies":"Slavers","floor":25,"turns":4},{"damage":9,"enemies":"3 Cultists","floor":27,"turns":4},{"damage":0,"enemies":"Cultist and Chosen","floor":28,"turns":7},{"damage":0,"enemies":"Chosen and Byrds","floor":29,"turns":4},{"damage":12,"enemies":"Snake Plant","floor":30,"turns":4},{"damage":7,"enemies":"Gremlin Leader","floor":31,"turns":7},{"damage":7,"enemies":"Champ","floor":33,"turns":8},{"damage":0,"enemies":"Flame Bruiser 1 Orb","floor":35,"turns":5},{"damage":12,"enemies":"Orb Walker","floor":36,"turns":4},{"damage":35,"enemies":"Spire Growth","floor":37,"turns":5},{"damage":24,"enemies":"4 Shapes","floor":38,"turns":4},{"damage":10,"enemies":"Sphere and 2 Shapes","floor":39,"turns":2}],"seed_played":"2638979590353956666","potions_obtained":[{"floor":4,"key":"LiquidBronze"},{"floor":5,"key":"Weak Potion"},{"floor":12,"key":"Ancient Potion"},{"floor":13,"key":"FearPotion"},{"floor":14,"key":"AttackPotion"},{"floor":16,"key":"Strength Potion"},{"floor":22,"key":"Regen Potion"},{"floor":27,"key":"Regen Potion"},{"floor":28,"key":"Weak Potion"},{"floor":29,"key":"FocusPotion"},{"floor":37,"key":"Strength Potion"},{"floor":38,"key":"Poison Potion"}],"is_trial":false,"path_per_floor":["M","M","?","M","M","E","?","E","T","$","T","M","?","M","R","B",null,"M","M","$","M","M","E","R","E","T","M","M","M","M","E","R","B",null,"M","M","M","M"],"character_chosen":"DEFECT","items_purchased":["Defragment","Conserve Battery","DataDisk","BootSequence"],"campfire_rested":0,"item_purchase_floors":[10,10,20,20],"current_hp_per_floor":[75,71,71,71,61,29,29,13,13,13,13,13,13,13,13,14,75,72,59,59,59,55,57,57,50,50,43,58,58,46,46,46,64,77,77,67,34,10,0],"gold":349,"neow_bonus":"TRANSFORM_CARD","is_prod":false,"is_daily":false,"chose_seed":false,"campfire_upgraded":3,"win_rate":0,"timestamp":1533445082,"path_taken":["M","M","?","M","M","E","?","E","T","?","?","?","?","M","R","BOSS","M","M","$","M","M","E","R","E","T","M","M","M","M","E","R","BOSS","M","M","M","M","M"],"build_version":"2018-08-02","purchased_purges":0,"victory":false,"max_hp_per_floor":[75,75,75,75,75,75,75,75,75,75,75,75,75,75,75,75,75,75,75,75,75,75,75,75,75,75,77,77,77,77,77,77,77,77,77,79,81,81,81],"card_choices":[{"not_picked":["Go for the Eyes","Self Repair"],"picked":"Chill","floor":1},{"not_picked":["Heatsinks","Go for the Eyes"],"picked":"Gash","floor":2},{"not_picked":["Skim","Darkness"],"picked":"Sunder","floor":4},{"not_picked":["Storm","Sunder"],"picked":"Turbo","floor":5},{"not_picked":["Sunder","Chill"],"picked":"Capacitor","floor":6},{"not_picked":["Barrage","Sweeping Beam"],"picked":"Glacier","floor":8},{"not_picked":["Streamline","Turbo"],"picked":"Go for the Eyes","floor":12},{"not_picked":["Double Energy","Sunder"],"picked":"Darkness","floor":13},{"not_picked":["Steam","Gash"],"picked":"Multi-Cast","floor":14},{"not_picked":["Machine Learning","Buffer"],"picked":"Rainbow","floor":16},{"not_picked":["Ball Lightning","Aggregate"],"picked":"Cold Snap","floor":17},{"not_picked":["Beam Cell","Stack"],"picked":"Ball Lightning","floor":17},{"not_picked":["Stack","Cold Snap"],"picked":"Blizzard","floor":17},{"not_picked":["Hyperbeam","Skim"],"picked":"Sunder+1","floor":18},{"not_picked":["Darkness","Heatsinks"],"picked":"Tempest+1","floor":19},{"not_picked":["Genetic Algorithm","Gash"],"picked":"Cold Snap","floor":21},{"not_picked":["Conserve Battery+1","Undo"],"picked":"Chill","floor":22},{"not_picked":["Leap","Beam Cell"],"picked":"Gash","floor":23},{"not_picked":["Beam Cell","Force Field"],"picked":"Machine Learning","floor":25},{"not_picked":["Skim","Scrape+1","Sweeping Beam+1"],"picked":"Singing Bowl","floor":27},{"not_picked":["Double Energy","Hologram+1"],"picked":"Coolheaded","floor":28},{"not_picked":["Gash+1","Rip and Tear+1"],"picked":"Electrodynamics","floor":29},{"not_picked":["Coolheaded+1","Aggregate"],"picked":"Loop+1","floor":30},{"not_picked":["Fusion","Conserve Battery+1"],"picked":"Reprogram+1","floor":31},{"not_picked":["Core Surge+1","Machine Learning","Multi-Cast"],"picked":"All For One+1","floor":33},{"not_picked":["Rebound+1","Turbo","Sweeping Beam+1"],"picked":"Chaos+1","floor":35},{"not_picked":["FTL+1","Melter+1","Chaos","Ball Lightning+1"],"picked":"Singing Bowl","floor":36},{"not_picked":["Compile Driver+1","Ball Lightning+1","Steam Power","Rebound+1"],"picked":"Singing Bowl","floor":37},{"not_picked":["Sunder+1","Force Field+1","Coolheaded+1"],"picked":"White Noise+1","floor":38}],"player_experience":196529,"relics_obtained":[{"floor":6,"key":"Ancient Tea Set"},{"floor":8,"key":"War Paint"},{"floor":9,"key":"Pantograph"},{"floor":11,"key":"Mercury Hourglass"},{"floor":13,"key":"Calipers"},{"floor":23,"key":"Gremlin Horn"},{"floor":25,"key":"Singing Bowl"},{"floor":26,"key":"Molten Egg 2"},{"floor":31,"key":"Question Card"}],"event_choices":[{"event_name":"The Cleric","player_choice":"Card Removal","floor":3,"damage_taken":0},{"event_name":"World of Goop","player_choice":"Left","floor":7,"damage_taken":0},{"event_name":"Dead Adventurer","player_choice":"Searched \u00272\u0027 times","floor":13,"damage_taken":0}],"is_beta":false,"boss_relics":[{"not_picked":["Eternal Feather","Runic Pyramid"],"picked":"Orrery"},{"not_picked":["Black Star","White Beast Statue"],"picked":"Inserter"}],"items_purged_floors":[],"is_endless":false,"potions_floor_spawned":[4,5,12,13,14,16,18,22,27,28,29,30,37,38],"killed_by":"Sphere and 2 Shapes","ascension_level":0}