{"gold_per_floor":[118,118,132,132,57,57,85,99,152,152,69,97,108,127,127,198,198,216,216,138,152,162,162,190,190,243,260,260,295,315,326,326,404,404,420,434,434,453,453],"floor_reached":39,"playtime":2424,"items_purged":[],"score":1066,"play_id":"e1d35160-9e9d-41d7-bc07-b9479d86e4f9","local_time":"20190411121924","is_ascension_mode":true,"campfire_choices":[{"data":"Well Laid Plans","floor":6.0,"key":"SMITH"},{"data":"Tactician","floor":10.0,"key":"SMITH"},{"data":"Bouncing Flask","floor":15.0,"key":"SMITH"},{"data":"Noxious Fumes","floor":23.0,"key":"SMITH"},{"data":"Footwork","floor":25.0,"key":"SMITH"},{"data":"Poisoned Stab","floor":28.0,"key":"SMITH"},{"floor":32.0,"key":"REST"}],"neow_cost":"NONE","seed_source_timestamp":141423549643800,"circlet_count":0,"master_deck":["AscendersBane","Defend_G","Defend_G","Defend_G","Defend_G","Defend_G","Strike_G","Strike_G","Strike_G","Survivor","Neutralize+1","Acrobatics+1","Well Laid Plans+1","Poisoned Stab+1","Tactician+1","Malaise","Predator","Bouncing Flask+1","Reflex+1","Glass Knife","Footwork+1","Noxious Fumes+1","After Image","Acrobatics","Escape Plan","Crippling Poison","Flechettes","Backflip+1"],"special_seed":0,"relics":["Ring of the Serpent","NeowsBlessing","Anchor","Orichalcum","FossilizedHelix","Vajra","Pen Nib","Black Star","Bag of Marbles"],"potions_floor_usage":[],"damage_taken":[{"damage":0.0,"enemies":"2 Louse","floor":1.0,"turns":1.0},{"damage":0.0,"enemies":"Cultist","floor":3.0,"turns":1.0},{"damage":0.0,"enemies":"Lagavulin","floor":7.0,"turns":1.0},{"damage":0.0,"enemies":"Jaw Worm","floor":8.0,"turns":4.0},{"damage":38.0,"enemies":"3 Sentries","floor":12.0,"turns":12.0},{"damage":0.0,"enemies":"Exordium Thugs","floor":13.0,"turns":5.0},{"damage":0.0,"enemies":"Lots of Slimes","floor":14.0,"turns":2.0},{"damage":0.0,"enemies":"The Guardian","floor":16.0,"turns":10.0},{"damage":6.0,"enemies":"3 Byrds","floor":18.0,"turns":5.0},{"damage":0.0,"enemies":"Shell Parasite","floor":21.0,"turns":5.0},{"damage":0.0,"enemies":"Snecko","floor":22.0,"turns":4.0},{"damage":6.0,"enemies":"Gremlin Leader","floor":24.0,"turns":6.0},{"damage":6.0,"enemies":"Snake Plant","floor":27.0,"turns":4.0},{"damage":0.0,"enemies":"Book of Stabbing","floor":29.0,"turns":5.0},{"damage":16.0,"enemies":"3 Cultists","floor":30.0,"turns":6.0},{"damage":8.0,"enemies":"Cultist and Chosen","floor":31.0,"turns":8.0},{"damage":18.0,"enemies":"Automaton","floor":33.0,"turns":13.0},{"damage":0.0,"enemies":"3 Shapes","floor":35.0,"turns":5.0},{"damage":14.0,"enemies":"3 Darklings","floor":36.0,"turns":9.0},{"damage":13.0,"enemies":"Jaw Worm Horde","floor":38.0,"turns":6.0},{"damage":28,"enemies":"4 Shapes","floor":39,"turns":3}],"seed_played":"-9136233260582899000","potions_obtained":[{"floor":1.0,"key":"Explosive Potion"},{"floor":8.0,"key":"SkillPotion"},{"floor":14.0,"key":"Fire Potion"},{"floor":24.0,"key":"Energy Potion"},{"floor":27.0,"key":"SkillPotion"},{"floor":31.0,"key":"GamblersBrew"},{"floor":36.0,"key":"SkillPotion"},{"floor":38.0,"key":"LiquidBronze"}],"is_trial":false,"path_per_floor":["M","?","M","?","$","R","E","M","T","R","$","E","M","M","R","B",null,"M","?","$","M","M","R","E","R","T","M","R","E","M","M","R","B",null,"M","M","?","M","M"],"character_chosen":"THE_SILENT","items_purchased":["Well Laid Plans","Malaise","Noxious Fumes"],"campfire_rested":1,"item_purchase_floors":[5,11,20],"current_hp_per_floor":[59,59,59,59,59,59,59,59,59,59,59,21,21,21,21,21,55,49,49,49,49,49,49,43,43,43,37,37,37,21,13,32,14,53,53,39,39,26,0],"gold":453,"neow_bonus":"THREE_ENEMY_KILL","is_prod":false,"is_daily":false,"chose_seed":false,"campfire_upgraded":6,"win_rate":0,"timestamp":1555010364,"path_taken":["M","?","?","?","?","R","E","?","T","R","$","E","M","M","R","BOSS","M","?","$","M","M","R","E","R","T","M","R","E","M","M","R","BOSS","M","M","?","?","M"],"build_version":"2019-01-23","purchased_purges":0,"victory":false,"max_hp_per_floor":[66,66,66,66,66,66,66,66,66,66,66,66,66,66,66,66,66,66,66,66,66,66,66,66,66,66,66,66,66,66,66,66,66,66,66,66,66,66,66],"card_choices":[{"not_picked":["Expertise","Slice"],"picked":"Acrobatics","floor":1.0},{"not_picked":["Setup","PiercingWail","Sucker Punch"],"picked":"SKIP","floor":3.0},{"not_picked":["Wraith Form v2","Finisher"],"picked":"Poisoned Stab","floor":7.0},{"not_picked":["Underhanded Strike","Slice"],"picked":"Tactician","floor":8.0},{"not_picked":["Dagger Spray","Underhanded Strike"],"picked":"Predator","floor":12.0},{"not_picked":["Outmaneuver","Deflect","Underhanded Strike"],"picked":"SKIP","floor":13.0},{"not_picked":["A Thousand Cuts","Blur"],"picked":"Bouncing Flask","floor":14.0},{"not_picked":["Die Die Die","Unload"],"picked":"Glass Knife","floor":16.0},{"not_picked":["Well Laid Plans","Underhanded Strike+1"],"picked":"Reflex+1","floor":18.0},{"not_picked":["Dash+1","Poisoned Stab","Dagger Spray"],"picked":"SKIP","floor":21.0},{"not_picked":["Underhanded Strike","Blade Dance","Outmaneuver"],"picked":"SKIP","floor":22.0},{"not_picked":["Skewer","Dagger Throw","Outmaneuver"],"picked":"SKIP","floor":24.0},{"not_picked":["Blade Dance","Cloak And Dagger"],"picked":"After Image","floor":27.0},{"not_picked":["Reflex","Quick Slash"],"picked":"Acrobatics","floor":29.0},{"not_picked":["Quick Slash","Acrobatics"],"picked":"Escape Plan","floor":30.0},{"not_picked":["Dash","Reflex"],"picked":"Crippling Poison","floor":31.0},{"not_picked":["Slice+1","Cloak And Dagger","Flying Knee"],"picked":"SKIP","floor":35.0},{"not_picked":["Dagger Throw","Expertise"],"picked":"Flechettes","floor":36.0},{"not_picked":["Skewer","Poisoned Stab"],"picked":"Backflip+1","floor":38.0}],"player_experience":522488,"relics_obtained":[{"floor":7.0,"key":"Anchor"},{"floor":9.0,"key":"Orichalcum"},{"floor":12.0,"key":"FossilizedHelix"},{"floor":24.0,"key":"Vajra"},{"floor":26.0,"key":"Pen Nib"}],"event_choices":[{"damage_healed":0.0,"max_hp_gain":0.0,"max_hp_loss":0.0,"gold_gain":0.0,"event_name":"Upgrade Shrine","player_choice":"Upgraded","floor":2.0,"gold_loss":0.0,"damage_taken":0.0,"cards_upgraded":["Neutralize"]},{"damage_healed":0.0,"max_hp_gain":0.0,"max_hp_loss":0.0,"gold_gain":0.0,"event_name":"Accursed Blacksmith","player_choice":"Forge","floor":4.0,"gold_loss":0.0,"damage_taken":0.0,"cards_upgraded":["Acrobatics"]},{"damage_healed":0.0,"max_hp_gain":0.0,"max_hp_loss":0.0,"gold_gain":0.0,"cards_transformed":["Strike_G","Strike_G"],"event_name":"Drug Dealer","player_choice":"Became Test Subject","floor":19.0,"gold_loss":0.0,"damage_taken":0.0,"cards_obtained":["Glass Knife","Footwork"]},{"cards_removed":["Glass Knife"],"damage_healed":0.0,"max_hp_gain":0.0,"max_hp_loss":0.0,"gold_gain":0.0,"event_name":"WeMeetAgain","player_choice":"Gave Card","floor":37.0,"gold_loss":0.0,"damage_taken":0.0,"relics_obtained":["Bag of Marbles"]}],"is_beta":false,"boss_relics":[{"not_picked":["Astrolabe","Philosopher\u0027s Stone"],"picked":"Ring of the Serpent"},{"not_picked":["Velvet Choker","Snecko Eye"],"picked":"Black Star"}],"items_purged_floors":[],"is_endless":false,"potions_floor_spawned":[1,8,13,14,16,24,27,31,36,38],"killed_by":"4 Shapes","ascension_level":20}