{"gold_per_floor":[114,19,194,194,204,204,231,231,255,1,1,1,19,29,29,29],"floor_reached":16,"playtime":469,"items_purged":[],"score":157,"play_id":"9446a2d7-4676-4675-bad9-bbf357c88207","local_time":"20190122123453","is_ascension_mode":true,"campfire_choices":[{"data":"True Grit","floor":6,"key":"SMITH"},{"data":"True Grit","floor":8,"key":"SMITH"},{"data":"Bash","floor":12,"key":"SMITH"},{"data":"Perfected Strike","floor":15,"key":"SMITH"}],"neow_cost":"NONE","seed_source_timestamp":82529004985103,"circlet_count":0,"master_deck":["AscendersBane","Strike_R","Strike_R","Strike_R+1","Strike_R","Strike_R","Defend_R","Defend_R+1","Defend_R","Defend_R","Bash+1","Power Through","Pommel Strike","Wild Strike","True Grit+1","Doubt","Cleave","True Grit+1","Shrug It Off","Perfected Strike+1"],"relics":["Burning Blood","Vajra","Omamori","Question Card","Pantograph"],"potions_floor_usage":[7],"damage_taken":[{"damage":1,"enemies":"Cultist","floor":1,"turns":4},{"damage":0,"enemies":"Small Slimes","floor":5,"turns":3},{"damage":22,"enemies":"Lagavulin","floor":7,"turns":8},{"damage":7,"enemies":"Jaw Worm","floor":13,"turns":2},{"damage":0,"enemies":"Blue Slaver","floor":14,"turns":3},{"damage":80,"enemies":"Hexaghost","floor":16,"turns":14}],"seed_played":"3161832919583045961","potions_obtained":[{"floor":1,"key":"SteroidPotion"},{"floor":5,"key":"Poison Potion"}],"is_trial":false,"path_per_floor":["M","$","?","?","M","R","E","R","T","$","T","R","M","M","R","B"],"character_chosen":"IRONCLAD","items_purchased":["Wild Strike","True Grit","Question Card"],"campfire_rested":0,"item_purchase_floors":[2,2,10],"current_hp_per_floor":[77,77,77,61,67,67,51,51,51,51,51,51,50,56,56,0],"gold":29,"neow_bonus":"THREE_CARDS","is_prod":false,"is_daily":false,"chose_seed":false,"campfire_upgraded":4,"win_rate":0,"timestamp":1548185693,"path_taken":["M","$","?","?","M","R","E","R","T","?","?","R","?","M","R","BOSS"],"build_version":"2019-01-17v2","purchased_purges":0,"victory":false,"max_hp_per_floor":[80,80,80,80,80,80,80,80,80,80,80,80,80,80,80,80],"card_choices":[{"not_picked":["Sever Soul","Second Wind"],"picked":"Power Through","floor":0},{"not_picked":["Flex","Dropkick"],"picked":"Pommel Strike","floor":1},{"not_picked":["Combust","Carnage"],"picked":"Cleave","floor":5},{"not_picked":["Sword Boomerang","Pommel Strike"],"picked":"True Grit","floor":7},{"not_picked":["Metallicize","Clash","Armaments"],"picked":"Shrug It Off","floor":13},{"not_picked":["Inflame","Anger","Rupture"],"picked":"Perfected Strike","floor":14}],"player_experience":1270814,"relics_obtained":[{"floor":7,"key":"Vajra"},{"floor":9,"key":"Omamori"},{"floor":11,"key":"Pantograph"}],"event_choices":[{"damage_healed":0,"gold_gain":175,"player_choice":"AGREE","damage_taken":0,"max_hp_gain":0,"max_hp_loss":0,"event_name":"Liars Game","floor":3,"gold_loss":0,"cards_obtained":["Doubt"]},{"damage_healed":0,"gold_gain":0,"player_choice":"Entered Light","damage_taken":16,"max_hp_gain":0,"max_hp_loss":0,"event_name":"Shining Light","floor":4,"gold_loss":0,"cards_upgraded":["Defend_R","Strike_R"]}],"is_beta":false,"boss_relics":[],"items_purged_floors":[],"is_endless":false,"potions_floor_spawned":[1,5],"killed_by":"Hexaghost","ascension_level":12}