{"gold_per_floor":[115,128,138,23,41,41,71,84,84,112,127,143,173,173,173,269,269,286,296,315,315,38,38,64,107,171,183,212,244,285,297,309,419,431,453,480,492,84,99,99,126,172,172,203,203,203,221,251,251,355,355,371,156,156,29,29,29,58,88,133,168,185,215,37,47,47,148,148],"floor_reached":68,"playtime":5558,"items_purged":["Strike_B","Strike_B","Defend_B"],"score":1668,"play_id":"cb607306-19b4-47f7-ab80-e9dee7188cc9","local_time":"20190405231520","daily_mods":["Colorless Cards","DeadlyEvents","Elite Swarm"],"is_ascension_mode":false,"campfire_choices":[{"data":"Defragment","floor":6,"key":"SMITH"},{"data":"Coolheaded","floor":15,"key":"SMITH"},{"data":"Zap","floor":23,"key":"SMITH"},{"data":"Self Repair","floor":27,"key":"SMITH"},{"data":"Seek","floor":32,"key":"SMITH"},{"data":"Creative AI","floor":40,"key":"SMITH"},{"data":"Defend_B","floor":45,"key":"SMITH"},{"data":"Buffer","floor":49,"key":"SMITH"},{"data":"Creative AI","floor":57,"key":"SMITH"},{"data":"Buffer","floor":66,"key":"SMITH"}],"neow_cost":"","seed_source_timestamp":1807170650196015,"circlet_count":0,"master_deck":["Strike_B+1","Strike_B+1","Defend_B+1","Defend_B","Zap+1","Dualcast","Glacier","Doom and Gloom","Self Repair+1","Defragment+1","Compile Driver","Biased Cognition","Compile Driver","Coolheaded+1","Cold Snap","Seek+1","Sweeping Beam","FTL","Good Instincts+1","Biased Cognition","Bandage Up+1","Coolheaded+1","Echo Form","Creative AI+1","Coolheaded","Coolheaded+1","Echo Form","Buffer+1","Creative AI+1","Electrodynamics","Buffer","Buffer+1","Creative AI"],"relics":["FrozenCore","Anchor","Cables","Question Card","Inserter","Darkstone Periapt","Membership Card","Bag of Preparation","MawBank","Red Mask","Whetstone","Happy Flower","Coffee Dripper","Molten Egg 2","Ornamental Fan","MealTicket","Art of War","Pocketwatch","Pear","Thread and Needle","Shuriken","Bird Faced Urn","Prayer Wheel","Mummified Hand","NlothsMask","Turnip","Medical Kit","Lantern"],"potions_floor_usage":[10,24,24,25,30,44,44],"damage_taken":[{"damage":0,"enemies":"2 Louse","floor":1,"turns":2},{"damage":2,"enemies":"Small Slimes","floor":2,"turns":5},{"damage":0,"enemies":"Jaw Worm","floor":3,"turns":4},{"damage":2,"enemies":"2 Fungi Beasts","floor":5,"turns":5},{"damage":15,"enemies":"Gremlin Nob","floor":7,"turns":4},{"damage":0,"enemies":"Looter","floor":8,"turns":4},{"damage":10,"enemies":"3 Sentries","floor":10,"turns":8},{"damage":0,"enemies":"Exordium Thugs","floor":11,"turns":3},{"damage":0,"enemies":"3 Louse","floor":12,"turns":3},{"damage":0,"enemies":"Lagavulin","floor":13,"turns":6},{"damage":35,"enemies":"Hexaghost","floor":16,"turns":9},{"damage":0,"enemies":"Spheric Guardian","floor":18,"turns":4},{"damage":23,"enemies":"3 Byrds","floor":19,"turns":6},{"damage":24,"enemies":"3 Cultists","floor":20,"turns":5},{"damage":49,"enemies":"Gremlin Leader","floor":24,"turns":9},{"damage":13,"enemies":"Masked Bandits","floor":25,"turns":4},{"damage":4,"enemies":"Snake Plant","floor":28,"turns":5},{"damage":0,"enemies":"Snecko","floor":29,"turns":6},{"damage":1,"enemies":"Book of Stabbing","floor":30,"turns":6},{"damage":25,"enemies":"Champ","floor":33,"turns":11},{"damage":27,"enemies":"3 Darklings","floor":35,"turns":9},{"damage":0,"enemies":"3 Shapes","floor":36,"turns":4},{"damage":34,"enemies":"Jaw Worm Horde","floor":39,"turns":19},{"damage":30,"enemies":"Nemesis","floor":41,"turns":20},{"damage":53,"enemies":"2 Orb Walkers","floor":42,"turns":5},{"damage":7,"enemies":"Reptomancer","floor":44,"turns":7},{"damage":0,"enemies":"Transient","floor":47,"turns":5},{"damage":0,"enemies":"Giant Head","floor":48,"turns":10},{"damage":40,"enemies":"Awakened One","floor":50,"turns":13},{"damage":0,"enemies":"Small Slimes","floor":52,"turns":3},{"damage":0,"enemies":"Lagavulin","floor":58,"turns":9},{"damage":0,"enemies":"Gremlin Nob","floor":61,"turns":3},{"damage":0,"enemies":"2 Louse","floor":62,"turns":4},{"damage":0,"enemies":"Lagavulin","floor":63,"turns":6},{"damage":0,"enemies":"Cultist","floor":65,"turns":2},{"damage":0,"enemies":"The Guardian","floor":67,"turns":8}],"seed_played":"7728754602699516220","potions_obtained":[{"floor":3,"key":"EssenceOfSteel"},{"floor":5,"key":"Strength Potion"},{"floor":7,"key":"Dexterity Potion"},{"floor":11,"key":"Regen Potion"},{"floor":16,"key":"FocusPotion"},{"floor":24,"key":"Regen Potion"},{"floor":36,"key":"GamblersBrew"},{"floor":41,"key":"Energy Potion"},{"floor":47,"key":"SpeedPotion"},{"floor":48,"key":"Block Potion"},{"floor":62,"key":"SkillPotion"}],"is_trial":true,"path_per_floor":["?","?","?","M","?","?","M","?","T","E","?","?","E","?","E"],"character_chosen":"DEFECT","items_purchased":["Defragment","Membership Card","Bag of Preparation","Molten Egg 2","Coolheaded","Ornamental Fan","MealTicket","Prayer Wheel","Mummified Hand","Medical Kit","Lantern"],"campfire_rested":0,"item_purchase_floors":[4,22,22,38,38,38,38,53,55,64,64],"current_hp_per_floor":[75,73,73,73,75,75,67,74,74,71,75,75,75,80,80,52,80,80,64,47,47,47,47,20,26,26,26,38,54,69,69,69,60,80,79,80,80,80,66,66,62,15,25,34,34,34,50,66,66,90,90,90,90,90,90,90,90,90,90,90,90,90,90,90,90,90,90,90],"gold":148,"neow_bonus":"","is_prod":false,"is_daily":false,"chose_seed":false,"campfire_upgraded":10,"win_rate":0,"timestamp":1554520520,"path_taken":["M","M","M","$","M","R","E","M","T","E","M","M","E","?","R","BOSS","M","M","M","?","$","R","E","?","T","R","?","M","E","?","R","BOSS","M","M","?","$","?","R","E","?","T","E","R","?","M","?","R","BOSS","M","$","?","$","?","R","?","?","T","?","M","E","$","M","R","BOSS"],"build_version":"2019-01-23","purchased_purges":3,"victory":false,"max_hp_per_floor":[75,75,75,75,75,75,75,75,75,75,75,75,75,80,80,80,80,80,80,80,80,80,80,80,80,80,80,80,80,80,80,80,80,80,80,80,80,80,80,80,80,80,90,90,90,90,90,90,90,90,90,90,90,90,90,90,90,90,90,90,90,90,90,90,90,90,90,90],"card_choices":[{"not_picked":["Turbo","Conserve Battery"],"picked":"Glacier","floor":1},{"not_picked":["Reinforced Body","Streamline"],"picked":"Doom and Gloom","floor":2},{"not_picked":["Blizzard","Barrage"],"picked":"Self Repair","floor":3},{"not_picked":["Stack","Gash"],"picked":"Compile Driver","floor":5},{"not_picked":["Metamorphosis","Secret Technique"],"picked":"Biased Cognition","floor":7},{"not_picked":["Steam","Gash"],"picked":"Compile Driver","floor":8},{"not_picked":["Panache","Meteor Strike","Mayhem"],"picked":"SKIP","floor":10},{"not_picked":["Gash","Tempest"],"picked":"Coolheaded","floor":11},{"not_picked":["Rebound","Ball Lightning"],"picked":"Cold Snap","floor":12},{"not_picked":["Secret Weapon","Thunder Strike","Core Surge"],"picked":"SKIP","floor":13},{"not_picked":["Reboot","Multi-Cast","HandOfGreed"],"picked":"Seek","floor":16},{"not_picked":["Steam","Cold Snap","Gash"],"picked":"Sweeping Beam","floor":18},{"not_picked":["Double Energy","Cold Snap+1","Tempest"],"picked":"FTL","floor":19},{"not_picked":["Reinforced Body","Sweeping Beam","Go for the Eyes"],"picked":"Good Instincts+1","floor":20},{"not_picked":["Metamorphosis","Core Surge","Meteor Strike"],"picked":"Biased Cognition","floor":24},{"not_picked":["Go for the Eyes","Sunder","Leap"],"picked":"Bandage Up+1","floor":25},{"not_picked":["Storm","Finesse","Compile Driver","Steam"],"picked":"SKIP","floor":28},{"not_picked":["Chill","Dramatic Entrance","Dark Shackles"],"picked":"Coolheaded+1","floor":29},{"not_picked":["Metamorphosis","The Bomb","Seek"],"picked":"Echo Form","floor":30},{"not_picked":["Steam+1","Ball Lightning+1","Stack+1","Redo+1"],"picked":"SKIP","floor":35},{"not_picked":["Conserve Battery","Ball Lightning+1","Redo+1","Aggregate"],"picked":"SKIP","floor":36},{"not_picked":["Compile Driver+1","Streamline+1","Redo","Trip+1"],"picked":"SKIP","floor":39},{"not_picked":["Apotheosis","Sadistic Nature","Rainbow","Mayhem"],"picked":"SKIP","floor":41},{"not_picked":["Barrage+1","Finesse+1","Swift Strike+1"],"picked":"Coolheaded+1","floor":42},{"not_picked":["Chrysalis","Rainbow","Creative AI"],"picked":"Echo Form","floor":44},{"not_picked":["Turbo","Barrage+1","Redo","Cold Snap+1"],"picked":"SKIP","floor":47},{"not_picked":["Chrysalis","Fission","Secret Technique"],"picked":"Buffer","floor":48},{"not_picked":["Secret Weapon","Seek","Core Surge+1"],"picked":"Creative AI","floor":50},{"not_picked":["Hologram","Go for the Eyes+1","Swift Strike+1","Streamline+1"],"picked":"SKIP","floor":52},{"not_picked":["Hologram","Go for the Eyes+1","Swift Strike+1","Streamline+1"],"picked":"SKIP","floor":52},{"not_picked":["Seek","Multi-Cast","Magnetism"],"picked":"Electrodynamics","floor":58},{"not_picked":["Hyperbeam+1","Multi-Cast","Metamorphosis"],"picked":"Buffer","floor":61},{"not_picked":["Cold Snap+1","Dramatic Entrance+1","Rebound+1","Compile Driver+1"],"picked":"SKIP","floor":62},{"not_picked":["Scrape+1","Skim","Steam","Melter+1"],"picked":"SKIP","floor":62},{"not_picked":["Multi-Cast","Hyperbeam+1","Master of Strategy"],"picked":"Buffer","floor":63},{"not_picked":["Leap","Rip and Tear+1","Hologram","Cold Snap+1"],"picked":"SKIP","floor":65},{"not_picked":["Capacitor","Glacier","Compile Driver+1","Doom and Gloom+1"],"picked":"SKIP","floor":65},{"not_picked":["Thinking Ahead","Seek","Machine Learning"],"picked":"Creative AI","floor":67}],"player_experience":1536493,"relics_obtained":[{"floor":7,"key":"Anchor"},{"floor":9,"key":"Cables"},{"floor":13,"key":"Question Card"},{"floor":24,"key":"MawBank"},{"floor":25,"key":"Red Mask"},{"floor":26,"key":"Whetstone"},{"floor":30,"key":"Happy Flower"},{"floor":41,"key":"Art of War"},{"floor":42,"key":"Pocketwatch"},{"floor":43,"key":"Pear"},{"floor":44,"key":"Thread and Needle"},{"floor":46,"key":"Shuriken"},{"floor":48,"key":"Bird Faced Urn"}],"event_choices":[{"damage_healed":0,"gold_gain":0,"player_choice":"Donut","damage_taken":0,"max_hp_gain":5,"max_hp_loss":0,"event_name":"Big Fish","floor":14,"gold_loss":0},{"damage_healed":0,"gold_gain":0,"player_choice":"Opened","damage_taken":0,"relics_obtained":["Darkstone Periapt"],"max_hp_gain":0,"max_hp_loss":0,"event_name":"The Mausoleum","floor":21,"gold_loss":0},{"damage_healed":0,"gold_gain":0,"player_choice":"Fought Bandits","damage_taken":0,"max_hp_gain":0,"max_hp_loss":0,"event_name":"Masked Bandits","floor":25,"gold_loss":0},{"damage_healed":0,"gold_gain":0,"player_choice":"Ignored","damage_taken":0,"max_hp_gain":0,"max_hp_loss":0,"event_name":"Ghosts","floor":31,"gold_loss":0},{"damage_healed":0,"gold_gain":0,"player_choice":"1 cards matched","damage_taken":0,"max_hp_gain":0,"max_hp_loss":0,"event_name":"Match and Keep!","floor":37,"gold_loss":0,"cards_obtained":["Creative AI"]},{"damage_healed":0,"gold_gain":0,"player_choice":"Fight","damage_taken":0,"max_hp_gain":0,"max_hp_loss":0,"event_name":"Mysterious Sphere","floor":42,"gold_loss":0},{"cards_removed":["Defend_B"],"damage_healed":0,"gold_gain":0,"player_choice":"Forget","damage_taken":0,"max_hp_gain":0,"max_hp_loss":0,"event_name":"Living Wall","floor":54,"gold_loss":0},{"damage_healed":0,"gold_gain":0,"player_choice":"Trade","damage_taken":0,"relics_obtained":["NlothsMask"],"max_hp_gain":0,"max_hp_loss":0,"event_name":"FaceTrader","floor":56,"gold_loss":0},{"damage_healed":0,"gold_gain":30,"player_choice":"Searched \u00272\u0027 times","damage_taken":0,"relics_obtained":["Turnip"],"max_hp_gain":0,"max_hp_loss":0,"event_name":"Dead Adventurer","floor":59,"gold_loss":0}],"is_beta":false,"boss_relics":[{"not_picked":["Ectoplasm","Velvet Choker"],"picked":"Inserter"},{"not_picked":["White Beast Statue","Snecko Eye"],"picked":"Coffee Dripper"},{"not_picked":["Lizard Tail","Orrery"],"picked":"FrozenCore"},{"not_picked":["VoidEssence"],"picked":"Accursed"}],"items_purged_floors":[4,38,53],"is_endless":true,"potions_floor_spawned":[3,5,7,11,13,16,19,20,24,36,41,47,48,62,63,67],"ascension_level":0}