{"gold_per_floor":[113,124,124,48,61,61,85,85,109,59,5,30,53,92,92,218,281,304,304,304,329,127,127,152,152,152,188,203,203,227,251,251,251],"floor_reached":33,"playtime":956,"items_purged":[],"score":267,"play_id":"6104cd99-c049-4031-b0aa-dd7bca142881","local_time":"20190201135308","is_ascension_mode":false,"campfire_choices":[{"data":"Pommel Strike","floor":6,"key":"SMITH"},{"data":"Perfected Strike","floor":15,"key":"SMITH"},{"data":"1","floor":23,"key":"LIFT"},{"data":"2","floor":25,"key":"LIFT"},{"floor":29,"key":"REST"},{"floor":32,"key":"REST"}],"neow_cost":"NONE","seed_source_timestamp":264672461491333,"circlet_count":0,"master_deck":["Strike_R+1","Strike_R","Strike_R","Strike_R+1","Strike_R","Defend_R","Defend_R","Defend_R","Bash","Thunderclap+1","Injury","Pommel Strike+1","True Grit","Pommel Strike","Shrug It Off","True Grit","Perfected Strike+1","Iron Wave","True Grit","Thunderclap+1","RitualDagger","Cleave+1","Heavy Blade","Cleave","Wild Strike","Perfected Strike","Armaments","Wild Strike+1"],"relics":["Burning Blood","Golden Idol","Dream Catcher","Whetstone","Girya","Tiny House","MutagenicStrength","Red Skull","Happy Flower","Shovel","Pocketwatch"],"potions_floor_usage":[16,16,27,27,31,33,33],"damage_taken":[{"damage":5,"enemies":"Jaw Worm","floor":1,"turns":4},{"damage":9,"enemies":"2 Louse","floor":2,"turns":3},{"damage":5,"enemies":"Small Slimes","floor":5,"turns":3},{"damage":15,"enemies":"Exordium Wildlife","floor":7,"turns":4},{"damage":5,"enemies":"3 Louse","floor":12,"turns":3},{"damage":7,"enemies":"Blue Slaver","floor":13,"turns":4},{"damage":14,"enemies":"Gremlin Nob","floor":14,"turns":3},{"damage":47,"enemies":"The Guardian","floor":16,"turns":13},{"damage":18,"enemies":"3 Byrds","floor":18,"turns":7},{"damage":32,"enemies":"Shell Parasite","floor":21,"turns":8},{"damage":22,"enemies":"Book of Stabbing","floor":27,"turns":4},{"damage":0,"enemies":"Snake Plant","floor":28,"turns":2},{"damage":12,"enemies":"Centurion and Healer","floor":30,"turns":5},{"damage":13,"enemies":"Shelled Parasite and Fungi","floor":31,"turns":2},{"damage":88,"enemies":"Champ","floor":33,"turns":12}],"seed_played":"6565726590596260101","potions_obtained":[{"floor":2,"key":"Fire Potion"},{"floor":5,"key":"Weak Potion"},{"floor":16,"key":"Explosive Potion"},{"floor":17,"key":"AttackPotion"},{"floor":28,"key":"Regen Potion"},{"floor":30,"key":"Dexterity Potion"},{"floor":31,"key":"LiquidBronze"}],"is_trial":false,"path_per_floor":["M","M","?","$","M","R","M","?","T","?","$","M","M","E","R","B",null,"M","?","?","M","$","R","T","R","T","E","M","R","M","M","R","B"],"character_chosen":"IRONCLAD","items_purchased":["Pommel Strike","True Grit","Shrug It Off","Red Skull","Heavy Blade"],"campfire_rested":2,"item_purchase_floors":[4,4,11,22,22],"current_hp_per_floor":[80,77,77,77,78,78,69,69,69,69,69,70,69,61,61,20,85,73,67,67,41,41,41,41,41,41,25,31,56,50,48,73,0],"gold":251,"neow_bonus":"REMOVE_CARD","is_prod":false,"is_daily":false,"chose_seed":false,"campfire_upgraded":2,"win_rate":0,"timestamp":1549054388,"path_taken":["M","M","?","?","M","R","M","?","T","?","$","M","?","E","R","BOSS","M","?","?","M","$","R","?","R","T","E","M","R","M","M","R","BOSS"],"build_version":"2019-01-23","purchased_purges":0,"victory":false,"max_hp_per_floor":[80,80,80,80,80,80,80,80,80,80,80,80,80,80,80,80,85,85,85,85,85,85,85,85,85,85,85,85,85,85,85,85,85],"card_choices":[{"not_picked":["Armaments","Headbutt"],"picked":"Thunderclap","floor":1},{"not_picked":["Clash","Headbutt","Feel No Pain"],"picked":"SKIP","floor":2},{"not_picked":["Heavy Blade","Warcry","Clash"],"picked":"SKIP","floor":5},{"not_picked":["Blood for Blood","Clothesline"],"picked":"Pommel Strike","floor":7},{"not_picked":["Metallicize","Sword Boomerang"],"picked":"True Grit","floor":12},{"not_picked":["Clash","True Grit"],"picked":"Perfected Strike","floor":13},{"not_picked":["Havoc","Battle Trance"],"picked":"Iron Wave","floor":14},{"not_picked":["Warcry","Heavy Blade"],"picked":"True Grit","floor":17},{"not_picked":["Flex+1","Headbutt"],"picked":"Thunderclap+1","floor":18},{"not_picked":["Headbutt","Warcry"],"picked":"Cleave+1","floor":21},{"not_picked":["Havoc","Inflame"],"picked":"Cleave","floor":27},{"not_picked":["Perfected Strike","Second Wind"],"picked":"Wild Strike","floor":28},{"not_picked":["Clash+1","Dropkick"],"picked":"Perfected Strike","floor":29},{"not_picked":["Seeing Red+1","Rage+1"],"picked":"Armaments","floor":30},{"not_picked":["Immolate","Body Slam"],"picked":"Wild Strike+1","floor":31}],"player_experience":1359030,"relics_obtained":[{"floor":9,"key":"Whetstone"},{"floor":14,"key":"Girya"},{"floor":24,"key":"Happy Flower"},{"floor":26,"key":"Shovel"},{"floor":27,"key":"Pocketwatch"}],"event_choices":[{"damage_healed":0,"gold_gain":0,"player_choice":"Take Wound","damage_taken":0,"relics_obtained":["Golden Idol"],"max_hp_gain":0,"max_hp_loss":0,"event_name":"Golden Idol","floor":3,"gold_loss":0,"cards_obtained":["Injury"]},{"damage_healed":0,"gold_gain":0,"player_choice":"Box","damage_taken":0,"relics_obtained":["Dream Catcher"],"max_hp_gain":0,"max_hp_loss":0,"event_name":"Big Fish","floor":8,"gold_loss":0,"cards_obtained":["Regret"]},{"cards_removed":["Regret"],"damage_healed":0,"gold_gain":0,"player_choice":"Card Removal","damage_taken":0,"max_hp_gain":0,"max_hp_loss":0,"event_name":"The Cleric","floor":10,"gold_loss":50},{"damage_healed":0,"gold_gain":0,"player_choice":"Joined the Cult","damage_taken":6,"max_hp_gain":0,"max_hp_loss":0,"event_name":"Nest","floor":19,"gold_loss":0,"cards_obtained":["RitualDagger"]},{"damage_healed":0,"gold_gain":0,"player_choice":"Inject Mutagens","damage_taken":0,"relics_obtained":["MutagenicStrength"],"max_hp_gain":0,"max_hp_loss":0,"event_name":"Drug Dealer","floor":20,"gold_loss":0}],"is_beta":false,"boss_relics":[{"not_picked":["Busted Crown","Pandora\u0027s Box"],"picked":"Tiny House"}],"items_purged_floors":[],"is_endless":false,"potions_floor_spawned":[2,5,16,28,30,31],"killed_by":"Champ","ascension_level":0}