{"gold_per_floor":[129,129,129,164,199,249,249,284,359,359,389,389,389,424,424,524,524,539,50,50,65,80,130,165,165,165,165,200,200,215,230,230,330,330,345,1344,1384,1399,1434,1464,1479,1479,1504,1504,526,541,556,586,586,586],"floor_reached":51,"playtime":2392,"items_purged":[],"score":1066,"play_id":"58ad2867-9b54-443c-90e9-f2a0874d0079","local_time":"20180925095651","daily_mods":["Allstar","Cursed Run","Terminal"],"is_ascension_mode":false,"campfire_choices":[{"data":"Magnetism","floor":10,"key":"SMITH"},{"data":"True Grit","floor":12,"key":"SMITH"},{"data":"Uppercut","floor":15,"key":"SMITH"},{"data":"Power Through","floor":25,"key":"SMITH"},{"data":"Reaper","floor":27,"key":"SMITH"},{"data":"Second Wind","floor":32,"key":"SMITH"},{"data":"Dramatic Entrance","floor":49,"key":"SMITH"}],"neow_cost":"","seed_source_timestamp":0,"circlet_count":0,"master_deck":["Strike_R+1","Strike_R+1","Defend_R+1","Defend_R+1","Defend_R+1","Defend_R+1","Bash","HandOfGreed+1","Dramatic Entrance","Magnetism+1","Forethought+1","Master of Strategy","Iron Wave","Pain","Power Through+1","Flex","Clothesline","Heavy Blade","Regret","True Grit+1","Uppercut+1","Decay","Reaper+1","Sever Soul","Pummel","Shrug It Off","True Grit","Shrug It Off+1","Sword Boomerang","Heavy Blade+1","Flex","Normality","Metallicize+1","RitualDagger","Cleave+1","Second Wind+1","Decay","Demon Form+1","Anger+1","Blood for Blood+1","Hemokinesis+1","True Grit+1","Normality","Normality","Second Wind+1","Body Slam+1","Shockwave+1","Wild Strike+1","Writhe","Parasite","Normality","Perfected Strike","True Grit+1","Dramatic Entrance+1","Disarm","Clothesline","Violence","Armaments+1","Heavy Blade+1","Flame Barrier+1","Parasite"],"special_seed":17799,"relics":["Cursed Key","Darkstone Periapt","Du-Vu Doll","WarpedTongs","Strawberry","Gremlin Horn","Turnip","Bird Faced Urn","Mark of Pain","Shuriken","Frozen Egg 2","Bottled Flame","Astrolabe","Dead Branch","Lantern","Centennial Puzzle","Torii","Ginger","War Paint","Matryoshka"],"potions_floor_usage":[11,19,30,31,33,33,50,50],"damage_taken":[{"damage":0,"enemies":"Jaw Worm","floor":1,"turns":3},{"damage":0,"enemies":"Small Slimes","floor":4,"turns":2},{"damage":1,"enemies":"2 Louse","floor":5,"turns":2},{"damage":13,"enemies":"Lagavulin","floor":6,"turns":5},{"damage":3,"enemies":"Exordium Thugs","floor":8,"turns":3},{"damage":6,"enemies":"3 Sentries","floor":11,"turns":5},{"damage":2,"enemies":"Large Slime","floor":14,"turns":3},{"damage":21,"enemies":"Hexaghost","floor":16,"turns":9},{"damage":3,"enemies":"Spheric Guardian","floor":18,"turns":3},{"damage":0,"enemies":"Shell Parasite","floor":21,"turns":2},{"damage":0,"enemies":"Chosen and Byrds","floor":22,"turns":3},{"damage":2,"enemies":"Slavers","floor":23,"turns":4},{"damage":0,"enemies":"Centurion and Healer","floor":24,"turns":3},{"damage":1,"enemies":"3 Cultists","floor":28,"turns":3},{"damage":11,"enemies":"Snake Plant","floor":30,"turns":2},{"damage":8,"enemies":"Shelled Parasite and Fungi","floor":31,"turns":3},{"damage":42,"enemies":"Collector","floor":33,"turns":9},{"damage":6,"enemies":"3 Darklings","floor":35,"turns":3},{"damage":15,"enemies":"Mysterious Sphere","floor":37,"turns":3},{"damage":0,"enemies":"Orb Walker","floor":38,"turns":2},{"damage":0,"enemies":"Sphere and 2 Shapes","floor":39,"turns":3},{"damage":2,"enemies":"Giant Head","floor":40,"turns":6},{"damage":13,"enemies":"Maw","floor":41,"turns":4},{"damage":9,"enemies":"4 Shapes","floor":46,"turns":1},{"damage":5,"enemies":"Spire Growth","floor":47,"turns":3},{"damage":10,"enemies":"2 Orb Walkers","floor":48,"turns":2},{"damage":20,"enemies":"Awakened One","floor":50,"turns":5}],"seed_played":"-3656457146817088839","potions_obtained":[{"floor":4,"key":"FairyPotion"},{"floor":6,"key":"Regen Potion"},{"floor":8,"key":"Explosive Potion"},{"floor":11,"key":"Regen Potion"},{"floor":21,"key":"Regen Potion"},{"floor":30,"key":"Block Potion"},{"floor":31,"key":"EssenceOfSteel"},{"floor":33,"key":"Strength Potion"},{"floor":39,"key":"SkillPotion"}],"is_trial":false,"path_per_floor":["M","?","?","M","M","E","?","M","T","R","E","R","?","M","R","B",null,"M","$","?","M","M","E","M","R","T","R","M","?","M","M","R","B",null,"M","?","?","M","M","E","M","?","T","T","$","M","M","E","R","B"],"character_chosen":"IRONCLAD","items_purchased":["Pummel","Shrug It Off","True Grit","Shuriken","Fruit Juice","Ginger","Perfected Strike","True Grit","Dramatic Entrance","War Paint","Disarm","Clothesline","Violence"],"campfire_rested":0,"item_purchase_floors":[19,19,19,19,19,45,45,45,45,45,45,45,45],"current_hp_per_floor":[78,77,82,81,80,74,74,71,77,77,83,83,83,81,81,74,87,86,90,89,88,87,85,85,84,89,88,87,81,75,77,77,57,87,81,93,82,94,94,93,80,97,102,107,106,103,102,94,94,92],"gold":586,"neow_bonus":"","is_prod":false,"is_daily":true,"chose_seed":false,"campfire_upgraded":7,"win_rate":0,"timestamp":1537891011,"path_taken":["M","?","?","M","M","E","?","?","T","R","E","R","?","M","R","BOSS","M","$","?","M","M","E","M","R","T","R","M","?","?","M","R","BOSS","M","?","?","M","M","E","M","?","T","?","$","M","M","E","R","BOSS"],"build_version":"2018-09-20","purchased_purges":0,"victory":true,"max_hp_per_floor":[78,77,82,81,80,86,85,84,89,88,87,86,85,84,83,88,87,86,90,89,88,87,86,85,84,89,88,87,86,85,84,83,88,87,86,97,96,95,94,93,92,97,102,107,106,105,104,103,102,107],"card_choices":[{"not_picked":["Anger","Feel No Pain"],"picked":"Iron Wave","floor":1},{"not_picked":["True Grit","Headbutt"],"picked":"Power Through","floor":4},{"not_picked":["Anger","Warcry"],"picked":"Flex","floor":5},{"not_picked":["Body Slam","Havoc"],"picked":"Clothesline","floor":6},{"not_picked":["Exhume","Hemokinesis"],"picked":"Heavy Blade","floor":8},{"not_picked":["Wild Strike","Shockwave"],"picked":"True Grit","floor":11},{"not_picked":["Disarm","Wild Strike"],"picked":"Uppercut","floor":14},{"not_picked":["Demon Form","Juggernaut"],"picked":"Reaper","floor":16},{"not_picked":["Battle Trance","Wild Strike"],"picked":"Sever Soul","floor":18},{"not_picked":["Pummel","Headbutt"],"picked":"Shrug It Off+1","floor":21},{"not_picked":["Havoc","Clash+1"],"picked":"Sword Boomerang","floor":22},{"not_picked":["Sword Boomerang","Clothesline"],"picked":"Heavy Blade+1","floor":23},{"not_picked":["Body Slam","Reckless Charge"],"picked":"Flex","floor":24},{"not_picked":["Power Through","Battle Trance+1"],"picked":"Metallicize+1","floor":28},{"not_picked":["Blood for Blood","Feel No Pain+1"],"picked":"Cleave+1","floor":30},{"not_picked":["Cleave","Warcry"],"picked":"Second Wind","floor":31},{"not_picked":["Offering","Limit Break"],"picked":"Demon Form+1","floor":33},{"not_picked":["Carnage","Twin Strike"],"picked":"True Grit+1","floor":35},{"not_picked":["Headbutt+1","Dropkick+1"],"picked":"Second Wind+1","floor":37},{"not_picked":["Entrench","Thunderclap+1"],"picked":"Body Slam+1","floor":38},{"not_picked":["Clothesline","Blood for Blood","Cleave+1"],"picked":"SKIP","floor":39},{"not_picked":["Pommel Strike","Dark Embrace+1"],"picked":"Shockwave+1","floor":40},{"not_picked":["Pommel Strike","Searing Blow+1"],"picked":"Wild Strike+1","floor":41},{"not_picked":["Pommel Strike","Clothesline+1"],"picked":"Armaments+1","floor":46},{"not_picked":["Clash+1","Bloodletting"],"picked":"Heavy Blade+1","floor":47},{"not_picked":["Heavy Blade","Cleave+1"],"picked":"Flame Barrier+1","floor":48}],"player_experience":574400,"relics_obtained":[{"floor":6,"key":"Strawberry"},{"floor":9,"key":"Gremlin Horn"},{"floor":11,"key":"Turnip"},{"floor":23,"key":"Frozen Egg 2"},{"floor":26,"key":"Bottled Flame"},{"floor":37,"key":"Dead Branch"},{"floor":40,"key":"Lantern"},{"floor":43,"key":"Centennial Puzzle"},{"floor":44,"key":"Torii"},{"floor":48,"key":"Matryoshka"}],"event_choices":[{"event_name":"Living Wall","player_choice":"Grow","floor":2,"damage_taken":0},{"event_name":"Accursed Blacksmith","player_choice":"Rummage","floor":3,"damage_taken":0},{"event_name":"The Cleric","player_choice":"Leave","floor":7,"damage_taken":0},{"event_name":"Dead Adventurer","player_choice":"Searched \u00272\u0027 times","floor":13,"damage_taken":0},{"event_name":"Back to Basics","player_choice":"Simplicity","floor":20,"damage_taken":0},{"event_name":"Nest","player_choice":"Joined the Cult","floor":29,"damage_taken":0},{"event_name":"MindBloom","player_choice":"Gold","floor":36,"damage_taken":0},{"event_name":"Mysterious Sphere","player_choice":"Fight","floor":37,"damage_taken":0},{"event_name":"Winding Halls","player_choice":"Writhe","floor":42,"damage_taken":0}],"is_beta":false,"boss_relics":[{"not_picked":["Runic Dome","Philosopher\u0027s Stone"],"picked":"Mark of Pain"},{"not_picked":["Coffee Dripper","Fusion Hammer"],"picked":"Astrolabe"}],"items_purged_floors":[],"is_endless":false,"potions_floor_spawned":[4,6,8,11,21,22,23,30,31,33,39,46,48],"ascension_level":0}