{"gold_per_floor":[117,67,242,260,276,309,8,8,35,68,80,80,114,126,126,221,221,238,11,24,41,59,90,90,5,5,19,39,73,93,126,126,126],"floor_reached":33,"playtime":3725,"items_purged":["Doubt"],"score":486,"play_id":"c3013d27-045a-455f-b9ce-b02a816d191b","local_time":"20190323152238","is_ascension_mode":true,"campfire_choices":[{"floor":12,"key":"REST"},{"data":"True Grit","floor":15,"key":"SMITH"},{"data":"Disarm","floor":32,"key":"SMITH"}],"neow_cost":"NONE","seed_source_timestamp":659149044144483,"circlet_count":0,"master_deck":["Defend_R","Defend_R","Defend_R","Bash","Shrug It Off","Corruption","Burning Pact","Flame Barrier+1","Shrug It Off","True Grit+1","Uppercut","Disarm+1","Offering","Dropkick+1","Dropkick","Bite","Bite","Bite","Bite","Bite"],"relics":["Burning Blood","Strawberry","Oddly Smooth Stone","Happy Flower","Magic Flower","Gremlin Horn","Busted Crown","Red Skull","Mercury Hourglass","Juzu Bracelet","Blue Candle","Art of War","Dream Catcher"],"potions_floor_usage":[10,10,13,31],"damage_taken":[{"damage":0,"enemies":"2 Louse","floor":1,"turns":3},{"damage":12,"enemies":"Small Slimes","floor":4,"turns":4},{"damage":15,"enemies":"Cultist","floor":5,"turns":5},{"damage":57,"enemies":"Lagavulin","floor":6,"turns":9},{"damage":8,"enemies":"Gremlin Nob","floor":10,"turns":4},{"damage":0,"enemies":"2 Fungi Beasts","floor":11,"turns":5},{"damage":7,"enemies":"Lagavulin","floor":13,"turns":8},{"damage":0,"enemies":"3 Louse","floor":14,"turns":3},{"damage":11,"enemies":"The Guardian","floor":16,"turns":21},{"damage":0,"enemies":"3 Byrds","floor":18,"turns":1},{"damage":3,"enemies":"Chosen","floor":20,"turns":5},{"damage":9,"enemies":"Snake Plant","floor":21,"turns":4},{"damage":6,"enemies":"Snecko","floor":22,"turns":4},{"damage":25,"enemies":"Slavers","floor":23,"turns":10},{"damage":0,"enemies":"Centurion and Healer","floor":27,"turns":7},{"damage":47,"enemies":"Sentry and Sphere","floor":28,"turns":10},{"damage":42,"enemies":"Book of Stabbing","floor":29,"turns":5},{"damage":12,"enemies":"Snake Plant","floor":30,"turns":4},{"damage":39,"enemies":"Gremlin Leader","floor":31,"turns":8},{"damage":74,"enemies":"Automaton","floor":33,"turns":6}],"seed_played":"8860981205536933328","potions_obtained":[{"floor":0,"key":"Fire Potion"},{"floor":0,"key":"Dexterity Potion"},{"floor":0,"key":"Strength Potion"},{"floor":4,"key":"AttackPotion"},{"floor":13,"key":"FearPotion"},{"floor":16,"key":"GamblersBrew"},{"floor":20,"key":"Fruit Juice"}],"is_trial":false,"path_per_floor":["?","?","?","$","?","?"],"character_chosen":"IRONCLAD","items_purchased":["Oddly Smooth Stone","Flame Barrier","Dropkick","Red Skull"],"campfire_rested":1,"item_purchase_floors":[7,7,19,19],"current_hp_per_floor":[78,78,78,72,63,19,19,19,19,17,26,52,54,63,63,61,81,87,87,87,87,87,71,60,60,60,60,52,42,54,60,60,0],"gold":126,"neow_bonus":"THREE_SMALL_POTIONS","is_prod":false,"is_daily":false,"chose_seed":false,"campfire_upgraded":2,"win_rate":0,"timestamp":1553368958,"path_taken":["M","?","?","M","M","E","$","?","T","E","M","R","E","M","R","BOSS","M","?","M","M","M","E","?","?","T","M","M","E","M","E","R","BOSS"],"build_version":"2019-01-23","purchased_purges":1,"victory":false,"max_hp_per_floor":[80,80,80,80,80,87,87,87,87,87,87,87,87,87,87,87,87,87,87,87,87,87,87,60,60,60,60,60,60,60,60,60,60],"card_choices":[{"not_picked":["Searing Blow","Evolve"],"picked":"Shrug It Off","floor":1},{"not_picked":["Headbutt","Havoc"],"picked":"Corruption","floor":4},{"not_picked":["Evolve","Perfected Strike"],"picked":"Burning Pact","floor":5},{"not_picked":["Wild Strike","Berserk","Pommel Strike"],"picked":"SKIP","floor":6},{"not_picked":["Wild Strike","Cleave"],"picked":"Shrug It Off","floor":10},{"not_picked":["Cleave","Perfected Strike"],"picked":"True Grit","floor":11},{"not_picked":["Warcry","Bloodletting"],"picked":"Uppercut","floor":13},{"not_picked":["Uppercut","Clothesline"],"picked":"Disarm","floor":14},{"not_picked":["Bludgeon","Reaper"],"picked":"Offering","floor":16},{"not_picked":[],"picked":"Dropkick+1","floor":18},{"not_picked":["Pommel Strike"],"picked":"SKIP","floor":20},{"not_picked":["Twin Strike"],"picked":"SKIP","floor":21},{"not_picked":["Twin Strike"],"picked":"SKIP","floor":22},{"not_picked":["Heavy Blade"],"picked":"SKIP","floor":23},{"not_picked":["Infernal Blade+1"],"picked":"SKIP","floor":27},{"not_picked":["Reckless Charge+1"],"picked":"SKIP","floor":28},{"not_picked":["Blood for Blood"],"picked":"SKIP","floor":29},{"not_picked":["Uppercut"],"picked":"SKIP","floor":30},{"not_picked":["Combust"],"picked":"SKIP","floor":31}],"player_experience":931725,"relics_obtained":[{"floor":6,"key":"Strawberry"},{"floor":9,"key":"Happy Flower"},{"floor":10,"key":"Magic Flower"},{"floor":13,"key":"Gremlin Horn"},{"floor":23,"key":"Mercury Hourglass"},{"floor":26,"key":"Blue Candle"},{"floor":29,"key":"Art of War"},{"floor":31,"key":"Dream Catcher"}],"event_choices":[{"cards_removed":["Defend_R"],"damage_healed":0,"gold_gain":0,"player_choice":"Card Removal","damage_taken":0,"max_hp_gain":0,"max_hp_loss":0,"event_name":"The Cleric","floor":2,"gold_loss":50},{"damage_healed":0,"gold_gain":175,"player_choice":"AGREE","damage_taken":0,"max_hp_gain":0,"max_hp_loss":0,"event_name":"Liars Game","floor":3,"gold_loss":0,"cards_obtained":["Doubt"]},{"damage_healed":0,"gold_gain":0,"player_choice":"Upgraded","damage_taken":0,"max_hp_gain":0,"max_hp_loss":0,"event_name":"Upgrade Shrine","floor":8,"gold_loss":0,"cards_upgraded":["Flame Barrier"]},{"damage_healed":0,"gold_gain":0,"player_choice":"Became a vampire","damage_taken":0,"max_hp_gain":0,"max_hp_loss":27,"event_name":"Vampires","floor":24,"gold_loss":0,"cards_obtained":["Bite","Bite","Bite","Bite","Bite"]},{"damage_healed":0,"gold_gain":0,"player_choice":"Obtained Relic","damage_taken":0,"relics_obtained":["Juzu Bracelet"],"max_hp_gain":0,"max_hp_loss":0,"event_name":"Addict","floor":25,"gold_loss":85}],"is_beta":false,"boss_relics":[{"not_picked":["Astrolabe","Tiny House"],"picked":"Busted Crown"}],"items_purged_floors":[7],"is_endless":false,"potions_floor_spawned":[4,13,16,20,21,23,28],"killed_by":"Automaton","ascension_level":8}