{"gold_per_floor":[115,40,40,50,125,160,160,187,187,204,216,216,248,265,265,342,342,360,37,51,77,95,122,122,122,122,148,159,209,209,228,228,299,299,318,318,328,328,345,379,379,393,393,426,426,452,307,307,307,307,307,307,22,53,53],"floor_reached":55,"playtime":2640,"items_purged":["Strike_B","Dualcast"],"score":1423,"play_id":"8ef208e6-09b4-4302-9807-17bc484edc71","local_time":"20190330231312","is_ascension_mode":true,"campfire_choices":[{"data":"Rainbow","floor":7.0,"key":"SMITH"},{"data":"Chaos","floor":12.0,"key":"SMITH"},{"data":"Defragment","floor":15.0,"key":"SMITH"},{"floor":25.0,"key":"REST"},{"data":"Consume","floor":30.0,"key":"SMITH"},{"data":"Electrodynamics","floor":32.0,"key":"SMITH"},{"data":"Thunder Strike","floor":41.0,"key":"SMITH"},{"floor":49.0,"key":"RECALL"},{"data":"Defend_B","floor":52.0,"key":"PURGE"}],"neow_cost":"NONE","seed_source_timestamp":67829918882500,"circlet_count":0,"master_deck":["AscendersBane","Defend_B","Defend_B","Defend_B","Zap","Chaos+1","Rainbow+1","Cold Snap","Coolheaded+1","Defragment+1","Ball Lightning","Electrodynamics+1","Consume+1","Fusion","Thunder Strike+1","Thunder Strike","Auto Shields","Buffer+1","Loop+1","Loop+1","Transmutation","All For One"],"special_seed":0,"relics":["Cracked Core","NeowsBlessing","Incense Burner","Ginger","Thread and Needle","Ice Cream","Snecko Eye","Mummified Hand","Red Mask","Bronze Scales","Frozen Egg 2","Peace Pipe","White Beast Statue","Kunai","Sundial","Strawberry","Bag of Marbles"],"potions_floor_usage":[55],"damage_taken":[{"damage":0.0,"enemies":"Small Slimes","floor":1.0,"turns":1.0},{"damage":0.0,"enemies":"Jaw Worm","floor":4.0,"turns":1.0},{"damage":0.0,"enemies":"Gremlin Nob","floor":6.0,"turns":1.0},{"damage":12.0,"enemies":"Lagavulin","floor":8.0,"turns":6.0},{"damage":0.0,"enemies":"2 Louse","floor":10.0,"turns":2.0},{"damage":0.0,"enemies":"Blue Slaver","floor":11.0,"turns":4.0},{"damage":2.0,"enemies":"3 Sentries","floor":13.0,"turns":7.0},{"damage":0.0,"enemies":"Lots of Slimes","floor":14.0,"turns":1.0},{"damage":21.0,"enemies":"The Guardian","floor":16.0,"turns":10.0},{"damage":0.0,"enemies":"Spheric Guardian","floor":18.0,"turns":3.0},{"damage":3.0,"enemies":"Chosen","floor":20.0,"turns":3.0},{"damage":3.0,"enemies":"Masked Bandits","floor":21.0,"turns":3.0},{"damage":9.0,"enemies":"Snecko","floor":22.0,"turns":4.0},{"damage":17.0,"enemies":"Book of Stabbing","floor":23.0,"turns":6.0},{"damage":10.0,"enemies":"Slavers","floor":27.0,"turns":2.0},{"damage":0.0,"enemies":"Chosen and Byrds","floor":28.0,"turns":3.0},{"damage":1.0,"enemies":"3 Cultists","floor":31.0,"turns":3.0},{"damage":5.0,"enemies":"Automaton","floor":33.0,"turns":6.0},{"damage":0.0,"enemies":"3 Shapes","floor":35.0,"turns":3.0},{"damage":4.0,"enemies":"3 Darklings","floor":37.0,"turns":3.0},{"damage":8.0,"enemies":"Maw","floor":39.0,"turns":5.0},{"damage":7.0,"enemies":"Nemesis","floor":40.0,"turns":7.0},{"damage":5.0,"enemies":"Jaw Worm Horde","floor":42.0,"turns":2.0},{"damage":0.0,"enemies":"Reptomancer","floor":44.0,"turns":3.0},{"damage":5.0,"enemies":"Giant Head","floor":46.0,"turns":6.0},{"damage":12.0,"enemies":"Awakened One","floor":50.0,"turns":10.0},{"damage":44.0,"enemies":"Shield and Spear","floor":54.0,"turns":4.0},{"damage":5,"enemies":"The Heart","floor":55,"turns":3}],"seed_played":"966422100324439035","potions_obtained":[{"floor":4.0,"key":"SpeedPotion"},{"floor":6.0,"key":"PowerPotion"},{"floor":8.0,"key":"Weak Potion"},{"floor":13.0,"key":"PowerPotion"},{"floor":21.0,"key":"Weak Potion"},{"floor":22.0,"key":"Fire Potion"},{"floor":23.0,"key":"Swift Potion"},{"floor":37.0,"key":"Poison Potion"},{"floor":39.0,"key":"Fire Potion"},{"floor":40.0,"key":"FocusPotion"},{"floor":42.0,"key":"Fire Potion"},{"floor":46.0,"key":"Energy Potion"},{"floor":54.0,"key":"Block Potion"}],"is_trial":false,"path_per_floor":["M","?","$","M","?","E","R","E","T","M","M","R","E","M","R","B",null,"M","$","M","?","M","E","?","R","T","E","M","?","R","M","R","B",null,"M","?","M","$","M","E","R","M","T","E","?","E","$","?","R","B",null,"R","$","E","B"],"character_chosen":"DEFECT","items_purchased":["Mummified Hand","Strawberry","Transmutation"],"campfire_rested":1,"item_purchase_floors":[19,47,53],"current_hp_per_floor":[64,64,64,64,53,53,53,41,41,41,41,41,39,39,39,18,58,58,58,55,52,43,26,26,47,47,37,37,37,37,36,36,31,61,61,61,57,57,49,42,42,37,37,37,37,32,39,39,39,27,65,65,65,21,16],"gold":53,"neow_bonus":"THREE_ENEMY_KILL","is_prod":false,"is_daily":false,"chose_seed":false,"campfire_upgraded":6,"win_rate":0,"timestamp":1554012792,"path_taken":["M","?","$","M","?","E","R","E","T","M","M","R","E","M","R","BOSS","M","$","M","?","M","E","?","R","T","E","M","?","R","M","R","BOSS","M","?","?","$","M","E","R","M","T","E","?","E","$","?","R","BOSS","R","$","E","BOSS"],"build_version":"2019-01-23","purchased_purges":2,"victory":false,"max_hp_per_floor":[71,71,71,71,71,71,71,71,71,71,71,71,71,71,71,71,71,71,71,71,71,71,71,71,71,71,71,71,71,71,71,71,71,71,71,71,71,71,71,71,71,71,71,71,71,71,78,78,78,78,78,78,78,78,78],"card_choices":[{"not_picked":["Beam Cell","Redo","Sweeping Beam"],"picked":"SKIP","floor":1.0},{"not_picked":["Gash","Hologram"],"picked":"Chaos","floor":4.0},{"not_picked":["Rainbow","Stack","Steam Power"],"picked":"SKIP","floor":6.0},{"not_picked":["Stack","Steam Power"],"picked":"Rainbow","floor":6.0},{"not_picked":["Go for the Eyes","Coolheaded"],"picked":"Cold Snap","floor":8.0},{"not_picked":["Beam Cell","Streamline","White Noise"],"picked":"SKIP","floor":10.0},{"not_picked":["Rebound","Chaos"],"picked":"Coolheaded","floor":11.0},{"not_picked":["BootSequence","Hello World"],"picked":"Defragment","floor":13.0},{"not_picked":["Rip and Tear","Steam"],"picked":"Ball Lightning","floor":14.0},{"not_picked":["Fission","Seek"],"picked":"Electrodynamics","floor":16.0},{"not_picked":["Chill","Rebound","Aggregate"],"picked":"SKIP","floor":18.0},{"not_picked":["Turbo+1","Scrape"],"picked":"Consume","floor":20.0},{"not_picked":["Streamline","Steam"],"picked":"Fusion","floor":21.0},{"not_picked":["Streamline","Rebound+1","Stack+1"],"picked":"SKIP","floor":22.0},{"not_picked":["Melter","Skim"],"picked":"Thunder Strike","floor":23.0},{"not_picked":["Conserve Battery","Redo","Stack"],"picked":"SKIP","floor":27.0},{"not_picked":["Leap","Conserve Battery","Cold Snap"],"picked":"SKIP","floor":28.0},{"not_picked":["Streamline","Ball Lightning","Compile Driver+1"],"picked":"SKIP","floor":31.0},{"not_picked":["Electrodynamics+1","Machine Learning+1"],"picked":"Buffer+1","floor":33.0},{"not_picked":["BootSequence","Beam Cell","Coolheaded+1"],"picked":"SKIP","floor":35.0},{"not_picked":["Rip and Tear","Streamline","Consume"],"picked":"SKIP","floor":37.0},{"not_picked":["White Noise+1","Turbo","Coolheaded"],"picked":"SKIP","floor":39.0},{"not_picked":["Go for the Eyes","Beam Cell+1","Hologram"],"picked":"SKIP","floor":40.0},{"not_picked":["Steam","Leap"],"picked":"Loop+1","floor":42.0},{"not_picked":["Conserve Battery+1","Multi-Cast"],"picked":"Loop+1","floor":44.0},{"not_picked":["Storm+1","Aggregate+1","Sweeping Beam"],"picked":"SKIP","floor":46.0},{"not_picked":["Double Energy","Beam Cell"],"picked":"All For One","floor":54.0}],"player_experience":453053,"relics_obtained":[{"floor":6.0,"key":"Incense Burner"},{"floor":8.0,"key":"Ginger"},{"floor":9.0,"key":"Thread and Needle"},{"floor":13.0,"key":"Ice Cream"},{"floor":21.0,"key":"Red Mask"},{"floor":23.0,"key":"Bronze Scales"},{"floor":26.0,"key":"Frozen Egg 2"},{"floor":27.0,"key":"Peace Pipe"},{"floor":40.0,"key":"Kunai"},{"floor":46.0,"key":"Sundial"},{"floor":54.0,"key":"Bag of Marbles"}],"event_choices":[{"cards_removed":["Strike_B"],"damage_healed":0.0,"max_hp_gain":0.0,"max_hp_loss":0.0,"gold_gain":0.0,"event_name":"The Cleric","player_choice":"Card Removal","floor":2.0,"gold_loss":75.0,"damage_taken":0.0},{"damage_healed":0.0,"max_hp_gain":0.0,"max_hp_loss":0.0,"gold_gain":75.0,"event_name":"World of Goop","player_choice":"Gather Gold","floor":5.0,"gold_loss":0.0,"damage_taken":11.0},{"damage_healed":0.0,"max_hp_gain":0.0,"max_hp_loss":0.0,"gold_gain":0.0,"event_name":"Masked Bandits","player_choice":"Fought Bandits","floor":21.0,"gold_loss":0.0,"damage_taken":0.0},{"damage_healed":0.0,"max_hp_gain":0.0,"max_hp_loss":0.0,"gold_gain":0.0,"cards_transformed":["Strike_B","Strike_B"],"event_name":"Drug Dealer","player_choice":"Became Test Subject","floor":24.0,"gold_loss":0.0,"damage_taken":0.0,"cards_obtained":["Thunder Strike","Auto Shields"]},{"damage_healed":0.0,"max_hp_gain":0.0,"max_hp_loss":0.0,"gold_gain":50.0,"event_name":"Nest","player_choice":"Stole From Cult","floor":29.0,"gold_loss":0.0,"damage_taken":0.0},{"damage_healed":0.0,"max_hp_gain":0.0,"max_hp_loss":0.0,"gold_gain":0.0,"event_name":"Upgrade Shrine","player_choice":"Upgraded","floor":36.0,"gold_loss":0.0,"damage_taken":0.0,"cards_upgraded":["Coolheaded"]},{"damage_healed":0.0,"max_hp_gain":0.0,"max_hp_loss":0.0,"gold_gain":0.0,"event_name":"SensoryStone","player_choice":"Memory 1","floor":45.0,"gold_loss":0.0,"damage_taken":0.0},{"damage_healed":0.0,"max_hp_gain":0.0,"max_hp_loss":0.0,"gold_gain":0.0,"event_name":"Mysterious Sphere","player_choice":"Ignored","floor":48.0,"gold_loss":0.0,"damage_taken":0.0}],"is_beta":false,"boss_relics":[{"not_picked":["Busted Crown","Nuclear Battery"],"picked":"Snecko Eye"},{"not_picked":["Tiny House","Eternal Feather"],"picked":"White Beast Statue"}],"items_purged_floors":[19,53],"is_endless":false,"potions_floor_spawned":[4,6,8,13,21,22,23,28,35,37,39,40,42,44,46,54],"killed_by":"The Heart","ascension_level":15}