{"gold_per_floor":[116,127,144,144,160,199,223,37,90,90,113,113,38,38,38,157,157,172,172,172,172,186,211,211,238,314,314,345,365,365,383,383,478,478,488,488,1487,1502,360,387,399,399,426,439,767,778,338,373,373,373],"floor_reached":50,"playtime":2015,"items_purged":["Injury"],"score":963,"play_id":"01091974-a7e9-42ec-942c-62c183510ffa","local_time":"20180828180154","is_ascension_mode":true,"campfire_choices":[{"floor":10,"key":"REST"},{"floor":12,"key":"REST"},{"data":"Power Through","floor":15,"key":"SMITH"},{"floor":24,"key":"REST"},{"floor":27,"key":"REST"},{"floor":32,"key":"REST"},{"floor":49,"key":"REST"}],"neow_cost":"NONE","seed_source_timestamp":1009101598935223,"circlet_count":0,"master_deck":["Strike_R","Strike_R","Strike_R","Strike_R","Strike_R","Defend_R","Defend_R","Defend_R","Defend_R","Bash","Power Through+1","Iron Wave","Wild Strike","Pommel Strike","Clothesline+1","Pommel Strike+1","Feed+1","Flex","Perfected Strike+1","Spot Weakness+1","Immolate+1","Clothesline+1","Pommel Strike+1","Body Slam+1","Carnage+1","Wild Strike+1","Flex","Perfected Strike+1","Impervious","Armaments","Pummel+1","Armaments","Rage+1","Seeing Red+1","Thunderclap+1","Wild Strike+1","Armaments","Flash of Steel+1","Clothesline+1","Heavy Blade+1","Armaments+1","Shrug It Off+1","Sword Boomerang+1","Thunderclap+1","Demon Form","Flex","Pommel Strike+1","Rampage+1"],"relics":["Busted Crown","Bloody Idol","Molten Egg 2","Omamori","Ornamental Fan","Black Star","Paper Frog","Mummified Hand","Vajra","Potion Belt","Question Card","Dead Branch","Unceasing Top","Orrery","Calipers","Strawberry","Lee\u0027s Waffle","Pear","Matryoshka","Oddly Smooth Stone","Bronze Scales","Old Coin","Mango","War Paint","Bottled Flame","Letter Opener"],"potions_floor_usage":[6,22,23,25,35,40,40,45,48],"damage_taken":[{"damage":1,"enemies":"Cultist","floor":1,"turns":4},{"damage":0,"enemies":"Jaw Worm","floor":2,"turns":3},{"damage":7,"enemies":"Small Slimes","floor":3,"turns":3},{"damage":0,"enemies":"3 Louse","floor":5,"turns":2},{"damage":27,"enemies":"Lagavulin","floor":6,"turns":7},{"damage":21,"enemies":"Lots of Slimes","floor":7,"turns":4},{"damage":6,"enemies":"Looter","floor":11,"turns":3},{"damage":11,"enemies":"Hexaghost","floor":16,"turns":9},{"damage":5,"enemies":"Shell Parasite","floor":18,"turns":4},{"damage":18,"enemies":"2 Thieves","floor":22,"turns":4},{"damage":18,"enemies":"Book of Stabbing","floor":23,"turns":4},{"damage":27,"enemies":"Slavers","floor":25,"turns":5},{"damage":17,"enemies":"Book of Stabbing","floor":28,"turns":4},{"damage":18,"enemies":"Snake Plant","floor":29,"turns":2},{"damage":26,"enemies":"Snecko","floor":31,"turns":4},{"damage":68,"enemies":"Champ","floor":33,"turns":9},{"damage":27,"enemies":"Flame Bruiser 1 Orb","floor":35,"turns":5},{"damage":0,"enemies":"Orb Walker","floor":38,"turns":3},{"damage":26,"enemies":"Nemesis","floor":40,"turns":7},{"damage":31,"enemies":"3 Darklings","floor":41,"turns":4},{"damage":26,"enemies":"Maw","floor":44,"turns":7},{"damage":48,"enemies":"2 Orb Walkers","floor":45,"turns":4},{"damage":12,"enemies":"Flame Bruiser 2 Orb","floor":46,"turns":4},{"damage":61,"enemies":"Giant Head","floor":48,"turns":8},{"damage":70,"enemies":"Time Eater","floor":50,"turns":4}],"seed_played":"1447776036589060726","potions_obtained":[{"floor":1,"key":"SkillPotion"},{"floor":3,"key":"SpeedPotion"},{"floor":5,"key":"FairyPotion"},{"floor":16,"key":"PowerPotion"},{"floor":18,"key":"Fire Potion"},{"floor":23,"key":"LiquidBronze"},{"floor":33,"key":"Weak Potion"},{"floor":35,"key":"Swift Potion"},{"floor":38,"key":"SkillPotion"},{"floor":44,"key":"Regen Potion"},{"floor":46,"key":"Swift Potion"}],"is_trial":false,"path_per_floor":["M","M","M","?","M","E","M","$","T","R","M","R","$","T","R","B",null,"M","?","?","?","M","E","R","E","T","R","E","M","?","M","R","B",null,"M","?","?","M","$","E","M","?","T","M","E","M","$","E","R"],"character_chosen":"IRONCLAD","items_purchased":["Feed+1","Flex","Spot Weakness","Calipers","Strawberry","Lee\u0027s Waffle","Wild Strike+1","Armaments","Flash of Steel+1","Clothesline+1","Transmutation","Demon Form","Flex","War Paint","Pommel Strike+1","Rampage+1"],"campfire_rested":6,"item_purchase_floors":[8,8,13,39,39,39,39,39,39,39,39,47,47,47,47,47],"current_hp_per_floor":[79,79,72,72,72,45,24,24,24,48,42,66,66,66,66,55,80,75,75,67,67,59,50,75,53,58,83,71,58,58,37,62,13,84,62,62,67,72,98,87,61,118,118,97,85,78,78,22,61,0],"gold":373,"neow_bonus":"BOSS_RELIC","is_prod":false,"is_daily":false,"chose_seed":false,"campfire_upgraded":1,"win_rate":0,"timestamp":1535500914,"path_taken":["M","?","M","?","M","E","M","$","T","R","M","R","$","?","R","BOSS","M","?","?","?","M","E","R","E","T","R","E","?","?","M","R","BOSS","M","?","?","M","$","E","M","?","T","M","E","M","$","E","R","BOSS"],"build_version":"2018-08-23v2","purchased_purges":1,"victory":false,"max_hp_per_floor":[80,80,80,80,80,80,80,80,80,80,80,80,80,80,80,80,80,80,80,80,80,80,84,84,84,84,84,84,84,84,84,84,84,84,84,84,84,84,98,108,108,118,118,118,132,132,132,132,132,132],"card_choices":[{"not_picked":[],"picked":"Power Through","floor":1},{"not_picked":[],"picked":"Iron Wave","floor":2},{"not_picked":[],"picked":"Wild Strike","floor":3},{"not_picked":[],"picked":"Pommel Strike","floor":5},{"not_picked":[],"picked":"Clothesline","floor":6},{"not_picked":[],"picked":"Pommel Strike+1","floor":7},{"not_picked":[],"picked":"Perfected Strike+1","floor":11},{"not_picked":[],"picked":"Immolate+1","floor":16},{"not_picked":[],"picked":"Clothesline+1","floor":18},{"not_picked":[],"picked":"Pommel Strike+1","floor":22},{"not_picked":[],"picked":"Body Slam+1","floor":23},{"not_picked":[],"picked":"Carnage+1","floor":25},{"not_picked":["Thunderclap+1"],"picked":"Wild Strike+1","floor":28},{"not_picked":["Fiend Fire+1"],"picked":"Flex","floor":29},{"not_picked":["Clash+1"],"picked":"Perfected Strike+1","floor":31},{"not_picked":["Juggernaut"],"picked":"Impervious","floor":33},{"not_picked":["Bloodletting"],"picked":"Armaments","floor":34},{"not_picked":["Thunderclap+1"],"picked":"Pummel+1","floor":34},{"not_picked":["Iron Wave+1"],"picked":"Armaments","floor":34},{"not_picked":["Thunderclap+1"],"picked":"Rage","floor":34},{"not_picked":["Second Wind"],"picked":"Seeing Red","floor":34},{"not_picked":["Havoc"],"picked":"Thunderclap+1","floor":35},{"not_picked":["Rupture+1","Clash+1"],"picked":"SKIP","floor":38},{"not_picked":["Clash+1"],"picked":"Heavy Blade+1","floor":40},{"not_picked":["Sword Boomerang+1"],"picked":"Armaments+1","floor":41},{"not_picked":["True Grit+1"],"picked":"Shrug It Off+1","floor":44},{"not_picked":["Dropkick+1"],"picked":"Sword Boomerang+1","floor":45},{"not_picked":["Burning Pact+1"],"picked":"Thunderclap+1","floor":46},{"not_picked":["Sentinel+1","Bloodletting+1"],"picked":"SKIP","floor":48}],"player_experience":367614,"relics_obtained":[{"floor":6,"key":"Molten Egg 2"},{"floor":9,"key":"Omamori"},{"floor":14,"key":"Ornamental Fan"},{"floor":23,"key":"Paper Frog"},{"floor":23,"key":"Mummified Hand"},{"floor":25,"key":"Vajra"},{"floor":25,"key":"Potion Belt"},{"floor":26,"key":"Question Card"},{"floor":28,"key":"Dead Branch"},{"floor":28,"key":"Unceasing Top"},{"floor":40,"key":"Pear"},{"floor":40,"key":"Matryoshka"},{"floor":43,"key":"Oddly Smooth Stone"},{"floor":43,"key":"Bronze Scales"},{"floor":45,"key":"Old Coin"},{"floor":45,"key":"Mango"},{"floor":48,"key":"Bottled Flame"},{"floor":48,"key":"Letter Opener"}],"event_choices":[{"event_name":"Golden Idol","player_choice":"Take Wound","floor":4,"damage_taken":0},{"event_name":"Accursed Blacksmith","player_choice":"Forge","floor":19,"damage_taken":0},{"event_name":"Wheel of Change","player_choice":"Damage","floor":20,"damage_taken":0},{"event_name":"Forgotten Altar","player_choice":"Gave Idol","floor":21,"damage_taken":0},{"event_name":"Vampires","player_choice":"Ignored","floor":30,"damage_taken":0},{"event_name":"Mysterious Sphere","player_choice":"Ignore","floor":36,"damage_taken":0},{"event_name":"MindBloom","player_choice":"Gold","floor":37,"damage_taken":0},{"event_name":"Bonfire Elementals","player_choice":"RARE","floor":42,"damage_taken":0}],"is_beta":false,"boss_relics":[{"not_picked":["Cursed Key","Coffee Dripper"],"picked":"Black Star"},{"not_picked":["Snecko Eye","Mark of Pain"],"picked":"Orrery"}],"items_purged_floors":[39],"is_endless":false,"potions_floor_spawned":[1,3,5,16,18,23,33,35,38,44,46],"killed_by":"Time Eater","ascension_level":4}