{"gold_per_floor":[10,25,25,39,54,81,81,106,106,106,120,120],"floor_reached":12,"playtime":348,"items_purged":[],"score":80,"play_id":"ae8e5682-62e8-4ec0-89a8-6adc5ce09b03","local_time":"20181120230649","is_ascension_mode":false,"campfire_choices":[{"floor":7,"key":"REST"}],"neow_cost":"NO_GOLD","seed_source_timestamp":0,"circlet_count":0,"master_deck":["Strike_B","Strike_B","Strike_B","Defend_B","Defend_B","Defend_B","Zap","Dualcast","Rebound","Force Field","Chaos","Chaos","Loop","Capacitor","Doom and Gloom","Hologram","Creative AI"],"special_seed":0,"relics":["Cracked Core","Happy Flower","Incense Burner","Odd Mushroom","The Courier"],"potions_floor_usage":[6,11],"damage_taken":[{"damage":1,"enemies":"Cultist","floor":1,"turns":3},{"damage":6,"enemies":"Jaw Worm","floor":2,"turns":3},{"damage":2,"enemies":"2 Louse","floor":4,"turns":2},{"damage":10,"enemies":"Looter","floor":5,"turns":3},{"damage":41,"enemies":"3 Sentries","floor":6,"turns":10},{"damage":18,"enemies":"The Mushroom Lair","floor":8,"turns":3},{"damage":2,"enemies":"2 Fungi Beasts","floor":11,"turns":3},{"damage":23,"enemies":"Blue Slaver","floor":12,"turns":3}],"seed_played":"-2939412467149874610","potions_obtained":[{"floor":1,"key":"Swift Potion"},{"floor":2,"key":"Fire Potion"},{"floor":5,"key":"SpeedPotion"},{"floor":6,"key":"Dexterity Potion"}],"is_trial":false,"path_per_floor":["M","M","?","M","M","E","R","?","T","?","M","M"],"character_chosen":"DEFECT","items_purchased":[],"campfire_rested":1,"item_purchase_floors":[],"current_hp_per_floor":[74,68,68,66,56,15,37,19,19,19,17,0],"gold":120,"neow_bonus":"TRANSFORM_TWO_CARDS","is_prod":false,"is_daily":false,"chose_seed":false,"campfire_upgraded":0,"win_rate":0,"timestamp":1542773209,"path_taken":["M","?","?","?","M","E","R","?","T","?","M","M"],"build_version":"2018-11-15","purchased_purges":0,"victory":false,"max_hp_per_floor":[75,75,75,75,75,75,75,75,75,75,75,75],"card_choices":[{"not_picked":["Sweeping Beam","Melter"],"picked":"Chaos","floor":1},{"not_picked":["Heatsinks","Steam Power"],"picked":"Chaos","floor":2},{"not_picked":["Rebound","Recycle"],"picked":"Loop","floor":4},{"not_picked":["Fusion","Melter"],"picked":"Capacitor","floor":5},{"not_picked":["Gash","Go for the Eyes"],"picked":"Doom and Gloom","floor":6},{"not_picked":["Turbo","Beam Cell"],"picked":"Hologram","floor":8},{"not_picked":["Chill","Blizzard"],"picked":"Creative AI","floor":11}],"player_experience":462850,"relics_obtained":[{"floor":6,"key":"Incense Burner"},{"floor":8,"key":"Odd Mushroom"},{"floor":9,"key":"The Courier"}],"event_choices":[{"damage_healed":0,"gold_gain":0,"player_choice":"Gave Potion","damage_taken":0,"relics_obtained":["Happy Flower"],"max_hp_gain":0,"max_hp_loss":0,"event_name":"WeMeetAgain","floor":3,"gold_loss":0},{"damage_healed":0,"gold_gain":0,"player_choice":"Fought Mushrooms","damage_taken":0,"max_hp_gain":0,"max_hp_loss":0,"event_name":"Mushrooms","floor":8,"gold_loss":0},{"damage_healed":0,"gold_gain":0,"player_choice":"Ignored","damage_taken":0,"max_hp_gain":0,"max_hp_loss":0,"event_name":"Shining Light","floor":10,"gold_loss":0}],"is_beta":true,"boss_relics":[],"items_purged_floors":[],"is_endless":false,"potions_floor_spawned":[1,2,5,6],"killed_by":"Blue Slaver","ascension_level":0}