{"gold_per_floor":[111,12,25,25,25,53,53,53,105,105,140,140,155,171,171,271,271,282,302,302,18,31,31,62,62,107,107,125,125,40,59,59,155,155,170,170,185,185,202,215,215,7,7,7,23,37,137,9,9,9],"floor_reached":51,"playtime":10306,"items_purged":[],"score":675,"play_id":"c85cfe1a-25e0-40f6-bb9d-ddf93363d05f","local_time":"20190125145047","is_ascension_mode":false,"campfire_choices":[{"floor":7.0,"key":"REST"},{"data":"Armaments","floor":10.0,"key":"SMITH"},{"floor":15.0,"key":"REST"},{"floor":23.0,"key":"REST"},{"floor":27.0,"key":"REST"},{"data":"Armaments","floor":29.0,"key":"SMITH"},{"floor":32.0,"key":"REST"},{"floor":41,"key":"REST"},{"floor":44,"key":"REST"},{"floor":49,"key":"REST"}],"neow_cost":"","seed_source_timestamp":0,"circlet_count":0,"master_deck":["Strike_R","Strike_R","Strike_R","Defend_R","Defend_R","Defend_R","Defend_R","Bash","Armaments+1","Iron Wave","Armaments+1","Seeing Red","Metallicize+1","Carnage+1","Barricade+1","Reaper+1","Iron Wave+1","Rupture+1","Anger+1","Cleave+1","Mayhem+1","Swift Strike","Anger+1","Metallicize+1","Ghostly Armor+1","Good Instincts+1","Shrug It Off+1","Bludgeon","Clothesline+1","Entrench+1","Twin Strike+1","Flame Barrier+1","Headbutt+1","Bloodletting+1","Perfected Strike+1","Parasite","Pommel Strike+1","Shrug It Off+1","Mind Blast","Whirlwind","Thunderclap","Searing Blow+1","Twin Strike+1","Body Slam","Metallicize+1","Headbutt"],"special_seed":0,"relics":["Burning Blood","Frozen Egg 2","Darkstone Periapt","Boot","Bronze Scales","Mummified Hand","Astrolabe","Toxic Egg 2","Regal Pillow","Orrery","Peace Pipe","Bag of Preparation","Incense Burner"],"potions_floor_usage":[40,50,50],"damage_taken":[{"damage":1.0,"enemies":"Cultist","floor":1.0,"turns":4.0},{"damage":3.0,"enemies":"Jaw Worm","floor":3.0,"turns":4.0},{"damage":46.0,"enemies":"3 Sentries","floor":6.0,"turns":16.0},{"damage":47.0,"enemies":"Gremlin Nob","floor":11.0,"turns":6.0},{"damage":5.0,"enemies":"Small Slimes","floor":13.0,"turns":3.0},{"damage":0.0,"enemies":"Red Slaver","floor":14.0,"turns":3.0},{"damage":34.0,"enemies":"The Guardian","floor":16.0,"turns":10.0},{"damage":15.0,"enemies":"Chosen","floor":18.0,"turns":5.0},{"damage":18.0,"enemies":"Shell Parasite","floor":19.0,"turns":8.0},{"damage":36.0,"enemies":"Centurion and Healer","floor":22.0,"turns":5.0},{"damage":40.0,"enemies":"Slavers","floor":24.0,"turns":6.0},{"damage":16.0,"enemies":"3 Cultists","floor":28.0,"turns":6.0},{"damage":19.0,"enemies":"Shelled Parasite and Fungi","floor":31.0,"turns":7.0},{"damage":3.0,"enemies":"Champ","floor":33.0,"turns":17.0},{"damage":42.0,"enemies":"3 Darklings","floor":35.0,"turns":5.0},{"damage":0.0,"enemies":"Orb Walker","floor":37.0,"turns":5.0},{"damage":16.0,"enemies":"Writhing Mass","floor":39.0,"turns":7.0},{"damage":50,"enemies":"3 Darklings","floor":40,"turns":6},{"damage":22,"enemies":"Jaw Worm Horde","floor":45,"turns":5},{"damage":23,"enemies":"4 Shapes","floor":46,"turns":7},{"damage":3,"enemies":"Mind Bloom Boss Battle","floor":47,"turns":7},{"damage":90,"enemies":"Awakened One","floor":50,"turns":16}],"seed_played":"-407966519588447471","potions_obtained":[{"floor":1.0,"key":"FearPotion"},{"floor":6.0,"key":"Weak Potion"},{"floor":18.0,"key":"SkillPotion"},{"floor":24.0,"key":"Swift Potion"},{"floor":25.0,"key":"Block Potion"},{"floor":25.0,"key":"Regen Potion"},{"floor":35.0,"key":"Energy Potion"},{"floor":40,"key":"Block Potion"},{"floor":46,"key":"Energy Potion"},{"floor":47,"key":"GamblersBrew"}],"is_trial":false,"path_per_floor":["M","$","M","?","T","E","R","?","T","R","E","?","M","M","R","B",null,"M","M","?","$","M","R","E","?","T","R","M","R","$","M","R","B",null,"M","T","M","?","M","M","R","$","T","R","M","M","?","$","R","B",null],"character_chosen":"IRONCLAD","items_purchased":["Armaments","Iron Wave","Mayhem+1","Swift Strike","Good Instincts+1","Mind Blast","Whirlwind","Thunderclap","Metallicize+1","Headbutt"],"campfire_rested":8,"item_purchase_floors":[2,2,21,21,30,42,42,42,48,48],"current_hp_per_floor":[80,80,80,73,73,33,57,80,80,80,39,39,40,46,70,42,80,76,64,64,64,43,67,33,33,33,72,72,72,72,59,80,80,80,49,49,55,55,51,7,47,47,47,86,80,63,66,66,86,7],"gold":9,"neow_bonus":"","is_prod":false,"is_daily":false,"chose_seed":false,"campfire_upgraded":2,"win_rate":0.0,"timestamp":1548427847,"path_taken":["M","$","M","?","?","E","R","?","T","R","E","?","M","M","R","BOSS","M","M","?","$","M","R","E","?","T","R","M","R","$","M","R","BOSS","M","?","M","?","M","?","R","$","T","R","M","?","?","$","R","BOSS"],"build_version":"2019-01-23","purchased_purges":0,"victory":true,"max_hp_per_floor":[80,80,80,80,80,80,80,80,80,80,80,80,80,80,80,80,80,80,80,80,80,80,80,80,80,80,80,80,80,80,80,80,80,80,80,80,80,80,86,86,86,86,86,86,86,86,86,86,86,86],"card_choices":[{"not_picked":["Infernal Blade","True Grit"],"picked":"Pummel","floor":1.0},{"not_picked":["Iron Wave","Ghostly Armor"],"picked":"Armaments","floor":3.0},{"not_picked":["True Grit","Sever Soul"],"picked":"Warcry","floor":6.0},{"not_picked":["Dual Wield","Clash"],"picked":"Seeing Red","floor":11.0},{"not_picked":["Sword Boomerang","Iron Wave"],"picked":"Metallicize+1","floor":13.0},{"not_picked":["Fiend Fire","True Grit"],"picked":"Carnage","floor":14.0},{"not_picked":["Fiend Fire","Berserk+1"],"picked":"Barricade+1","floor":16.0},{"not_picked":["Blood for Blood","Reckless Charge"],"picked":"Anger","floor":18.0},{"not_picked":["Infernal Blade","Bloodletting"],"picked":"Cleave+1","floor":19.0},{"not_picked":["Hemokinesis+1","Twin Strike"],"picked":"Anger+1","floor":22.0},{"not_picked":["Shrug It Off+1","Sword Boomerang"],"picked":"Metallicize+1","floor":24.0},{"not_picked":["Flex+1","Intimidate+1"],"picked":"Ghostly Armor+1","floor":28.0},{"not_picked":["Uppercut","Anger"],"picked":"Shrug It Off+1","floor":31.0},{"not_picked":["Brutality+1","Reaper"],"picked":"Bludgeon","floor":33.0},{"not_picked":["Iron Wave","Twin Strike+1"],"picked":"Clothesline+1","floor":34.0},{"not_picked":["Infernal Blade+1","True Grit+1"],"picked":"Entrench+1","floor":34.0},{"not_picked":["Reckless Charge","Clash+1"],"picked":"Twin Strike+1","floor":34.0},{"not_picked":["Twin Strike","Armaments+1"],"picked":"Flame Barrier+1","floor":34.0},{"not_picked":["Cleave","Warcry+1"],"picked":"Headbutt+1","floor":34.0},{"not_picked":["Power Through+1","Burning Pact+1"],"picked":"Bloodletting+1","floor":35.0},{"not_picked":["Headbutt+1","Corruption+1"],"picked":"Perfected Strike+1","floor":37.0},{"not_picked":["Warcry+1","Iron Wave+1"],"picked":"Pommel Strike+1","floor":39.0},{"not_picked":["Flex+1","Headbutt"],"picked":"Shrug It Off+1","floor":40},{"not_picked":["Anger","Corruption+1"],"picked":"Searing Blow+1","floor":45},{"not_picked":["Clothesline","Barricade+1"],"picked":"Twin Strike+1","floor":46},{"not_picked":["Iron Wave+1","Rupture+1"],"picked":"Body Slam","floor":47}],"player_experience":0,"relics_obtained":[{"floor":5.0,"key":"Darkstone Periapt"},{"floor":6.0,"key":"Boot"},{"floor":9.0,"key":"Bronze Scales"},{"floor":11.0,"key":"Mummified Hand"},{"floor":24.0,"key":"Toxic Egg 2"},{"floor":26.0,"key":"Regal Pillow"},{"floor":36.0,"key":"Peace Pipe"},{"floor":43,"key":"Bag of Preparation"},{"floor":47,"key":"Incense Burner"}],"event_choices":[{"damage_healed":0.0,"max_hp_gain":0.0,"max_hp_loss":0.0,"gold_gain":0.0,"event_name":"Scrap Ooze","player_choice":"Success","floor":4.0,"gold_loss":0.0,"damage_taken":7.0,"relics_obtained":["Frozen Egg 2"]},{"damage_healed":26.0,"max_hp_gain":0.0,"max_hp_loss":0.0,"gold_gain":0.0,"event_name":"Big Fish","player_choice":"Banana","floor":8.0,"gold_loss":0.0,"damage_taken":0.0},{"cards_removed":["Strike_R"],"damage_healed":0.0,"max_hp_gain":0.0,"max_hp_loss":0.0,"gold_gain":0.0,"event_name":"Wheel of Change","player_choice":"Card Removal","floor":12.0,"gold_loss":0.0,"damage_taken":0.0},{"damage_healed":0.0,"max_hp_gain":0.0,"max_hp_loss":0.0,"gold_gain":0.0,"event_name":"Upgrade Shrine","player_choice":"Upgraded","floor":20.0,"gold_loss":0.0,"damage_taken":0.0,"cards_upgraded":["Anger"]},{"damage_healed":0.0,"max_hp_gain":0.0,"max_hp_loss":0.0,"gold_gain":0.0,"event_name":"Lab","player_choice":"Got Potions","floor":25.0,"gold_loss":0.0,"damage_taken":0.0},{"damage_healed":0.0,"max_hp_gain":0.0,"max_hp_loss":0.0,"gold_gain":0.0,"event_name":"Upgrade Shrine","player_choice":"Upgraded","floor":38.0,"gold_loss":0.0,"damage_taken":0.0,"cards_upgraded":["Carnage"]},{"damage_healed":0,"gold_gain":0,"player_choice":"Fight","damage_taken":0,"max_hp_gain":0,"max_hp_loss":0,"event_name":"MindBloom","floor":47,"gold_loss":0}],"is_beta":false,"boss_relics":[{"not_picked":["Runic Cube","Runic Dome"],"picked":"Astrolabe"},{"not_picked":["Coffee Dripper","Fusion Hammer"],"picked":"Orrery"}],"items_purged_floors":[],"is_endless":false,"potions_floor_spawned":[1,6,18,24,31,35,40,46,47],"ascension_level":0}