{"gold_per_floor":[113,129,79,79,94,129,4,4,57,74,94,94,23,40,40,136,136,146,166,186,163,163],"floor_reached":22,"playtime":829,"items_purged":["Doubt"],"score":195,"play_id":"9f041557-e7b8-4abb-aafa-07a829490ca9","local_time":"20180807230830","is_ascension_mode":true,"campfire_choices":[{"floor":8,"key":"REST"},{"floor":12,"key":"REST"},{"data":"Barricade","floor":15,"key":"SMITH"}],"neow_cost":"NONE","seed_source_timestamp":566258143246836,"circlet_count":0,"master_deck":["Strike_R","Strike_R","Strike_R","Strike_R","Strike_R","Defend_R","Defend_R","Defend_R","Defend_R","Bash","Writhe","Wild Strike","Armaments","Shrug It Off","Perfected Strike","Flex","Wild Strike","Twin Strike","Feed","Barricade+1","Impervious","Armaments","Rampage","Flex","Flex","Twin Strike","Seeing Red+1","Wild Strike","Headbutt","Shrug It Off"],"relics":["Calling Bell","Regal Pillow","Kunai","Nunchaku","Bronze Scales","Boot","Orichalcum","Odd Mushroom","Orrery"],"potions_floor_usage":[6,6,16,22],"damage_taken":[{"damage":10,"enemies":"2 Louse","floor":1,"turns":3},{"damage":8,"enemies":"Jaw Worm","floor":2,"turns":4},{"damage":10,"enemies":"Small Slimes","floor":5,"turns":2},{"damage":41,"enemies":"Lagavulin","floor":6,"turns":7},{"damage":0,"enemies":"3 Louse","floor":10,"turns":3},{"damage":12,"floor":11,"turns":5},{"damage":1,"enemies":"Exordium Wildlife","floor":14,"turns":2},{"damage":39,"enemies":"Hexaghost","floor":16,"turns":8},{"damage":12,"enemies":"Shell Parasite","floor":18,"turns":4},{"damage":20,"enemies":"2 Thieves","floor":19,"turns":5},{"damage":46,"enemies":"3 Cultists","floor":20,"turns":7},{"damage":7,"enemies":"Snake Plant","floor":22,"turns":2}],"seed_played":"-8794526296870773465","potions_obtained":[{"floor":1,"key":"FearPotion"},{"floor":2,"key":"Strength Potion"},{"floor":11,"key":"LiquidBronze"},{"floor":16,"key":"Weak Potion"}],"is_trial":false,"path_per_floor":["M","M","?","?","M","E","$","R","T","M","?","R","$","M","R","B",null,"M","M","M","$"],"character_chosen":"IRONCLAD","items_purchased":["Flex","Feed","Shrug It Off"],"campfire_rested":2,"item_purchase_floors":[7,13,21],"current_hp_per_floor":[70,62,62,55,45,4,4,43,43,43,31,70,70,69,69,30,80,68,48,5,5,0],"gold":163,"neow_bonus":"BOSS_RELIC","is_prod":false,"is_daily":false,"chose_seed":false,"campfire_upgraded":1,"win_rate":0,"timestamp":1533704910,"path_taken":["M","M","?","?","M","E","$","R","T","M","?","R","?","M","R","BOSS","M","M","M","$","M"],"build_version":"2018-08-02","purchased_purges":1,"victory":false,"max_hp_per_floor":[80,80,80,80,80,80,80,80,80,80,80,80,80,80,80,80,80,80,80,83,83,83],"card_choices":[{"not_picked":["Headbutt","Body Slam"],"picked":"Wild Strike","floor":1},{"not_picked":["Iron Wave","Dark Embrace"],"picked":"Armaments","floor":2},{"not_picked":["Sever Soul","Pommel Strike"],"picked":"Shrug It Off","floor":5},{"not_picked":["True Grit","Hemokinesis"],"picked":"Perfected Strike","floor":6},{"not_picked":["Heavy Blade","Clothesline"],"picked":"Wild Strike","floor":10},{"not_picked":["True Grit","Whirlwind"],"picked":"Twin Strike","floor":11},{"not_picked":["Havoc","Pommel Strike"],"picked":"Barricade","floor":14},{"not_picked":["Offering","Berserk"],"picked":"Impervious","floor":16},{"not_picked":["Shrug It Off","Burning Pact"],"picked":"Armaments","floor":17},{"not_picked":["Battle Trance","Shrug It Off"],"picked":"Rampage","floor":17},{"not_picked":["Hemokinesis","Bloodletting"],"picked":"Flex","floor":17},{"not_picked":["Dropkick","Uppercut"],"picked":"Flex","floor":17},{"not_picked":["Evolve","Pommel Strike"],"picked":"Twin Strike","floor":17},{"not_picked":["Body Slam","Clothesline"],"picked":"Seeing Red+1","floor":18},{"not_picked":["Flame Barrier","Clash"],"picked":"Wild Strike","floor":19},{"not_picked":["Pommel Strike","Exhume"],"picked":"Headbutt","floor":20}],"player_experience":217097,"relics_obtained":[{"floor":0,"key":"Regal Pillow"},{"floor":0,"key":"Kunai"},{"floor":0,"key":"Nunchaku"},{"floor":6,"key":"Boot"},{"floor":9,"key":"Orichalcum"},{"floor":11,"key":"Odd Mushroom"}],"event_choices":[{"event_name":"The Cleric","player_choice":"Card Removal","floor":3,"damage_taken":0},{"event_name":"Scrap Ooze","player_choice":"success","floor":4,"damage_taken":7},{"event_name":"Mushrooms","player_choice":"Fought Mushrooms","floor":11,"damage_taken":0}],"is_beta":false,"boss_relics":[{"not_picked":["Mark of Pain","Black Star"],"picked":"Orrery"}],"items_purged_floors":[7],"is_endless":false,"potions_floor_spawned":[1,2,11,16],"killed_by":"Snake Plant","ascension_level":1}