{"gold_per_floor":[119,133,145,145,95,120,132,146,197,216,16,16,44,62,62,166,166,166,166,166,166,166,166,166,166,166,166,166,166,166,76,76,76,76,76,76,76,76,76,76,76,76,76,76,76,76,76,0,0,0],"floor_reached":50,"playtime":5697,"items_purged":["Strike_G"],"score":631,"play_id":"67dc4e83-897c-4abc-a52a-36f3db90abc3","local_time":"20190131123647","is_ascension_mode":false,"campfire_choices":[{"floor":12,"key":"REST"},{"data":"Crippling Poison","floor":15,"key":"SMITH"},{"floor":23,"key":"REST"},{"floor":25,"key":"REST"},{"data":"Noxious Fumes","floor":32,"key":"SMITH"},{"data":"Prepared","floor":49,"key":"SMITH"}],"neow_cost":"NONE","seed_source_timestamp":217614154287277,"circlet_count":0,"master_deck":["Defend_G","Defend_G","Defend_G","Defend_G","Strike_G","Strike_G","Strike_G","Survivor","Neutralize","Crippling Poison+1","Blade Dance","Deadly Poison","Finisher","Prepared+1","Bane","Deadly Poison","Cloak And Dagger","Endless Agony","Bullet Time","Deadly Poison","Deadly Poison","Deadly Poison","Die Die Die","Quick Slash+1","Cloak And Dagger","Noxious Fumes+1","Adrenaline","Prepared+1","Discovery","Flash of Steel","Secret Weapon","Backstab","Deadly Poison+1","Noxious Fumes","Poisoned Stab+1","Backstab+1","Escape Plan"],"relics":["Ring of the Snake","Matryoshka","Bottled Lightning","Juzu Bracelet","Oddly Smooth Stone","Boot","Ectoplasm","Smiling Mask","Vajra","Pantograph","Thread and Needle","Lantern","Bottled Flame","WristBlade","Regal Pillow","Gambling Chip","Strawberry","The Specimen","MawBank","Red Mask"],"potions_floor_usage":[33,44,46,46,50,50],"damage_taken":[{"damage":3,"enemies":"Small Slimes","floor":1,"turns":4},{"damage":0,"enemies":"Jaw Worm","floor":2,"turns":7},{"damage":0,"enemies":"Cultist","floor":3,"turns":4},{"damage":11,"enemies":"Lagavulin","floor":6,"turns":8},{"damage":0,"enemies":"2 Fungi Beasts","floor":7,"turns":4},{"damage":7,"enemies":"3 Louse","floor":8,"turns":4},{"damage":9,"enemies":"Exordium Thugs","floor":10,"turns":5},{"damage":15,"enemies":"3 Sentries","floor":13,"turns":8},{"damage":0,"enemies":"Looter","floor":14,"turns":3},{"damage":14,"enemies":"Hexaghost","floor":16,"turns":8},{"damage":21,"enemies":"Spheric Guardian","floor":18,"turns":5},{"damage":0,"enemies":"Shell Parasite","floor":19,"turns":4},{"damage":6,"enemies":"Chosen and Byrds","floor":22,"turns":3},{"damage":16,"enemies":"Gremlin Leader","floor":24,"turns":6},{"damage":0,"enemies":"Snecko","floor":27,"turns":3},{"damage":8,"enemies":"Book of Stabbing","floor":28,"turns":4},{"damage":5,"enemies":"Centurion and Healer","floor":29,"turns":5},{"damage":4,"enemies":"Snake Plant","floor":30,"turns":3},{"damage":74,"enemies":"Collector","floor":33,"turns":6},{"damage":0,"enemies":"3 Darklings","floor":35,"turns":3},{"damage":0,"enemies":"3 Shapes","floor":38,"turns":4},{"damage":0,"enemies":"3 Darklings","floor":39,"turns":1},{"damage":27,"enemies":"Reptomancer","floor":41,"turns":4},{"damage":23,"enemies":"Mind Bloom Boss Battle","floor":42,"turns":5},{"damage":3,"enemies":"Maw","floor":44,"turns":6},{"damage":10,"enemies":"2 Orb Walkers","floor":45,"turns":4},{"damage":0,"enemies":"Giant Head","floor":46,"turns":3},{"damage":0,"enemies":"Sphere and 2 Shapes","floor":47,"turns":3},{"damage":81,"enemies":"Time Eater","floor":50,"turns":6}],"seed_played":"2710088687699496133","potions_obtained":[{"floor":1,"key":"Regen Potion"},{"floor":2,"key":"SkillPotion"},{"floor":7,"key":"Swift Potion"},{"floor":16,"key":"AttackPotion"},{"floor":19,"key":"PowerPotion"},{"floor":38,"key":"Explosive Potion"},{"floor":44,"key":"FearPotion"},{"floor":47,"key":"GamblersBrew"}],"is_trial":false,"path_per_floor":["?","?","?","T","?","?","?","?","?","?"],"character_chosen":"THE_SILENT","items_purchased":["Oddly Smooth Stone","Cloak And Dagger","Noxious Fumes"],"campfire_rested":3,"item_purchase_floors":[11,11,31],"current_hp_per_floor":[74,74,74,74,74,63,63,56,56,47,47,70,55,55,55,41,77,56,56,56,56,50,73,57,77,77,77,69,64,60,60,60,3,77,77,77,67,67,67,67,40,42,49,61,51,51,51,51,51,0],"gold":0,"neow_bonus":"TEN_PERCENT_HP_BONUS","is_prod":false,"is_daily":false,"chose_seed":false,"campfire_upgraded":3,"win_rate":0.0,"timestamp":1548956207,"path_taken":["M","M","M","?","?","E","M","M","T","M","$","R","E","M","R","BOSS","M","M","?","?","M","R","E","R","T","M","E","M","M","$","R","BOSS","M","?","?","M","M","?","E","?","T","M","?","E","M","?","R","BOSS"],"build_version":"2019-01-23","purchased_purges":1,"victory":false,"max_hp_per_floor":[77,77,77,77,77,77,77,77,77,77,77,77,77,77,77,77,77,77,77,77,77,77,77,77,77,77,77,77,77,77,77,77,77,77,77,77,77,77,77,73,73,73,80,80,80,80,80,80,80,80],"card_choices":[{"not_picked":["Footwork","Flechettes"],"picked":"Crippling Poison","floor":1},{"not_picked":["Riddle With Holes","Prepared"],"picked":"Blade Dance","floor":2},{"not_picked":["Catalyst","Sucker Punch"],"picked":"Deadly Poison","floor":3},{"not_picked":["Choke","Tools of the Trade"],"picked":"Finisher","floor":6},{"not_picked":["Quick Slash","Acrobatics"],"picked":"Prepared","floor":7},{"not_picked":["Sucker Punch","Quick Slash"],"picked":"Bane","floor":8},{"not_picked":["Slice","Dodge and Roll"],"picked":"Deadly Poison","floor":10},{"not_picked":["Flying Knee","Outmaneuver"],"picked":"Endless Agony","floor":13},{"not_picked":["Masterful Stab","Malaise","Expertise"],"picked":"SKIP","floor":14},{"not_picked":["Unload","Wraith Form v2"],"picked":"Bullet Time","floor":16},{"not_picked":["Blur+1","Acrobatics"],"picked":"Deadly Poison","floor":18},{"not_picked":["Endless Agony","Sucker Punch"],"picked":"Deadly Poison","floor":19},{"not_picked":["Reflex","Deflect"],"picked":"Deadly Poison","floor":22},{"not_picked":["Dagger Throw+1","Escape Plan"],"picked":"Die Die Die","floor":24},{"not_picked":["PiercingWail","Outmaneuver","Dagger Throw"],"picked":"SKIP","floor":27},{"not_picked":["Expertise","Heel Hook"],"picked":"Quick Slash+1","floor":28},{"not_picked":["Choke+1","Finisher"],"picked":"Cloak And Dagger","floor":29},{"not_picked":["Backflip+1","Blur+1","Expertise"],"picked":"SKIP","floor":30},{"not_picked":["Die Die Die","Bullet Time"],"picked":"Adrenaline","floor":33},{"not_picked":["Deflect+1","Riddle With Holes+1"],"picked":"Prepared+1","floor":35},{"not_picked":["Mind Blast","Panacea"],"picked":"Discovery","floor":37},{"not_picked":["Secret Technique","Mind Blast"],"picked":"Flash of Steel","floor":37},{"not_picked":["Dark Shackles","Jack Of All Trades"],"picked":"Secret Weapon","floor":37},{"not_picked":["Outmaneuver","PiercingWail+1"],"picked":"Backstab","floor":38},{"not_picked":["Acrobatics","Deflect"],"picked":"Deadly Poison+1","floor":39},{"not_picked":["Accuracy+1","Terror"],"picked":"Noxious Fumes","floor":41},{"not_picked":["Dagger Spray+1","Deadly Poison+1"],"picked":"Poisoned Stab+1","floor":42},{"not_picked":["Dash+1","Choke+1","Terror+1"],"picked":"SKIP","floor":44},{"not_picked":["PiercingWail+1","Adrenaline"],"picked":"Backstab+1","floor":45},{"not_picked":["Leg Sweep","Outmaneuver+1"],"picked":"Escape Plan","floor":46},{"not_picked":["Sucker Punch+1","Backflip+1","Calculated Gamble"],"picked":"SKIP","floor":47}],"player_experience":65828,"relics_obtained":[{"floor":6,"key":"Matryoshka"},{"floor":9,"key":"Bottled Lightning"},{"floor":9,"key":"Juzu Bracelet"},{"floor":13,"key":"Boot"},{"floor":21,"key":"Vajra"},{"floor":21,"key":"Pantograph"},{"floor":24,"key":"Thread and Needle"},{"floor":26,"key":"Lantern"},{"floor":28,"key":"Bottled Flame"},{"floor":41,"key":"Regal Pillow"},{"floor":42,"key":"Gambling Chip"},{"floor":43,"key":"Strawberry"},{"floor":45,"key":"The Specimen"},{"floor":46,"key":"MawBank"}],"event_choices":[{"damage_healed":0,"gold_gain":0,"player_choice":"Ignored","damage_taken":0,"max_hp_gain":0,"max_hp_loss":0,"event_name":"Liars Game","floor":4,"gold_loss":0},{"cards_removed":["Strike_G"],"damage_healed":0,"gold_gain":0,"player_choice":"Card Removal","damage_taken":0,"max_hp_gain":0,"max_hp_loss":0,"event_name":"The Cleric","floor":5,"gold_loss":50},{"damage_healed":0,"gold_gain":0,"player_choice":"Opened","damage_taken":0,"relics_obtained":["Smiling Mask"],"max_hp_gain":0,"max_hp_loss":0,"event_name":"The Mausoleum","floor":20,"gold_loss":0},{"cards_removed":["Defend_G"],"damage_healed":0,"gold_gain":0,"player_choice":"Removed Skill","damage_taken":0,"max_hp_gain":0,"max_hp_loss":0,"event_name":"Falling","floor":36,"gold_loss":0},{"damage_healed":0,"gold_gain":0,"player_choice":"Memory 3","damage_taken":10,"max_hp_gain":0,"max_hp_loss":0,"event_name":"SensoryStone","floor":37,"gold_loss":0},{"damage_healed":0,"gold_gain":0,"player_choice":"Max HP","damage_taken":0,"max_hp_gain":0,"max_hp_loss":4,"event_name":"Winding Halls","floor":40,"gold_loss":0},{"damage_healed":0,"gold_gain":0,"player_choice":"Fight","damage_taken":0,"max_hp_gain":0,"max_hp_loss":0,"event_name":"MindBloom","floor":42,"gold_loss":0},{"damage_healed":0,"gold_gain":0,"player_choice":"Fight","damage_taken":0,"max_hp_gain":0,"max_hp_loss":0,"event_name":"Mysterious Sphere","floor":45,"gold_loss":0},{"damage_healed":0,"gold_gain":0,"player_choice":"Paid","damage_taken":0,"relics_obtained":["Red Mask"],"max_hp_gain":0,"max_hp_loss":0,"event_name":"Tomb of Lord Red Mask","floor":48,"gold_loss":76}],"is_beta":false,"boss_relics":[{"not_picked":["Busted Crown","Ring of the Serpent"],"picked":"Ectoplasm"},{"not_picked":["HoveringKite","Sozu"],"picked":"WristBlade"}],"items_purged_floors":[31],"is_endless":false,"potions_floor_spawned":[1,2,7,13,16,19,22,27,38,39,41,44,47],"killed_by":"Time Eater","ascension_level":0}