{"gold_per_floor":[118,118,193,80,80,113,113,126,126,180,99,114,114,145,145,264,264,285,299,224,139,158,158,197,17,17,33,76,94,193,228,228,347,347,361,461,481,414,429,472,472,485,539,605,625,625,660,683,683,683,683,683,88,128,128],"floor_reached":56,"playtime":7817,"items_purged":["Dualcast","Defend_B","Defend_B"],"score":1288,"play_id":"ee7a0e74-c450-455a-896e-b9a090bb6c59","local_time":"20190219020011","is_ascension_mode":false,"campfire_choices":[{"data":"Zap","floor":7,"key":"SMITH"},{"data":"Loop","floor":13,"key":"SMITH"},{"data":"Static Discharge","floor":15,"key":"SMITH"},{"data":"Biased Cognition","floor":23,"key":"SMITH"},{"floor":32,"key":"REST"},{"floor":49,"key":"RECALL"},{"data":"Fusion+1","floor":52,"key":"PURGE"}],"neow_cost":"NONE","seed_source_timestamp":430969234563242,"circlet_count":0,"master_deck":["Strike_B","Strike_B+1","Strike_B","Defend_B","Zap+1","Conserve Battery","FTL+1","Loop+1","Static Discharge+1","Conserve Battery","Genetic Algorithm","Hello World","Defragment","Capacitor","Hello World","Self Repair","Static Discharge+1","Creative AI","Storm","Heatsinks","Echo Form","Defragment"],"relics":["FrozenCore","NeowsBlessing","Golden Idol","Mummified Hand","Dodecahedron","Bag of Preparation","Odd Mushroom","Nuclear Battery","Lantern","Peace Pipe","Singing Bowl","Pen Nib","Potion Belt","Centennial Puzzle","Mango","Symbiotic Virus","Whetstone","Bottled Lightning","Strawberry"],"potions_floor_usage":[24,31,31,33,42,44,55,55,55,55,55,55,55],"damage_taken":[{"damage":0,"enemies":"2 Louse","floor":1,"turns":1},{"damage":0,"enemies":"3 Sentries","floor":6,"turns":1},{"damage":0,"enemies":"Small Slimes","floor":8,"turns":1},{"damage":0,"enemies":"Cultist","floor":12,"turns":3},{"damage":6,"enemies":"The Mushroom Lair","floor":14,"turns":4},{"damage":14,"enemies":"The Guardian","floor":16,"turns":9},{"damage":0,"enemies":"Chosen","floor":18,"turns":4},{"damage":7,"enemies":"Shell Parasite","floor":19,"turns":3},{"damage":0,"enemies":"3 Cultists","floor":22,"turns":5},{"damage":22,"enemies":"Slavers","floor":24,"turns":4},{"damage":7,"enemies":"Centurion and Healer","floor":27,"turns":3},{"damage":25,"enemies":"Gremlin Leader","floor":28,"turns":5},{"damage":7,"enemies":"Shelled Parasite and Fungi","floor":29,"turns":3},{"damage":2,"enemies":"Book of Stabbing","floor":31,"turns":4},{"damage":27,"enemies":"Collector","floor":33,"turns":7},{"damage":5,"enemies":"Orb Walker","floor":35,"turns":4},{"damage":26,"enemies":"3 Darklings","floor":37,"turns":53},{"damage":16,"enemies":"Transient","floor":39,"turns":5},{"damage":22,"enemies":"Nemesis","floor":40,"turns":5},{"damage":21,"enemies":"4 Shapes","floor":42,"turns":63},{"damage":20,"enemies":"2 Orb Walkers","floor":44,"turns":4},{"damage":25,"enemies":"Jaw Worm Horde","floor":45,"turns":3},{"damage":37,"enemies":"Giant Head","floor":47,"turns":7},{"damage":5,"enemies":"Maw","floor":48,"turns":5},{"damage":49,"enemies":"Time Eater","floor":50,"turns":6},{"damage":20,"enemies":"Shield and Spear","floor":54,"turns":3},{"damage":73,"enemies":"The Heart","floor":55,"turns":5}],"seed_played":"1112842491482840823","potions_obtained":[{"floor":8,"key":"SpeedPotion"},{"floor":14,"key":"Fire Potion"},{"floor":16,"key":"Weak Potion"},{"floor":24,"key":"EssenceOfSteel"},{"floor":31,"key":"Swift Potion"},{"floor":33,"key":"SpeedPotion"},{"floor":35,"key":"EntropicBrew"},{"floor":42,"key":"SkillPotion"},{"floor":47,"key":"SmokeBomb"},{"floor":48,"key":"SpeedPotion"}],"is_trial":false,"path_per_floor":["?","?","?","T","?","?","?","?","?","M","?","?","?"],"character_chosen":"DEFECT","items_purchased":["FTL","Static Discharge","Capacitor","Storm","Defragment","Whetstone","Bottled Lightning"],"campfire_rested":1,"item_purchase_floors":[4,11,25,38,53,53,53],"current_hp_per_floor":[75,57,46,46,39,39,39,39,39,39,39,39,39,33,33,19,75,75,68,68,68,68,68,46,46,46,39,16,9,9,14,37,17,77,79,79,62,62,53,40,40,28,28,31,15,90,60,62,62,20,90,90,90,86,20],"gold":128,"neow_bonus":"THREE_ENEMY_KILL","is_prod":false,"is_daily":false,"chose_seed":false,"campfire_upgraded":4,"win_rate":0,"timestamp":1550559611,"path_taken":["M","?","?","$","?","E","R","M","T","?","$","M","R","?","R","BOSS","M","M","?","?","M","R","E","$","T","M","E","M","?","E","R","BOSS","M","?","M","$","?","E","?","M","T","?","M","?","E","M","R","BOSS","R","$","E","BOSS"],"build_version":"2019-01-23","purchased_purges":3,"victory":true,"max_hp_per_floor":[75,75,75,75,75,75,75,75,75,75,75,75,75,75,75,75,75,75,75,75,75,75,75,75,75,75,75,77,77,77,77,77,77,77,79,79,81,81,81,83,83,85,85,101,103,90,90,90,90,90,90,90,90,99,99],"card_choices":[{"not_picked":["Hologram","Go for the Eyes"],"picked":"Conserve Battery","floor":1},{"not_picked":["Machine Learning","Lockon"],"picked":"Loop","floor":6},{"not_picked":["Scrape","Turbo","Compile Driver"],"picked":"SKIP","floor":8},{"not_picked":["Ball Lightning","Chill"],"picked":"Conserve Battery","floor":12},{"not_picked":["Amplify","Thunder Strike"],"picked":"Biased Cognition","floor":16},{"not_picked":["Doom and Gloom","Steam Power"],"picked":"Genetic Algorithm","floor":18},{"not_picked":["Chaos","BootSequence"],"picked":"Hello World","floor":19},{"not_picked":["Steam","Redo"],"picked":"Defragment","floor":22},{"not_picked":["Hyperbeam","Beam Cell","Double Energy"],"picked":"SKIP","floor":24},{"not_picked":["Conserve Battery","Steam+1"],"picked":"Hello World","floor":27},{"not_picked":["Auto Shields","Go for the Eyes","Compile Driver"],"picked":"Singing Bowl","floor":28},{"not_picked":["Undo","Gash"],"picked":"Self Repair","floor":29},{"not_picked":["Streamline","Sweeping Beam"],"picked":"Static Discharge+1","floor":31},{"not_picked":["Seek","Echo Form"],"picked":"Creative AI","floor":33},{"not_picked":["Doom and Gloom","Melter","Fusion+1"],"picked":"Singing Bowl","floor":35},{"not_picked":["Steam Power+1","Heatsinks+1","Scrape+1"],"picked":"Singing Bowl","floor":37},{"not_picked":["Cold Snap+1","Ball Lightning"],"picked":"Fusion+1","floor":39},{"not_picked":["Loop+1","Gash","Force Field+1"],"picked":"Singing Bowl","floor":40},{"not_picked":["Beam Cell","Hello World","Stack"],"picked":"Singing Bowl","floor":42},{"not_picked":["Cold Snap","Rebound+1","Fusion+1"],"picked":"Singing Bowl","floor":44},{"not_picked":["Aggregate","Go for the Eyes+1","Chill+1"],"picked":"Singing Bowl","floor":45},{"not_picked":["Redo+1","Barrage"],"picked":"Heatsinks","floor":47},{"not_picked":["Barrage+1","Coolheaded+1"],"picked":"Echo Form","floor":48},{"not_picked":["Redo+1","Turbo+1","Compile Driver"],"picked":"Singing Bowl","floor":54}],"player_experience":533300,"relics_obtained":[{"floor":6,"key":"Mummified Hand"},{"floor":9,"key":"Dodecahedron"},{"floor":10,"key":"Bag of Preparation"},{"floor":14,"key":"Odd Mushroom"},{"floor":24,"key":"Peace Pipe"},{"floor":26,"key":"Singing Bowl"},{"floor":28,"key":"Pen Nib"},{"floor":31,"key":"Potion Belt"},{"floor":40,"key":"Centennial Puzzle"},{"floor":44,"key":"Mango"},{"floor":47,"key":"Symbiotic Virus"},{"floor":54,"key":"Strawberry"}],"event_choices":[{"damage_healed":0,"gold_gain":0,"player_choice":"Take Damage","damage_taken":18,"relics_obtained":["Golden Idol"],"max_hp_gain":0,"max_hp_loss":0,"event_name":"Golden Idol","floor":2,"gold_loss":0},{"damage_healed":0,"gold_gain":75,"player_choice":"Gather Gold","damage_taken":11,"max_hp_gain":0,"max_hp_loss":0,"event_name":"World of Goop","floor":3,"gold_loss":0},{"cards_removed":["Defend_B"],"damage_healed":0,"gold_gain":0,"player_choice":"Card Removal","damage_taken":7,"max_hp_gain":0,"max_hp_loss":0,"event_name":"Golden Wing","floor":5,"gold_loss":0},{"damage_healed":0,"gold_gain":0,"player_choice":"Fought Mushrooms","damage_taken":0,"max_hp_gain":0,"max_hp_loss":0,"event_name":"Mushrooms","floor":14,"gold_loss":0},{"cards_removed":["Strike_B"],"damage_healed":0,"gold_gain":0,"player_choice":"Gave Gold","damage_taken":0,"max_hp_gain":0,"max_hp_loss":0,"event_name":"Beggar","floor":20,"gold_loss":75},{"damage_healed":0,"gold_gain":0,"player_choice":"Obtained Relic","damage_taken":0,"relics_obtained":["Lantern"],"max_hp_gain":0,"max_hp_loss":0,"event_name":"Addict","floor":21,"gold_loss":85},{"damage_healed":0,"gold_gain":99,"player_choice":"Stole From Cult","damage_taken":0,"max_hp_gain":0,"max_hp_loss":0,"event_name":"Nest","floor":30,"gold_loss":0},{"damage_healed":0,"gold_gain":100,"player_choice":"Pray","damage_taken":0,"max_hp_gain":0,"max_hp_loss":0,"event_name":"Golden Shrine","floor":36,"gold_loss":0},{"cards_removed":["Biased Cognition"],"damage_healed":0,"gold_gain":0,"player_choice":"Removed Power","damage_taken":0,"max_hp_gain":0,"max_hp_loss":0,"event_name":"Falling","floor":41,"gold_loss":0},{"damage_healed":0,"gold_gain":0,"player_choice":"Fight","damage_taken":0,"max_hp_gain":0,"max_hp_loss":0,"event_name":"Mysterious Sphere","floor":44,"gold_loss":0},{"damage_healed":90,"gold_gain":0,"player_choice":"Heal","damage_taken":0,"max_hp_gain":0,"max_hp_loss":13,"event_name":"The Moai Head","floor":46,"gold_loss":0}],"is_beta":false,"boss_relics":[{"not_picked":["White Beast Statue","Empty Cage"],"picked":"Nuclear Battery"},{"not_picked":["Velvet Choker","Runic Dome"],"picked":"FrozenCore"}],"items_purged_floors":[4,25,53],"is_endless":false,"potions_floor_spawned":[8,14,16,19,24,27,29,31,33,35,42,47,48],"ascension_level":0}