{"gold_per_floor":[110,285,160,179,195,195,222,222,268,302,318,318,318,268,268,371,371,391,306,306,227,241,241,254,254],"floor_reached":25,"playtime":761,"items_purged":["Doubt"],"score":251,"play_id":"3fc2954f-ff31-4478-af81-7e7f9fe82ef3","local_time":"20190117230038","is_ascension_mode":true,"campfire_choices":[{"data":"Sword Boomerang","floor":6,"key":"SMITH"},{"data":"Headbutt","floor":8,"key":"SMITH"},{"data":"Iron Wave","floor":13,"key":"SMITH"},{"data":"Bash","floor":15,"key":"SMITH"}],"neow_cost":"NONE","seed_source_timestamp":437065986359817,"circlet_count":0,"master_deck":["Strike_R","Strike_R","Strike_R","Defend_R","Defend_R","Defend_R","Defend_R","Bash+1","Limit Break","Sword Boomerang+1","Headbutt+1","Iron Wave+1","Thunderclap","Brutality","Spot Weakness","Rupture+1"],"relics":["Black Blood","Oddly Smooth Stone","Bag of Marbles","Strawberry","Boot","Shovel"],"potions_floor_usage":[10,16,16],"damage_taken":[{"damage":4,"enemies":"Small Slimes","floor":1,"turns":4},{"damage":10,"enemies":"2 Louse","floor":4,"turns":2},{"damage":7,"enemies":"Jaw Worm","floor":5,"turns":2},{"damage":32,"enemies":"Gremlin Nob","floor":7,"turns":5},{"damage":28,"enemies":"Lagavulin","floor":10,"turns":5},{"damage":0,"enemies":"2 Fungi Beasts","floor":11,"turns":3},{"damage":36,"enemies":"Hexaghost","floor":16,"turns":9},{"damage":8,"enemies":"3 Byrds","floor":18,"turns":6},{"damage":24,"enemies":"Spheric Guardian","floor":22,"turns":4},{"damage":30,"enemies":"Centurion and Healer","floor":24,"turns":3},{"damage":53,"enemies":"Book of Stabbing","floor":25,"turns":5}],"seed_played":"8116523685624602579","potions_obtained":[{"floor":5,"key":"SkillPotion"},{"floor":7,"key":"SneckoOil"},{"floor":11,"key":"Strength Potion"},{"floor":24,"key":"Explosive Potion"}],"is_trial":false,"path_per_floor":["M","?","$","M","M","R","E","R","T","E","M","?","R","?","R","B",null,"M","?","?","$","M","$","M","E"],"character_chosen":"IRONCLAD","items_purchased":["Headbutt","Spot Weakness"],"campfire_rested":0,"item_purchase_floors":[3,21],"current_hp_per_floor":[80,80,80,76,75,75,49,49,49,34,40,37,37,37,37,7,87,87,87,87,87,73,73,53,0],"gold":254,"neow_bonus":"ONE_RANDOM_RARE_CARD","is_prod":false,"is_daily":false,"chose_seed":false,"campfire_upgraded":4,"win_rate":0,"timestamp":1547794838,"path_taken":["M","?","$","M","M","R","E","R","T","E","M","?","R","?","R","BOSS","M","?","?","$","?","$","M","E"],"build_version":"2019-01-17","purchased_purges":1,"victory":false,"max_hp_per_floor":[80,80,80,80,80,80,80,80,80,87,87,87,87,87,87,87,87,87,87,87,87,87,87,87,87],"card_choices":[{"not_picked":["Perfected Strike","Flex"],"picked":"Sword Boomerang","floor":1},{"not_picked":["Wild Strike","Twin Strike"],"picked":"Iron Wave","floor":4},{"not_picked":["Warcry","Body Slam"],"picked":"Thunderclap","floor":5},{"not_picked":["Thunderclap","Berserk","Metallicize"],"picked":"SKIP","floor":7},{"not_picked":["Reckless Charge","Bloodletting","Blood for Blood"],"picked":"SKIP","floor":10},{"not_picked":["Rupture","Clash","Iron Wave"],"picked":"SKIP","floor":11},{"not_picked":["Berserk","Barricade"],"picked":"Brutality","floor":16},{"not_picked":["Rage","Rampage+1","Twin Strike"],"picked":"SKIP","floor":18},{"not_picked":["Havoc+1","Pummel","Body Slam"],"picked":"SKIP","floor":22},{"not_picked":["Thunderclap+1","Spot Weakness"],"picked":"Rupture+1","floor":24}],"player_experience":247285,"relics_obtained":[{"floor":7,"key":"Oddly Smooth Stone"},{"floor":9,"key":"Bag of Marbles"},{"floor":10,"key":"Strawberry"}],"event_choices":[{"damage_healed":0,"gold_gain":175,"player_choice":"AGREE","damage_taken":0,"max_hp_gain":0,"max_hp_loss":0,"event_name":"Liars Game","floor":2,"gold_loss":0,"cards_obtained":["Doubt"]},{"damage_healed":0,"gold_gain":0,"player_choice":"Success","damage_taken":3,"relics_obtained":["Boot"],"max_hp_gain":0,"max_hp_loss":0,"event_name":"Scrap Ooze","floor":12,"gold_loss":0},{"cards_removed":["Strike_R"],"damage_healed":0,"gold_gain":0,"player_choice":"Card Removal","damage_taken":0,"max_hp_gain":0,"max_hp_loss":0,"event_name":"The Cleric","floor":14,"gold_loss":50},{"damage_healed":0,"gold_gain":0,"player_choice":"Obtained Relic","damage_taken":0,"relics_obtained":["Shovel"],"max_hp_gain":0,"max_hp_loss":0,"event_name":"Addict","floor":19,"gold_loss":85},{"cards_removed":["Strike_R"],"damage_healed":0,"gold_gain":0,"player_choice":"Offered Basic","damage_taken":0,"max_hp_gain":0,"max_hp_loss":0,"event_name":"Bonfire Elementals","floor":20,"gold_loss":0}],"is_beta":false,"boss_relics":[{"not_picked":["Fusion Hammer","Black Star"],"picked":"Black Blood"}],"items_purged_floors":[3],"is_endless":false,"potions_floor_spawned":[5,7,11,24],"killed_by":"Book of Stabbing","ascension_level":4}