{"gold_per_floor":[117,134,147,157,157,157,167,167,167,177,177,196,222,242,242,341,341,351,351,351,35,0,32,46,46,46,46,75,75,26,36,36,36],"floor_reached":33,"playtime":964,"items_purged":[],"score":277,"play_id":"f774a959-1a4c-42b4-a392-c8dc722fe767","local_time":"20190204111747","is_ascension_mode":false,"campfire_choices":[{"data":"Armaments","floor":6.0,"key":"SMITH"},{"data":"Infernal Blade","floor":8.0,"key":"SMITH"},{"data":"Demon Form","floor":11.0,"key":"SMITH"},{"data":"Fiend Fire","floor":15.0,"key":"SMITH"},{"floor":25.0,"key":"REST"},{"floor":27.0,"key":"REST"},{"floor":32,"key":"REST"}],"neow_cost":"NONE","seed_source_timestamp":514496936755553,"circlet_count":0,"master_deck":["Strike_R","Strike_R","Strike_R","Strike_R","Strike_R","Defend_R","Defend_R","Defend_R","Defend_R","Bash","Fiend Fire+1","Infernal Blade+1","Armaments+1","Clothesline","Inflame","Demon Form+1","Sword Boomerang","Heavy Blade","Flex","Offering","Feel No Pain","RitualDagger","Exhume","Sadistic Nature","Heavy Blade","Twin Strike","Sword Boomerang","Flex","Ghostly Armor"],"special_seed":0,"relics":["Burning Blood"],"potions_floor_usage":[28,31],"damage_taken":[{"damage":6.0,"enemies":"Cultist","floor":1.0,"turns":3.0},{"damage":0.0,"enemies":"Small Slimes","floor":2.0,"turns":3.0},{"damage":6.0,"enemies":"Jaw Worm","floor":3.0,"turns":2.0},{"damage":8.0,"enemies":"Exordium Thugs","floor":4.0,"turns":5.0},{"damage":13.0,"enemies":"Blue Slaver","floor":7.0,"turns":4.0},{"damage":8.0,"enemies":"Exordium Wildlife","floor":10.0,"turns":5.0},{"damage":0.0,"enemies":"Large Slime","floor":12.0,"turns":3.0},{"damage":10.0,"enemies":"Looter","floor":14.0,"turns":3.0},{"damage":21.0,"enemies":"Hexaghost","floor":16.0,"turns":7.0},{"damage":9.0,"enemies":"Chosen","floor":18.0,"turns":4.0},{"damage":46.0,"enemies":"Book of Stabbing","floor":23.0,"turns":5.0},{"damage":26.0,"enemies":"3 Byrds","floor":24.0,"turns":4.0},{"damage":62,"enemies":"Slavers","floor":28,"turns":6},{"damage":16,"enemies":"Cultist and Chosen","floor":31,"turns":4},{"damage":66,"enemies":"Automaton","floor":33,"turns":6}],"seed_played":"-3426692819135707723","potions_obtained":[{"floor":4.0,"key":"Weak Potion"},{"floor":7.0,"key":"Energy Potion"},{"floor":10.0,"key":"Explosive Potion"},{"floor":24.0,"key":"BloodPotion"},{"floor":28,"key":"BloodPotion"}],"is_trial":false,"path_per_floor":["M","M","M","M","?","R","M","R","T","M","R","M","T","M","R","B",null,"M","?","?","$","?","E","M","R","T","R","E","?","$","M","R","B"],"character_chosen":"IRONCLAD","items_purchased":["Exhume","Sadistic Nature","Flex"],"campfire_rested":3,"item_purchase_floors":[21,21,30],"current_hp_per_floor":[80,80,80,78,78,78,71,71,71,69,69,75,75,71,71,56,80,77,71,71,71,71,31,11,35,35,59,11,37,37,35,59,0],"gold":36,"neow_bonus":"ONE_RANDOM_RARE_CARD","is_prod":false,"is_daily":false,"chose_seed":false,"campfire_upgraded":4,"win_rate":0,"timestamp":1549304267,"path_taken":["M","M","M","?","?","R","?","R","T","M","R","M","?","M","R","BOSS","M","?","?","?","?","E","M","R","T","R","E","?","$","M","R","BOSS"],"build_version":"2019-01-23","purchased_purges":0,"victory":false,"max_hp_per_floor":[80,80,80,80,80,80,80,80,80,80,80,80,80,80,80,80,80,80,80,80,80,80,80,80,80,80,80,80,80,80,80,80,80],"card_choices":[{"not_picked":["Headbutt","Pommel Strike"],"picked":"Ghostly Armor","floor":1.0},{"not_picked":["Entrench","True Grit"],"picked":"Infernal Blade","floor":2.0},{"not_picked":["Havoc","Warcry"],"picked":"Armaments","floor":3.0},{"not_picked":["Bloodletting","Headbutt"],"picked":"Clothesline","floor":4.0},{"not_picked":["Fire Breathing","Metallicize"],"picked":"Demon Form","floor":7.0},{"not_picked":["Headbutt","Iron Wave"],"picked":"Sword Boomerang","floor":10.0},{"not_picked":["Cleave","Thunderclap"],"picked":"Heavy Blade","floor":12.0},{"not_picked":["Searing Blow","Anger"],"picked":"Flex","floor":14.0},{"not_picked":["Impervious","Juggernaut"],"picked":"Offering","floor":16.0},{"not_picked":["Entrench+1","Clothesline"],"picked":"Feel No Pain","floor":18.0},{"not_picked":["Anger","Wild Strike"],"picked":"Heavy Blade","floor":23.0},{"not_picked":["Wild Strike+1","Metallicize"],"picked":"Twin Strike","floor":24.0},{"not_picked":["Dropkick","Evolve"],"picked":"Sword Boomerang","floor":28},{"not_picked":["Pommel Strike","Perfected Strike"],"picked":"Ghostly Armor","floor":31}],"player_experience":1386502,"relics_obtained":[],"event_choices":[{"cards_removed":["Ghostly Armor"],"damage_healed":0.0,"max_hp_gain":0.0,"max_hp_loss":0.0,"gold_gain":0.0,"event_name":"NoteForYourself","player_choice":"Took Card","floor":5.0,"gold_loss":0.0,"damage_taken":0.0,"cards_obtained":["Inflame"]},{"damage_healed":0.0,"max_hp_gain":0.0,"max_hp_loss":0.0,"gold_gain":0.0,"event_name":"Nest","player_choice":"Joined the Cult","floor":19.0,"gold_loss":0.0,"damage_taken":6.0,"cards_obtained":["RitualDagger"]},{"damage_healed":0.0,"max_hp_gain":0.0,"max_hp_loss":0.0,"gold_gain":0.0,"event_name":"Cursed Tome","player_choice":"Ignored","floor":20.0,"gold_loss":0.0,"damage_taken":0.0},{"damage_healed":0.0,"max_hp_gain":0.0,"max_hp_loss":0.0,"gold_gain":0.0,"event_name":"Masked Bandits","player_choice":"Paid Fearfully","floor":22.0,"gold_loss":35.0,"damage_taken":0.0},{"damage_healed":26,"gold_gain":0,"player_choice":"Heal","damage_taken":0,"max_hp_gain":0,"max_hp_loss":0,"event_name":"The Library","floor":29,"gold_loss":0}],"is_beta":false,"boss_relics":[{"not_picked":["Lizard Tail","Philosopher\u0027s Stone","Cursed Key"]}],"items_purged_floors":[],"is_endless":false,"potions_floor_spawned":[4,7,10,24,28],"killed_by":"Automaton","ascension_level":0}