{"gold_per_floor":[114,114,114,127,146,146,146,171,251,267,267,283,283,297,297,397,397,408,408,70,80,106,139,139,139,139,0,0,0,0,0,0,100,100,119,119,129,21,121,121,121,121],"floor_reached":42,"playtime":1636,"items_purged":[],"score":460,"play_id":"216a5383-aae4-44ef-bce6-5afcb26b12fe","local_time":"20190218223457","is_ascension_mode":false,"campfire_choices":[{"data":"Zap","floor":6.0,"key":"SMITH"},{"data":"Dualcast","floor":11.0,"key":"SMITH"},{"data":"Ball Lightning","floor":15.0,"key":"SMITH"},{"floor":29.0,"key":"REST"},{"floor":32.0,"key":"REST"},{"floor":40,"key":"REST"}],"neow_cost":"NONE","seed_source_timestamp":418582014310647,"circlet_count":0,"master_deck":["Defend_B+1","Defend_B","Defend_B","Defend_B","Zap+1","Dualcast+1","Ball Lightning+1","Biased Cognition","Defragment+1","Bite","Bite","Bite","Bite","Bite","RitualDagger","Fusion","Defragment+1"],"special_seed":0,"relics":["Busted Crown","Orichalcum","Pocketwatch","Kunai","Orrery","Frozen Egg 2","Juzu Bracelet","Unceasing Top","Peace Pipe","MutagenicStrength","Inserter"],"potions_floor_usage":[42,42],"damage_taken":[{"damage":2.0,"enemies":"2 Louse","floor":1.0,"turns":3.0},{"damage":1.0,"enemies":"Jaw Worm","floor":4.0,"turns":3.0},{"damage":0.0,"enemies":"Small Slimes","floor":5.0,"turns":3.0},{"damage":0.0,"enemies":"Lagavulin","floor":8.0,"turns":5.0},{"damage":0.0,"enemies":"Exordium Thugs","floor":10.0,"turns":5.0},{"damage":0.0,"enemies":"Large Slime","floor":12.0,"turns":5.0},{"damage":0.0,"enemies":"3 Louse","floor":14.0,"turns":2.0},{"damage":24.0,"enemies":"The Guardian","floor":16.0,"turns":8.0},{"damage":11.0,"enemies":"3 Byrds","floor":18.0,"turns":5.0},{"damage":6.0,"enemies":"Shell Parasite","floor":21.0,"turns":4.0},{"damage":50.0,"enemies":"Gremlin Leader","floor":23.0,"turns":8.0},{"damage":61.0,"enemies":"Automaton","floor":33.0,"turns":10.0},{"damage":9.0,"enemies":"Orb Walker","floor":35.0,"turns":2.0},{"damage":64.0,"enemies":"3 Darklings","floor":37.0,"turns":6.0},{"damage":45,"enemies":"2 Orb Walkers","floor":42,"turns":3}],"seed_played":"924609635487424510","potions_obtained":[{"floor":5.0,"key":"Fire Potion"},{"floor":14.0,"key":"LiquidBronze"},{"floor":18.0,"key":"GamblersBrew"},{"floor":23.0,"key":"Regen Potion"},{"floor":35.0,"key":"Weak Potion"}],"is_trial":false,"path_per_floor":["?","?","M","?","T","?","?","?","?","?","?","?","?","?"],"character_chosen":"DEFECT","items_purchased":["Frozen Egg 2","Defragment+1","Defragment+1","Regen Potion"],"campfire_rested":3,"item_purchase_floors":[20,20,38,38],"current_hp_per_floor":[73,66,51,50,50,50,50,50,50,50,50,50,50,50,50,26,75,64,64,64,58,58,8,8,8,8,8,8,23,23,17,32,20,52,49,49,2,2,2,17,17,0],"gold":121,"neow_bonus":"BOSS_RELIC","is_prod":false,"is_daily":false,"chose_seed":false,"campfire_upgraded":3,"win_rate":0,"timestamp":1550547297,"path_taken":["M","?","?","M","?","R","$","E","T","M","R","M","$","M","R","BOSS","M","?","$","M","?","E","?","?","T","?","?","R","?","?","R","BOSS","M","$","M","$","?","R","?","?"],"build_version":"2019-01-23","purchased_purges":0,"victory":false,"max_hp_per_floor":[75,75,75,75,75,75,75,75,75,75,75,75,75,75,75,75,75,75,75,75,75,75,75,52,52,52,52,52,52,52,52,52,52,52,52,52,52,52,52,52,49,49],"card_choices":[{"not_picked":["Compile Driver"],"picked":"SKIP","floor":1.0},{"not_picked":["Steam"],"picked":"SKIP","floor":4.0},{"not_picked":["Sweeping Beam"],"picked":"SKIP","floor":5.0},{"not_picked":["Beam Cell"],"picked":"SKIP","floor":8.0},{"not_picked":["Gash"],"picked":"SKIP","floor":10.0},{"not_picked":["Gash"],"picked":"SKIP","floor":12.0},{"not_picked":[],"picked":"Ball Lightning","floor":14.0},{"not_picked":[],"picked":"Biased Cognition","floor":16.0},{"not_picked":["Multi-Cast"],"picked":"SKIP","floor":18.0},{"not_picked":["Leap"],"picked":"SKIP","floor":21.0},{"not_picked":["Hologram"],"picked":"SKIP","floor":23.0},{"not_picked":["Beam Cell+1"],"picked":"SKIP","floor":35.0},{"not_picked":[],"picked":"Fusion","floor":37}],"player_experience":527254,"relics_obtained":[{"floor":8.0,"key":"Pocketwatch"},{"floor":9.0,"key":"Kunai"},{"floor":22.0,"key":"Juzu Bracelet"},{"floor":23.0,"key":"Unceasing Top"},{"floor":26.0,"key":"Peace Pipe"}],"event_choices":[{"damage_healed":0.0,"max_hp_gain":0.0,"max_hp_loss":0.0,"gold_gain":0.0,"event_name":"Scrap Ooze","player_choice":"Success","floor":2.0,"gold_loss":0.0,"damage_taken":7.0,"relics_obtained":["Orichalcum"]},{"damage_healed":0.0,"max_hp_gain":0.0,"max_hp_loss":0.0,"gold_gain":0.0,"event_name":"Shining Light","player_choice":"Entered Light","floor":3.0,"gold_loss":0.0,"damage_taken":15.0,"cards_upgraded":["Strike_B","Defend_B"]},{"damage_healed":0.0,"max_hp_gain":0.0,"max_hp_loss":0.0,"gold_gain":0.0,"event_name":"Ghosts","player_choice":"Ignored","floor":19.0,"gold_loss":0.0,"damage_taken":0.0},{"damage_healed":0.0,"max_hp_gain":0.0,"max_hp_loss":23.0,"gold_gain":0.0,"event_name":"Vampires","player_choice":"Became a vampire","floor":24.0,"gold_loss":0.0,"damage_taken":0.0,"cards_obtained":["Bite","Bite","Bite","Bite","Bite"]},{"damage_healed":0.0,"max_hp_gain":0.0,"max_hp_loss":0.0,"gold_gain":0.0,"event_name":"Forgotten Altar","player_choice":"Smashed Altar","floor":25.0,"gold_loss":0.0,"damage_taken":0.0,"cards_obtained":["Decay"]},{"damage_healed":0.0,"max_hp_gain":0.0,"max_hp_loss":0.0,"gold_gain":0.0,"event_name":"Masked Bandits","player_choice":"Paid Fearfully","floor":27.0,"gold_loss":139.0,"damage_taken":0.0},{"damage_healed":0.0,"max_hp_gain":0.0,"max_hp_loss":0.0,"gold_gain":0.0,"event_name":"Drug Dealer","player_choice":"Inject Mutagens","floor":28.0,"gold_loss":0.0,"damage_taken":0.0,"relics_obtained":["MutagenicStrength"]},{"cards_removed":["Decay"],"damage_healed":0.0,"max_hp_gain":0.0,"max_hp_loss":0.0,"gold_gain":0.0,"event_name":"Purifier","player_choice":"Purged","floor":30.0,"gold_loss":0.0,"damage_taken":0.0},{"damage_healed":0.0,"max_hp_gain":0.0,"max_hp_loss":0.0,"gold_gain":0.0,"event_name":"Nest","player_choice":"Joined the Cult","floor":31.0,"gold_loss":0.0,"damage_taken":6.0,"cards_obtained":["RitualDagger"]},{"damage_healed":0,"gold_gain":100,"player_choice":"Pray","damage_taken":0,"max_hp_gain":0,"max_hp_loss":0,"event_name":"Golden Shrine","floor":39,"gold_loss":0},{"damage_healed":0,"gold_gain":0,"player_choice":"Max HP","damage_taken":0,"max_hp_gain":0,"max_hp_loss":3,"event_name":"Winding Halls","floor":41,"gold_loss":0},{"damage_healed":0,"gold_gain":0,"player_choice":"Fight","damage_taken":0,"max_hp_gain":0,"max_hp_loss":0,"event_name":"Mysterious Sphere","floor":42,"gold_loss":0}],"is_beta":false,"boss_relics":[{"not_picked":["Velvet Choker","Snecko Eye"],"picked":"Orrery"},{"not_picked":["Coffee Dripper","Cursed Key"],"picked":"Inserter"}],"items_purged_floors":[],"is_endless":false,"potions_floor_spawned":[5,14,18,23,35],"killed_by":"2 Orb Walkers","ascension_level":0}