{"gold_per_floor":[109,128,57,7,17,17,17,42,65,40,40,57,73,86,86,188,188,206,219,179,191,191],"floor_reached":22,"playtime":651,"items_purged":[],"score":244,"play_id":"5e6268b8-ea59-45d9-ab7f-6bc954a1c5b0","local_time":"20190122130751","is_ascension_mode":true,"campfire_choices":[{"data":"Defragment","floor":6,"key":"SMITH"},{"data":"Zap","floor":15,"key":"SMITH"}],"neow_cost":"NONE","seed_source_timestamp":84324187051504,"circlet_count":0,"master_deck":["Strike_B","Strike_B","Strike_B","Defend_B","Defend_B","Defend_B","Defend_B","Zap+1","Dualcast","Gash+1","Beam Cell+1","Defragment+1","Sweeping Beam","Static Discharge","Cold Snap","Go for the Eyes","Coolheaded","All For One","Leap+1","Hologram+1","Redo+1"],"relics":["Cracked Core","NeowsBlessing","Blood Vial","Pen Nib","Eternal Feather"],"potions_floor_usage":[8,16,21,21,22],"damage_taken":[{"damage":0,"enemies":"Cultist","floor":1,"turns":1},{"damage":0,"enemies":"Jaw Worm","floor":2,"turns":1},{"damage":0,"enemies":"2 Louse","floor":5,"turns":1},{"damage":23,"enemies":"3 Sentries","floor":8,"turns":7},{"damage":0,"enemies":"Large Slime","floor":12,"turns":3},{"damage":7,"enemies":"2 Fungi Beasts","floor":13,"turns":3},{"damage":2,"enemies":"Exordium Thugs","floor":14,"turns":3},{"damage":9,"enemies":"Hexaghost","floor":16,"turns":11},{"damage":12,"enemies":"Chosen","floor":18,"turns":3},{"damage":11,"enemies":"3 Byrds","floor":19,"turns":4},{"damage":20,"enemies":"Shelled Parasite and Fungi","floor":21,"turns":2},{"damage":37,"enemies":"Centurion and Healer","floor":22,"turns":5}],"seed_played":"5613943194989996781","potions_obtained":[{"floor":2,"key":"EssenceOfSteel"},{"floor":5,"key":"Block Potion"},{"floor":8,"key":"Energy Potion"},{"floor":14,"key":"SteroidPotion"},{"floor":18,"key":"Poison Potion"}],"is_trial":false,"path_per_floor":["M","M","$","?","M","R","$","E","T","?","$","M","M","M","R","B",null,"M","M","?","M","M"],"character_chosen":"DEFECT","items_purchased":["Defragment"],"campfire_rested":0,"item_purchase_floors":[3],"current_hp_per_floor":[68,68,68,68,68,68,68,45,45,45,45,47,42,42,42,35,65,55,46,46,28,0],"gold":191,"neow_bonus":"THREE_ENEMY_KILL","is_prod":false,"is_daily":false,"chose_seed":false,"campfire_upgraded":2,"win_rate":0,"timestamp":1548187671,"path_taken":["M","?","$","?","M","R","$","E","T","?","?","?","M","M","R","BOSS","M","M","?","M","?"],"build_version":"2019-01-17v2","purchased_purges":0,"victory":false,"max_hp_per_floor":[75,75,75,75,75,75,75,75,75,75,75,75,75,75,75,75,75,75,75,75,75,75],"card_choices":[{"not_picked":["Compile Driver","Turbo"],"picked":"Gash","floor":1},{"not_picked":["Steam Power","Reinforced Body"],"picked":"Beam Cell","floor":2},{"not_picked":["Auto Shields","Capacitor"],"picked":"Sweeping Beam","floor":5},{"not_picked":["Reboot","Compile Driver"],"picked":"Static Discharge","floor":8},{"not_picked":["Turbo","Compile Driver"],"picked":"Cold Snap","floor":12},{"not_picked":["Heatsinks","Sweeping Beam"],"picked":"Go for the Eyes","floor":13},{"not_picked":["Static Discharge","Rebound"],"picked":"Coolheaded","floor":14},{"not_picked":["Reboot","Echo Form"],"picked":"All For One","floor":16},{"not_picked":["Streamline","Beam Cell"],"picked":"Leap+1","floor":18},{"not_picked":["Rebound","Hello World"],"picked":"Hologram+1","floor":19},{"not_picked":["Sunder","Core Surge"],"picked":"Redo+1","floor":21}],"player_experience":1272588,"relics_obtained":[{"floor":8,"key":"Blood Vial"},{"floor":9,"key":"Pen Nib"}],"event_choices":[{"cards_removed":["Strike_B"],"damage_healed":0,"gold_gain":0,"player_choice":"Card Removal","damage_taken":0,"max_hp_gain":0,"max_hp_loss":0,"event_name":"The Cleric","floor":4,"gold_loss":50},{"damage_healed":0,"gold_gain":0,"player_choice":"Left Gold","damage_taken":0,"max_hp_gain":0,"max_hp_loss":0,"event_name":"World of Goop","floor":10,"gold_loss":25},{"damage_healed":0,"gold_gain":0,"player_choice":"Upgraded Two","damage_taken":0,"max_hp_gain":0,"max_hp_loss":0,"event_name":"Designer","floor":20,"gold_loss":40,"cards_upgraded":["Beam Cell","Gash"]}],"is_beta":false,"boss_relics":[{"not_picked":["Lizard Tail","White Beast Statue"],"picked":"Eternal Feather"}],"items_purged_floors":[],"is_endless":false,"potions_floor_spawned":[2,5,8,14,18],"killed_by":"Centurion and Healer","ascension_level":6}