{"gold_per_floor":[117,134,98,115,115,150,163,12,61,93,103,103,121,149,149,224,274,290,138,138,138,138,166,166,200,200,218,218,231,259,259,259,259],"floor_reached":33,"playtime":1852,"items_purged":[],"score":590,"play_id":"0630d846-0a2e-44c0-9922-2989b3523aa3","local_time":"20190404200425","is_ascension_mode":true,"campfire_choices":[{"data":"Whirlwind","floor":12,"key":"SMITH"},{"floor":15,"key":"REST"},{"data":"Barricade","floor":24,"key":"SMITH"},{"data":"Immolate","floor":28,"key":"SMITH"},{"data":"Inflame","floor":32,"key":"SMITH"}],"neow_cost":"NONE","seed_source_timestamp":1714724201694759,"circlet_count":0,"master_deck":["AscendersBane","Defend_R","Defend_R","Defend_R","Defend_R","Bash+1","Anger","Shockwave","Reckless Charge","Immolate+1","Clothesline","Whirlwind+1","Exhume","Metallicize","Disarm","Reckless Charge","Evolve","Reckless Charge","Carnage","Barricade+1","Inflame+1","Shrug It Off","Bite","Bite","Bite","Bite","Bite","Spot Weakness","Uppercut"],"relics":["Burning Blood","NeowsBlessing","Self Forming Clay","Ancient Tea Set","Dream Catcher","Mummified Hand","Tiny House","Omamori","Enchiridion","Oddly Smooth Stone","Ice Cream","Smiling Mask","Boot"],"potions_floor_usage":[10,18,27,33],"damage_taken":[{"damage":0,"enemies":"Cultist","floor":1,"turns":1},{"damage":0,"enemies":"Jaw Worm","floor":2,"turns":1},{"damage":0,"enemies":"2 Louse","floor":4,"turns":1},{"damage":34,"enemies":"Gremlin Nob","floor":6,"turns":5},{"damage":2,"enemies":"2 Fungi Beasts","floor":7,"turns":3},{"damage":21,"enemies":"Lagavulin","floor":10,"turns":6},{"damage":5,"enemies":"Blue Slaver","floor":11,"turns":5},{"damage":15,"enemies":"Exordium Thugs","floor":13,"turns":3},{"damage":37,"enemies":"Gremlin Nob","floor":14,"turns":5},{"damage":3,"enemies":"Hexaghost","floor":16,"turns":11},{"damage":20,"enemies":"2 Thieves","floor":18,"turns":4},{"damage":20,"enemies":"Slavers","floor":23,"turns":7},{"damage":6,"enemies":"Gremlin Leader","floor":25,"turns":6},{"damage":0,"enemies":"Spheric Guardian","floor":27,"turns":3},{"damage":23,"enemies":"Cultist and Chosen","floor":29,"turns":5},{"damage":22,"enemies":"Book of Stabbing","floor":30,"turns":5},{"damage":86,"enemies":"Champ","floor":33,"turns":13}],"seed_played":"-6621636875960499744","potions_obtained":[{"floor":1,"key":"Strength Potion"},{"floor":4,"key":"Energy Potion"},{"floor":5,"key":"FairyPotion"},{"floor":5,"key":"SteroidPotion"},{"floor":10,"key":"Ancient Potion"},{"floor":14,"key":"EssenceOfSteel"},{"floor":16,"key":"BloodPotion"},{"floor":23,"key":"Fire Potion"},{"floor":29,"key":"Energy Potion"}],"is_trial":false,"path_per_floor":["M","?","$","?","?","?","?"],"character_chosen":"IRONCLAD","items_purchased":["Reckless Charge","Exhume","Metallicize","Omamori"],"campfire_rested":1,"item_purchase_floors":[3,8,8,19],"current_hp_per_floor":[74,75,75,75,75,47,51,51,51,36,37,37,28,13,35,38,71,65,65,44,44,44,40,40,50,50,56,56,45,37,37,37,0],"gold":259,"neow_bonus":"THREE_ENEMY_KILL","is_prod":false,"is_daily":false,"chose_seed":false,"campfire_upgraded":4,"win_rate":0,"timestamp":1554422665,"path_taken":["M","M","$","?","?","E","M","?","T","E","M","R","M","E","R","BOSS","M","$","?","?","?","E","R","E","T","M","R","M","E","?","R","BOSS"],"build_version":"2019-01-23","purchased_purges":0,"victory":false,"max_hp_per_floor":[75,75,75,75,75,75,75,75,75,75,75,75,75,75,75,75,80,80,80,80,56,56,56,56,56,56,56,56,56,56,56,56,56],"card_choices":[{"not_picked":["Armaments","Pommel Strike"],"picked":"Anger","floor":1},{"not_picked":["Heavy Blade","Evolve"],"picked":"Shockwave","floor":2},{"not_picked":["Combust","Sever Soul"],"picked":"Immolate","floor":4},{"not_picked":["Twin Strike","Armaments"],"picked":"Clothesline","floor":6},{"not_picked":["Body Slam","Sword Boomerang"],"picked":"Whirlwind","floor":7},{"not_picked":["Sword Boomerang","Shrug It Off"],"picked":"Disarm","floor":10},{"not_picked":["Rage","Shockwave"],"picked":"Reckless Charge","floor":11},{"not_picked":["Blood for Blood","Bloodletting"],"picked":"Evolve","floor":13},{"not_picked":["Armaments","Double Tap"],"picked":"Reckless Charge","floor":14},{"not_picked":["Reckless Charge","Corruption"],"picked":"Carnage","floor":15},{"not_picked":["Brutality","Limit Break"],"picked":"Barricade","floor":16},{"not_picked":["Heavy Blade","Twin Strike"],"picked":"Inflame","floor":17},{"not_picked":["Clash","Iron Wave"],"picked":"Shrug It Off","floor":18},{"not_picked":["True Grit","Sword Boomerang"],"picked":"Spot Weakness","floor":23},{"not_picked":["Iron Wave+1","Heavy Blade","Dark Embrace"],"picked":"SKIP","floor":25},{"not_picked":["Anger","Perfected Strike"],"picked":"Uppercut","floor":27},{"not_picked":["Twin Strike","Perfected Strike","Thunderclap"],"picked":"SKIP","floor":29},{"not_picked":["Brutality","Clash","Clothesline"],"picked":"SKIP","floor":30}],"player_experience":1486596,"relics_obtained":[{"floor":6,"key":"Self Forming Clay"},{"floor":9,"key":"Ancient Tea Set"},{"floor":10,"key":"Dream Catcher"},{"floor":14,"key":"Mummified Hand"},{"floor":20,"key":"Enchiridion"},{"floor":23,"key":"Ice Cream"},{"floor":25,"key":"Smiling Mask"},{"floor":30,"key":"Boot"}],"event_choices":[{"damage_healed":0,"gold_gain":0,"player_choice":"Got Potions","damage_taken":0,"max_hp_gain":0,"max_hp_loss":0,"event_name":"Lab","floor":5,"gold_loss":0},{"damage_healed":0,"gold_gain":0,"player_choice":"Obtained Book","damage_taken":21,"max_hp_gain":0,"max_hp_loss":0,"event_name":"Cursed Tome","floor":20,"gold_loss":0},{"damage_healed":0,"gold_gain":0,"player_choice":"Became a vampire","damage_taken":0,"max_hp_gain":0,"max_hp_loss":24,"event_name":"Vampires","floor":21,"gold_loss":0,"cards_obtained":["Bite","Bite","Bite","Bite","Bite"]},{"damage_healed":0,"gold_gain":0,"player_choice":"Opened","damage_taken":0,"relics_obtained":["Oddly Smooth Stone"],"max_hp_gain":0,"max_hp_loss":0,"event_name":"The Mausoleum","floor":22,"gold_loss":0,"cards_obtained":["Writhe"]},{"damage_healed":0,"gold_gain":0,"player_choice":"Ignored","damage_taken":0,"max_hp_gain":0,"max_hp_loss":0,"event_name":"Ghosts","floor":31,"gold_loss":0}],"is_beta":false,"boss_relics":[{"not_picked":["Philosopher\u0027s Stone","White Beast Statue"],"picked":"Tiny House"}],"items_purged_floors":[],"is_endless":false,"potions_floor_spawned":[1,4,7,10,13,14,16,23,25,29,30],"killed_by":"Champ","ascension_level":15}