{"gold_per_floor":[112,112,112,131,131,169,193,224,270,291,311,311,341,60,60,191,191,209,209,209,233,32,72,72],"floor_reached":24,"playtime":2413,"items_purged":[],"score":274,"play_id":"a71a9403-94f1-471c-a233-0a471bf4ec5b","local_time":"20190404204052","is_ascension_mode":false,"campfire_choices":[{"floor":12,"key":"REST"},{"floor":15,"key":"REST"}],"neow_cost":"NONE","seed_source_timestamp":0,"circlet_count":0,"master_deck":["Defend_G","Defend_G","Defend_G","Defend_G","Defend_G","Survivor","Neutralize","Blade Dance","Injury","Noxious Fumes","Predator+1","Flying Knee+1","Infinite Blades","Blade Dance","Backflip","Dodge and Roll","Flying Knee+1","Machine Learning","Sweeping Beam+1","Bite+1","Bite+1","Bite+1","Bite+1","Bite+1","Melter+1","FTL+1"],"special_seed":0,"relics":["Ring of the Snake","NeowsBlessing","Golden Idol","Molten Egg 2","Bag of Marbles","Happy Flower","Tiny Chest","PrismaticShard","Runic Pyramid","TheAbacus","Turnip"],"potions_floor_usage":[16,16,23],"damage_taken":[{"damage":0.0,"enemies":"Small Slimes","floor":1.0,"turns":1.0},{"damage":0.0,"enemies":"2 Louse","floor":4.0,"turns":1.0},{"damage":0.0,"enemies":"Lagavulin","floor":6.0,"turns":1.0},{"damage":0.0,"enemies":"Jaw Worm","floor":7.0,"turns":3.0},{"damage":13.0,"enemies":"3 Sentries","floor":8.0,"turns":6.0},{"damage":4.0,"enemies":"Red Slaver","floor":10.0,"turns":4.0},{"damage":8.0,"enemies":"Lots of Slimes","floor":11.0,"turns":4.0},{"damage":24,"enemies":"Slime Boss","floor":16,"turns":7},{"damage":24,"enemies":"3 Byrds","floor":18,"turns":6},{"damage":22,"enemies":"Chosen","floor":21,"turns":5},{"damage":47,"enemies":"Book of Stabbing","floor":23,"turns":6},{"damage":15,"enemies":"Snake Plant","floor":24,"turns":1}],"seed_played":"7096441510468554703","potions_obtained":[{"floor":4.0,"key":"Strength Potion"},{"floor":8.0,"key":"PowerPotion"},{"floor":11,"key":"Strength Potion"},{"floor":21,"key":"Strength Potion"}],"is_trial":false,"path_per_floor":["M","?","?","M","?","E","M","E","T","M","M","R","?","$","R","B",null,"M","?","?","M","$","E","M"],"character_chosen":"THE_SILENT","items_purchased":["PrismaticShard","Dodge and Roll","Flying Knee+1","TheAbacus"],"campfire_rested":2,"item_purchase_floors":[14,14,14,22],"current_hp_per_floor":[70,70,70,70,75,75,75,62,62,58,50,72,39,39,61,37,75,51,51,51,37,37,5,0],"gold":72,"neow_bonus":"THREE_ENEMY_KILL","is_prod":false,"is_daily":false,"chose_seed":false,"campfire_upgraded":0,"win_rate":0,"timestamp":1554406852,"path_taken":["M","?","?","M","?","E","M","E","T","M","M","R","?","$","R","BOSS","M","?","?","M","?","E","M"],"build_version":"2019-01-23","purchased_purges":0,"victory":false,"max_hp_per_floor":[70,70,70,70,75,75,75,75,75,75,75,75,75,75,75,75,75,75,52,52,52,52,52,52],"card_choices":[{"not_picked":["Reflex","PiercingWail"],"picked":"Blade Dance","floor":1.0},{"not_picked":["Underhanded Strike","PiercingWail"],"picked":"Noxious Fumes","floor":4.0},{"not_picked":["Distraction","Backflip"],"picked":"Predator","floor":6.0},{"not_picked":["Tools of the Trade","Dodge and Roll"],"picked":"Flying Knee+1","floor":7.0},{"not_picked":["Flying Knee+1","Choke+1"],"picked":"Infinite Blades","floor":8.0},{"not_picked":["Dodge and Roll","Underhanded Strike+1"],"picked":"Blade Dance","floor":10.0},{"not_picked":["Expertise","Prepared"],"picked":"Backflip","floor":11},{"not_picked":["Phantasmal Killer","Malaise"],"picked":"Machine Learning","floor":16},{"not_picked":["Perfected Strike+1","Ball Lightning+1"],"picked":"Sweeping Beam+1","floor":18},{"not_picked":["Thunderclap+1","Quick Slash+1"],"picked":"Melter+1","floor":21},{"not_picked":["Reflex+1","Riddle With Holes+1"],"picked":"FTL+1","floor":23}],"player_experience":310332,"relics_obtained":[{"floor":6.0,"key":"Molten Egg 2"},{"floor":8.0,"key":"Bag of Marbles"},{"floor":9.0,"key":"Happy Flower"},{"floor":23,"key":"Turnip"}],"event_choices":[{"damage_healed":0.0,"max_hp_gain":0.0,"max_hp_loss":0.0,"gold_gain":0.0,"event_name":"Golden Wing","player_choice":"Ignored","floor":2.0,"gold_loss":0.0,"damage_taken":0.0},{"damage_healed":0.0,"max_hp_gain":0.0,"max_hp_loss":0.0,"gold_gain":0.0,"event_name":"Golden Idol","player_choice":"Take Wound","floor":3.0,"gold_loss":0.0,"damage_taken":0.0,"relics_obtained":["Golden Idol"],"cards_obtained":["Injury"]},{"damage_healed":0.0,"max_hp_gain":5.0,"max_hp_loss":0.0,"gold_gain":0.0,"event_name":"Big Fish","player_choice":"Donut","floor":5.0,"gold_loss":0.0,"damage_taken":0.0},{"damage_healed":0,"gold_gain":0,"player_choice":"Success","damage_taken":33,"relics_obtained":["Tiny Chest"],"max_hp_gain":0,"max_hp_loss":0,"event_name":"Scrap Ooze","floor":13,"gold_loss":0},{"damage_healed":0,"gold_gain":0,"player_choice":"Became a vampire","damage_taken":0,"max_hp_gain":0,"max_hp_loss":23,"event_name":"Vampires","floor":19,"gold_loss":0,"cards_obtained":["Bite","Bite","Bite","Bite","Bite"]},{"damage_healed":0,"gold_gain":0,"player_choice":"Ignored","damage_taken":0,"max_hp_gain":0,"max_hp_loss":0,"event_name":"Beggar","floor":20,"gold_loss":0}],"is_beta":false,"boss_relics":[{"not_picked":["Busted Crown","Empty Cage"],"picked":"Runic Pyramid"}],"items_purged_floors":[],"is_endless":false,"potions_floor_spawned":[4,8,11,21],"killed_by":"Snake Plant","ascension_level":0}