{"gold_per_floor":[116,216,230,26,41,68,68,86,167,197,197,214,225,225,225,327,327,342,359,359,372,382,382,382],"floor_reached":24,"playtime":1670,"items_purged":[],"score":310,"play_id":"cd976457-7886-4e39-bf54-120c99dcca9d","local_time":"20180731125353","daily_mods":["Diverse"],"is_ascension_mode":false,"campfire_choices":[{"data":"Demon Form","floor":11,"key":"SMITH"},{"data":"Self Repair","floor":15,"key":"SMITH"},{"floor":23,"key":"REST"}],"neow_cost":"","seed_source_timestamp":410168438919658,"circlet_count":0,"master_deck":["Strike_B","Strike_B","Strike_B","Strike_B","Defend_B","Defend_B","Defend_B","Defend_B","Zap","Dualcast","Demon Form+1","Wraith Form v2","Echo Form","Skim","BootSequence","Self Repair+1","Glacier","Sucker Punch","Blizzard","Inflame","Rebound","Twin Strike","Cold Snap","Anger","Storm of Steel","FTL","Turbo","Panacea","Dark Shackles","Purity","Madness","Dash+1","Coolheaded+1"],"relics":["Cracked Core","Dead Branch","Ornamental Fan","Pen Nib","GremlinMask","White Beast Statue"],"potions_floor_usage":[6,10,16,21,22,22,24],"damage_taken":[{"damage":1,"enemies":"Jaw Worm","floor":1,"turns":3},{"damage":6,"enemies":"Cultist","floor":3,"turns":4},{"damage":0,"enemies":"Small Slimes","floor":5,"turns":5},{"damage":2,"enemies":"Lagavulin","floor":6,"turns":7},{"damage":7,"enemies":"2 Fungi Beasts","floor":8,"turns":5},{"damage":20,"enemies":"3 Sentries","floor":10,"turns":6},{"damage":2,"enemies":"Looter","floor":12,"turns":3},{"damage":5,"enemies":"Large Slime","floor":13,"turns":5},{"damage":17,"enemies":"The Guardian","floor":16,"turns":10},{"damage":18,"enemies":"3 Byrds","floor":18,"turns":6},{"damage":15,"enemies":"Shell Parasite","floor":19,"turns":6},{"damage":17,"enemies":"Snake Plant","floor":21,"turns":6},{"damage":4,"enemies":"Snecko","floor":22,"turns":5},{"damage":65,"enemies":"Slavers","floor":24,"turns":3}],"seed_played":"-2557545843461039425","potions_obtained":[{"floor":1,"key":"Block Potion"},{"floor":3,"key":"FocusPotion"},{"floor":8,"key":"EssenceOfSteel"},{"floor":12,"key":"Fire Potion"},{"floor":18,"key":"Fire Potion"},{"floor":19,"key":"SkillPotion"},{"floor":21,"key":"Explosive Potion"},{"floor":22,"key":"FocusPotion"}],"is_trial":true,"path_per_floor":["M","?","M","$","M","E","?","M","T","E","R","M","M","?","R","B",null,"M","M","?","M","M","R"],"character_chosen":"DEFECT","items_purchased":["Self Repair","Glacier","Sucker Punch"],"campfire_rested":1,"item_purchase_floors":[4,4,4],"current_hp_per_floor":[74,74,68,68,75,75,80,80,80,74,74,72,74,74,74,77,80,80,75,35,28,34,58,0],"gold":382,"neow_bonus":"","is_prod":false,"is_daily":false,"chose_seed":false,"campfire_upgraded":2,"win_rate":0,"timestamp":1533063233,"path_taken":["M","?","M","$","M","E","?","M","T","E","R","M","?","?","R","BOSS","M","M","?","?","M","R","E"],"build_version":"2018-07-26","purchased_purges":0,"victory":false,"max_hp_per_floor":[75,75,75,75,75,75,80,80,80,80,80,80,80,80,80,80,80,80,80,80,80,80,80,80],"card_choices":[{"not_picked":["Burning Pact","Catalyst"],"picked":"Skim","floor":1},{"not_picked":["Doom and Gloom","Prepared"],"picked":"BootSequence","floor":3},{"not_picked":["Havoc","Acrobatics"],"picked":"Blizzard","floor":5},{"not_picked":["Malaise","Flechettes"],"picked":"Inflame","floor":6},{"not_picked":["Wild Strike","Catalyst"],"picked":"Rebound","floor":8},{"not_picked":["Glacier","Compile Driver"],"picked":"Twin Strike","floor":10},{"not_picked":["Power Through","Darkness"],"picked":"Cold Snap","floor":12},{"not_picked":["Whirlwind","Rebound"],"picked":"Anger","floor":13},{"not_picked":["Unload","Doppelganger"],"picked":"Storm of Steel","floor":16},{"not_picked":["Bane","Compile Driver"],"picked":"FTL","floor":18},{"not_picked":["PiercingWail","Warcry"],"picked":"Turbo","floor":19},{"not_picked":["Body Slam","Gash"],"picked":"Dash+1","floor":21},{"not_picked":["Skewer","Go for the Eyes"],"picked":"Coolheaded+1","floor":22}],"player_experience":129145,"relics_obtained":[{"floor":6,"key":"Dead Branch"},{"floor":9,"key":"Ornamental Fan"},{"floor":10,"key":"Pen Nib"}],"event_choices":[{"event_name":"Golden Shrine","player_choice":"Pray","floor":2,"damage_taken":0},{"event_name":"Big Fish","player_choice":"Donut","floor":7,"damage_taken":0},{"event_name":"FaceTrader","player_choice":"Trade","floor":14,"damage_taken":0},{"event_name":"Knowing Skull","player_choice":"CARD CARD CARD CARD ","floor":20,"damage_taken":0}],"is_beta":false,"boss_relics":[{"not_picked":["Lizard Tail","Philosopher\u0027s Stone"],"picked":"White Beast Statue"}],"items_purged_floors":[],"is_endless":true,"potions_floor_spawned":[1,3,8,12,18,19,21,22],"killed_by":"Slavers","ascension_level":0}