{"gold_per_floor":[119,119,42,55,75,75,101,2,25,25,44,44,60,94,94,198,198,216,216,229,26,126,154,172,172,223,235,267,294,110,124,124,222,222,241,40,40,0,19,51,51,63,63,63,63,75,87,104,104,104],"floor_reached":50,"playtime":1945,"items_purged":["Pain","Normality"],"score":604,"play_id":"87cd75f8-d135-4b22-858b-1c41b2a4314e","local_time":"20190201133627","is_ascension_mode":false,"campfire_choices":[{"data":"Perfected Strike","floor":6.0,"key":"SMITH"},{"data":"Armaments","floor":12.0,"key":"SMITH"},{"data":"Body Slam","floor":15.0,"key":"SMITH"},{"floor":25.0,"key":"REST"},{"floor":27.0,"key":"REST"},{"data":"Bash","floor":32.0,"key":"SMITH"},{"data":"Clothesline","floor":45,"key":"SMITH"},{"floor":49,"key":"REST"}],"neow_cost":"NONE","seed_source_timestamp":262598110417629,"circlet_count":0,"master_deck":["Strike_R","Strike_R","Strike_R","Strike_R","Strike_R","Defend_R","Defend_R","Defend_R","Bash+1","Clothesline+1","Flex","Body Slam+1","Perfected Strike+1","Pommel Strike","Armaments+1","Body Slam+1","Injury","Writhe","Pommel Strike+1","True Grit+1","Shrug It Off+1","Wild Strike+1","True Grit+1","Body Slam+1","Body Slam+1","Armaments+1","Shrug It Off+1","Pommel Strike+1","Perfected Strike+1","True Grit+1","Pommel Strike+1","Writhe","Havoc+1","Wild Strike+1","Twin Strike+1"],"special_seed":0,"relics":["Black Blood","WarpedTongs","Lantern","PreservedInsect","Molten Egg 2","Calling Bell","Pen Nib","Toxic Egg 2","Pocketwatch","Blood Vial","Boot","MawBank","Oddly Smooth Stone","Red Mask","Ice Cream","Turnip"],"potions_floor_usage":[40],"damage_taken":[{"damage":7.0,"enemies":"2 Louse","floor":1.0,"turns":4.0},{"damage":1.0,"enemies":"Cultist","floor":4.0,"turns":3.0},{"damage":11.0,"enemies":"Small Slimes","floor":5.0,"turns":3.0},{"damage":27.0,"enemies":"Lagavulin","floor":7.0,"turns":5.0},{"damage":1.0,"enemies":"Red Slaver","floor":11.0,"turns":4.0},{"damage":0.0,"enemies":"Looter","floor":13.0,"turns":2.0},{"damage":0.0,"enemies":"Gremlin Nob","floor":14.0,"turns":2.0},{"damage":14.0,"enemies":"Slime Boss","floor":16.0,"turns":9.0},{"damage":24.0,"enemies":"3 Byrds","floor":18.0,"turns":6.0},{"damage":29.0,"enemies":"2 Thieves","floor":20.0,"turns":4.0},{"damage":17.0,"enemies":"Book of Stabbing","floor":23.0,"turns":4.0},{"damage":24.0,"enemies":"Centurion and Healer","floor":24.0,"turns":5.0},{"damage":0.0,"enemies":"Snecko","floor":28.0,"turns":3.0},{"damage":15.0,"enemies":"Shelled Parasite and Fungi","floor":29.0,"turns":5.0},{"damage":14.0,"enemies":"Centurion and Healer","floor":31.0,"turns":4.0},{"damage":73.0,"enemies":"Automaton","floor":33.0,"turns":10.0},{"damage":33.0,"enemies":"3 Darklings","floor":35.0,"turns":5.0},{"damage":0.0,"enemies":"3 Shapes","floor":39.0,"turns":3.0},{"damage":35,"enemies":"Reptomancer","floor":40,"turns":6},{"damage":28,"enemies":"Writhing Mass","floor":42,"turns":4},{"damage":17,"enemies":"Transient","floor":46,"turns":5},{"damage":0,"enemies":"3 Darklings","floor":47,"turns":8},{"damage":52,"enemies":"Maw","floor":48,"turns":10},{"damage":58,"enemies":"Awakened One","floor":50,"turns":11}],"seed_played":"8082086171710601358","potions_obtained":[{"floor":1.0,"key":"Swift Potion"},{"floor":7.0,"key":"Energy Potion"},{"floor":10.0,"key":"Fire Potion"},{"floor":18.0,"key":"GamblersBrew"},{"floor":24.0,"key":"BloodPotion"},{"floor":28.0,"key":"Regen Potion"},{"floor":31.0,"key":"Dexterity Potion"},{"floor":35.0,"key":"PowerPotion"},{"floor":39.0,"key":"Regen Potion"},{"floor":48,"key":"PowerPotion"}],"is_trial":false,"path_per_floor":["M","?","$","M","M","R","E","$","T","?","M","R","M","E","R","B",null,"M","?","M","$","?","E","M","R","T","R","M","M","$","M","R","B",null,"M","$","?","?","M","E","?","M","T","?","R","M","M","M","R","B"],"character_chosen":"IRONCLAD","items_purchased":["Clothesline","Flex","Pommel Strike","Blood Vial","Shrug It Off+1","Armaments+1","Shrug It Off+1","Oddly Smooth Stone","True Grit+1"],"campfire_rested":3,"item_purchase_floors":[3,3,8,21,21,30,30,36,36],"current_hp_per_floor":[79,79,79,80,75,75,54,54,54,54,59,59,65,71,71,63,80,62,62,39,39,39,30,14,38,38,62,70,63,63,57,57,7,80,65,65,65,65,77,68,80,62,62,62,62,57,69,29,53,0],"gold":104,"neow_bonus":"REMOVE_CARD","is_prod":false,"is_daily":false,"chose_seed":false,"campfire_upgraded":5,"win_rate":0,"timestamp":1549053387,"path_taken":["M","?","$","M","M","R","E","?","T","?","?","R","M","E","R","BOSS","M","?","?","?","?","E","M","R","T","R","M","M","$","M","R","BOSS","M","?","?","?","M","E","?","?","T","?","R","M","M","M","R","BOSS"],"build_version":"2019-01-23","purchased_purges":2,"victory":false,"max_hp_per_floor":[80,80,80,80,80,80,80,80,80,80,80,80,80,80,80,80,80,80,80,80,80,80,80,80,80,80,80,80,80,80,80,80,80,80,80,80,80,80,80,80,80,80,80,80,80,80,80,80,80,80],"card_choices":[{"not_picked":["Rupture","Ghostly Armor","Hemokinesis"],"picked":"SKIP","floor":1.0},{"not_picked":["Warcry","Rupture"],"picked":"Body Slam","floor":4.0},{"not_picked":["Thunderclap","Havoc"],"picked":"Perfected Strike","floor":5.0},{"not_picked":["Body Slam","Berserk"],"picked":"Pommel Strike","floor":7.0},{"not_picked":["Dropkick","Clothesline"],"picked":"Armaments","floor":11.0},{"not_picked":["Anger","Whirlwind","Corruption"],"picked":"SKIP","floor":13.0},{"not_picked":["Sword Boomerang","Combust"],"picked":"Body Slam","floor":14.0},{"not_picked":["Body Slam+1","Reckless Charge+1"],"picked":"Pommel Strike+1","floor":18.0},{"not_picked":["Havoc+1","Warcry+1"],"picked":"True Grit+1","floor":20.0},{"not_picked":["Warcry+1","Clash+1"],"picked":"Wild Strike+1","floor":23.0},{"not_picked":["Warcry+1","Sword Boomerang+1"],"picked":"True Grit+1","floor":24.0},{"not_picked":["Flex+1","Reckless Charge+1"],"picked":"Body Slam+1","floor":28.0},{"not_picked":["Seeing Red+1","Sword Boomerang+1"],"picked":"Body Slam+1","floor":29.0},{"not_picked":["Battle Trance+1","Brutality"],"picked":"Pommel Strike+1","floor":31.0},{"not_picked":["Wild Strike+1","Havoc+1"],"picked":"Perfected Strike+1","floor":35.0},{"not_picked":["Warcry+1","Sentinel+1"],"picked":"Pommel Strike+1","floor":39.0},{"not_picked":["Infernal Blade+1","Power Through+1","Evolve"],"picked":"SKIP","floor":40},{"not_picked":["Pummel+1","Flame Barrier+1","Whirlwind+1"],"picked":"SKIP","floor":42},{"not_picked":["Whirlwind+1","Rampage+1"],"picked":"Havoc+1","floor":46},{"not_picked":["Cleave+1","Evolve"],"picked":"Wild Strike+1","floor":47},{"not_picked":["Sentinel+1","Intimidate+1"],"picked":"Twin Strike+1","floor":48}],"player_experience":1357085,"relics_obtained":[{"floor":7.0,"key":"Lantern"},{"floor":9.0,"key":"PreservedInsect"},{"floor":14.0,"key":"Molten Egg 2"},{"floor":17.0,"key":"Pen Nib"},{"floor":17.0,"key":"Toxic Egg 2"},{"floor":17.0,"key":"Pocketwatch"},{"floor":23.0,"key":"Boot"},{"floor":26.0,"key":"MawBank"},{"floor":40,"key":"Ice Cream"},{"floor":43,"key":"Turnip"}],"event_choices":[{"damage_healed":0.0,"max_hp_gain":0.0,"max_hp_loss":0.0,"gold_gain":0.0,"event_name":"Accursed Blacksmith","player_choice":"Rummage","floor":2.0,"gold_loss":0.0,"damage_taken":0.0,"relics_obtained":["WarpedTongs"],"cards_obtained":["Pain"]},{"damage_healed":0.0,"max_hp_gain":0.0,"max_hp_loss":0.0,"gold_gain":0.0,"event_name":"Lab","player_choice":"Got Potions","floor":10.0,"gold_loss":0.0,"damage_taken":0.0},{"damage_healed":0.0,"max_hp_gain":0.0,"max_hp_loss":0.0,"gold_gain":0.0,"event_name":"The Woman in Blue","player_choice":"Bought 0 Potions","floor":19.0,"gold_loss":0.0,"damage_taken":0.0},{"damage_healed":0.0,"max_hp_gain":0.0,"max_hp_loss":0.0,"gold_gain":100.0,"event_name":"Golden Shrine","player_choice":"Pray","floor":22.0,"gold_loss":0.0,"damage_taken":0.0},{"damage_healed":0.0,"max_hp_gain":0.0,"max_hp_loss":0.0,"gold_gain":0.0,"event_name":"SensoryStone","player_choice":"Memory 1","floor":37.0,"gold_loss":0.0,"damage_taken":0.0},{"damage_healed":0.0,"max_hp_gain":0.0,"max_hp_loss":0.0,"gold_gain":0.0,"event_name":"Tomb of Lord Red Mask","player_choice":"Paid","floor":38.0,"gold_loss":40.0,"damage_taken":0.0,"relics_obtained":["Red Mask"]},{"damage_healed":20,"gold_gain":0,"player_choice":"Writhe","damage_taken":0,"max_hp_gain":0,"max_hp_loss":0,"event_name":"Winding Halls","floor":41,"gold_loss":0,"cards_obtained":["Writhe"]},{"cards_removed":["Pommel Strike"],"damage_healed":0,"gold_gain":0,"player_choice":"Removed Attack","damage_taken":0,"max_hp_gain":0,"max_hp_loss":0,"event_name":"Falling","floor":44,"gold_loss":0}],"is_beta":false,"boss_relics":[{"not_picked":["Snecko Eye","Philosopher\u0027s Stone"],"picked":"Calling Bell"},{"not_picked":["Cursed Key","Velvet Choker"],"picked":"Black Blood"}],"items_purged_floors":[8,30],"is_endless":false,"potions_floor_spawned":[1,7,18,24,28,31,35,39,48],"killed_by":"Awakened One","ascension_level":0}