{"gold_per_floor":[114,129,129,144,159,189,189,189,214,229,29,64,94,109,109,209,209,224,239,8,23,38,68,83,83,83,83],"floor_reached":27,"playtime":4959,"items_purged":[],"score":274,"play_id":"3caa5210-76aa-482e-ab14-416d0cbff154","local_time":"20190226182848","daily_mods":["Allstar","Colorless Cards","Terminal"],"is_ascension_mode":false,"campfire_choices":[{"data":"Apotheosis","floor":7,"key":"SMITH"},{"data":"Searing Blow","floor":15,"key":"SMITH"}],"neow_cost":"","seed_source_timestamp":0,"circlet_count":0,"master_deck":["Strike_R","Strike_R","Strike_R","Strike_R","Strike_R","Defend_R","Defend_R","Defend_R","Defend_R","Bash","Finesse","Secret Weapon","Apotheosis+1","Impatience","Panache","Rage","Jack Of All Trades","Body Slam","Iron Wave","Searing Blow+1","Headbutt","Anger","Rupture","Flex","Juggernaut","PanicButton+1","Fire Breathing","Dual Wield","Anger","Intimidate+1","Flame Barrier","Flex"],"special_seed":17953,"relics":["Burning Blood","NlothsMask","Regal Pillow","Strange Spoon","Ancient Tea Set","White Beast Statue","Vajra","Centennial Puzzle","MutagenicStrength","Sundial"],"potions_floor_usage":[6,13,16,18,19,21,22,23,23,27,27,27],"damage_taken":[{"damage":0,"enemies":"Cultist","floor":1,"turns":4},{"damage":0,"enemies":"Small Slimes","floor":2,"turns":3},{"damage":0,"enemies":"Jaw Worm","floor":4,"turns":5},{"damage":2,"enemies":"2 Fungi Beasts","floor":5,"turns":4},{"damage":2,"enemies":"Lagavulin","floor":6,"turns":6},{"damage":10,"enemies":"Exordium Thugs","floor":10,"turns":6},{"damage":0,"enemies":"Large Slime","floor":12,"turns":4},{"damage":0,"enemies":"Gremlin Nob","floor":13,"turns":4},{"damage":0,"enemies":"Blue Slaver","floor":14,"turns":3},{"damage":24,"enemies":"The Guardian","floor":16,"turns":7},{"damage":0,"enemies":"3 Byrds","floor":18,"turns":3},{"damage":0,"enemies":"Shell Parasite","floor":19,"turns":5},{"damage":3,"enemies":"Sentry and Sphere","floor":21,"turns":4},{"damage":15,"enemies":"Snake Plant","floor":22,"turns":4},{"damage":9,"enemies":"Book of Stabbing","floor":23,"turns":4},{"damage":16,"enemies":"Chosen and Byrds","floor":24,"turns":7},{"damage":48,"enemies":"Slavers","floor":27,"turns":4}],"seed_played":"3640749256774158397","potions_obtained":[{"floor":2,"key":"LiquidBronze"},{"floor":4,"key":"PowerPotion"},{"floor":6,"key":"Dexterity Potion"},{"floor":12,"key":"PowerPotion"},{"floor":13,"key":"GamblersBrew"},{"floor":16,"key":"Swift Potion"},{"floor":18,"key":"Swift Potion"},{"floor":19,"key":"LiquidBronze"},{"floor":21,"key":"Poison Potion"},{"floor":22,"key":"BloodPotion"},{"floor":23,"key":"SneckoOil"},{"floor":24,"key":"BloodPotion"}],"is_trial":false,"path_per_floor":["M","M","?","M","M","E","R","?","T","M","$","M","E","M","R","B",null,"M","M","$","M","M","E","M","?","T","E"],"character_chosen":"IRONCLAD","items_purchased":["Strange Spoon","Vajra","Dual Wield"],"campfire_rested":0,"item_purchase_floors":[11,20,20],"current_hp_per_floor":[78,77,76,75,74,73,72,71,70,66,66,67,66,65,64,46,62,61,60,59,58,49,51,41,41,41,0],"gold":83,"neow_bonus":"","is_prod":false,"is_daily":true,"chose_seed":false,"campfire_upgraded":2,"win_rate":0,"timestamp":1551205728,"path_taken":["M","M","?","?","M","E","R","?","T","M","?","M","E","M","R","BOSS","M","M","$","M","M","E","M","?","T","E"],"build_version":"2019-01-23","purchased_purges":0,"victory":false,"max_hp_per_floor":[78,77,76,75,74,73,72,71,70,69,68,67,66,65,64,63,62,61,60,59,58,57,56,55,54,53,53],"card_choices":[{"not_picked":["Twin Strike","Havoc"],"picked":"Rage","floor":1},{"not_picked":["Armaments","Dark Shackles"],"picked":"Jack Of All Trades","floor":2},{"not_picked":["Reckless Charge","Twin Strike"],"picked":"Body Slam","floor":4},{"not_picked":["Twin Strike","Clash"],"picked":"Iron Wave","floor":5},{"not_picked":["Twin Strike","Fiend Fire"],"picked":"Searing Blow","floor":6},{"not_picked":["Rage","Burning Pact"],"picked":"Headbutt","floor":10},{"not_picked":["Trip","Thunderclap"],"picked":"Anger","floor":12},{"not_picked":["Flash of Steel","Clothesline"],"picked":"Rupture","floor":13},{"not_picked":["Havoc","Jack Of All Trades"],"picked":"Flex","floor":14},{"not_picked":["Chrysalis","Thinking Ahead"],"picked":"Juggernaut","floor":16},{"not_picked":["Anger","True Grit"],"picked":"PanicButton+1","floor":18},{"not_picked":["Clothesline","True Grit+1"],"picked":"Fire Breathing","floor":19},{"not_picked":["Iron Wave","Battle Trance"],"picked":"Anger","floor":21},{"not_picked":["Power Through","Iron Wave"],"picked":"Intimidate+1","floor":22},{"not_picked":["Madness","Clothesline"],"picked":"Flame Barrier","floor":23},{"not_picked":["Sword Boomerang","Sentinel"],"picked":"Flex","floor":24}],"player_experience":239642,"relics_obtained":[{"floor":6,"key":"Regal Pillow"},{"floor":13,"key":"Ancient Tea Set"},{"floor":23,"key":"Centennial Puzzle"},{"floor":26,"key":"Sundial"}],"event_choices":[{"damage_healed":0,"gold_gain":0,"player_choice":"Trade","damage_taken":0,"relics_obtained":["NlothsMask"],"max_hp_gain":0,"max_hp_loss":0,"event_name":"FaceTrader","floor":3,"gold_loss":0},{"damage_healed":0,"gold_gain":0,"player_choice":"Ignored","damage_taken":0,"max_hp_gain":0,"max_hp_loss":0,"event_name":"Purifier","floor":8,"gold_loss":0},{"damage_healed":0,"gold_gain":0,"player_choice":"Inject Mutagens","damage_taken":0,"relics_obtained":["MutagenicStrength"],"max_hp_gain":0,"max_hp_loss":0,"event_name":"Drug Dealer","floor":25,"gold_loss":0}],"is_beta":false,"boss_relics":[{"not_picked":["Runic Dome","Orrery"],"picked":"White Beast Statue"}],"items_purged_floors":[],"is_endless":false,"potions_floor_spawned":[2,4,6,12,13,16,18,19,21,22,23,24],"killed_by":"Slavers","ascension_level":0}