{"gold_per_floor":[110,73,148,164,164,198,298,310,310,310,260,200,200,275,275,370,370,385,374,393,405,417,417],"floor_reached":23,"playtime":1917,"items_purged":["Strike_G"],"score":216,"play_id":"ac6668f5-68ed-4c80-888f-9ae054abe1f5","local_time":"20190105124545","is_ascension_mode":false,"campfire_choices":[{"data":"Neutralize","floor":13,"key":"SMITH"},{"data":"Footwork","floor":15,"key":"SMITH"}],"neow_cost":"NONE","seed_source_timestamp":331110425612194,"circlet_count":0,"master_deck":["Defend_G","Defend_G","Defend_G","Strike_G","Strike_G","Survivor+1","Neutralize+1","Footwork+1","Well Laid Plans","Leg Sweep+1","Blade Dance","Choke+1","Well Laid Plans+1","Well Laid Plans+1","Prepared+1","Dodge and Roll+1"],"relics":["Ring of the Snake","NeowsBlessing","The Courier","Potion Belt","Astrolabe"],"potions_floor_usage":[23],"damage_taken":[{"damage":0,"enemies":"Small Slimes","floor":1,"turns":1},{"damage":0,"enemies":"2 Louse","floor":4,"turns":1},{"damage":0,"enemies":"Lagavulin","floor":6,"turns":1},{"damage":2,"enemies":"Cultist","floor":8,"turns":5},{"damage":31,"enemies":"The Guardian","floor":16,"turns":24},{"damage":5,"enemies":"Shell Parasite","floor":18,"turns":16},{"damage":7,"enemies":"2 Thieves","floor":19,"turns":4},{"damage":0,"enemies":"Snecko","floor":20,"turns":5},{"damage":12,"enemies":"Centurion and Healer","floor":21,"turns":12},{"damage":5,"enemies":"Snake Plant","floor":22,"turns":10},{"damage":10,"enemies":"Book of Stabbing","floor":23,"turns":11}],"seed_played":"498532645191138276","potions_obtained":[{"floor":16,"key":"Ancient Potion"},{"floor":19,"key":"Explosive Potion"},{"floor":22,"key":"Block Potion"}],"is_trial":false,"path_per_floor":["M","$","?","M","?","E","?","M","T","?","?","$","R","?","R","B",null,"M","M","M","M","M","E"],"character_chosen":"THE_SILENT","items_purchased":["Well Laid Plans"],"campfire_rested":0,"item_purchase_floors":[2],"current_hp_per_floor":[70,70,59,59,64,64,64,62,62,47,47,47,47,40,40,9,75,70,63,63,51,46,36],"gold":417,"neow_bonus":"THREE_ENEMY_KILL","is_prod":false,"is_daily":false,"chose_seed":false,"campfire_upgraded":2,"win_rate":0,"timestamp":1546721145,"path_taken":["M","$","?","M","?","E","?","?","T","?","?","$","R","?","R","BOSS","M","?","M","M","?","E"],"build_version":"2019-01-03v4","purchased_purges":1,"victory":false,"max_hp_per_floor":[70,70,70,70,75,75,75,75,75,75,75,75,75,75,75,75,75,75,75,75,75,75,75],"card_choices":[{"not_picked":["Acrobatics","Blade Dance"],"picked":"Footwork","floor":1},{"not_picked":["Prepared","Deadly Poison","Underhanded Strike"],"picked":"SKIP","floor":4},{"not_picked":["Poisoned Stab","Expertise"],"picked":"Leg Sweep","floor":6},{"not_picked":["Bullet Time","Quick Slash"],"picked":"Blade Dance","floor":8},{"not_picked":["Skewer+1","Deadly Poison"],"picked":"Prepared+1","floor":18},{"not_picked":["Flying Knee","Caltrops","Poisoned Stab"],"picked":"SKIP","floor":19},{"not_picked":["Underhanded Strike","Slice","Blade Dance"],"picked":"SKIP","floor":20},{"not_picked":["Poisoned Stab+1","Bane"],"picked":"Dodge and Roll+1","floor":21},{"not_picked":["Dagger Throw","Catalyst","Calculated Gamble"],"picked":"SKIP","floor":22}],"player_experience":96332,"relics_obtained":[{"floor":6,"key":"The Courier"},{"floor":9,"key":"Potion Belt"}],"event_choices":[{"damage_healed":0,"gold_gain":75,"player_choice":"Gather Gold","damage_taken":11,"max_hp_gain":0,"max_hp_loss":0,"event_name":"World of Goop","floor":3,"gold_loss":0},{"damage_healed":0,"gold_gain":0,"player_choice":"Donut","damage_taken":0,"max_hp_gain":5,"max_hp_loss":0,"event_name":"Big Fish","floor":5,"gold_loss":0},{"damage_healed":0,"gold_gain":100,"player_choice":"Pray","damage_taken":0,"max_hp_gain":0,"max_hp_loss":0,"event_name":"Golden Shrine","floor":7,"gold_loss":0},{"damage_healed":0,"gold_gain":0,"player_choice":"Entered Light","damage_taken":15,"max_hp_gain":0,"max_hp_loss":0,"event_name":"Shining Light","floor":10,"gold_loss":0,"cards_upgraded":["Survivor","Leg Sweep"]},{"cards_removed":["Defend_G"],"damage_healed":0,"gold_gain":0,"player_choice":"Card Removal","damage_taken":0,"max_hp_gain":0,"max_hp_loss":0,"event_name":"The Cleric","floor":11,"gold_loss":50},{"damage_healed":0,"gold_gain":75,"player_choice":"Touch","damage_taken":7,"max_hp_gain":0,"max_hp_loss":0,"event_name":"FaceTrader","floor":14,"gold_loss":0}],"is_beta":false,"boss_relics":[{"not_picked":["Runic Pyramid","Ectoplasm"],"picked":"Astrolabe"}],"items_purged_floors":[12],"is_endless":false,"potions_floor_spawned":[16,19,22],"killed_by":"Book of Stabbing","ascension_level":0}