{"gold_per_floor":[111,286,41,41,58,58,78,78,78,78,140,140,51,51,51,181,181,202,117,117,117,132,168,168,186,211,230,66,66,66,79,79,79],"floor_reached":33,"playtime":949,"items_purged":["Doubt"],"score":313,"play_id":"85f0e0ed-3f88-4761-bb64-ef79c99d566d","local_time":"20180919161330","is_ascension_mode":true,"campfire_choices":[{"data":"Searing Blow","floor":6,"key":"SMITH"},{"data":"Searing Blow+1","floor":8,"key":"SMITH"},{"data":"Searing Blow+2","floor":10,"key":"SMITH"},{"floor":15,"key":"REST"},{"floor":29,"key":"REST"},{"floor":32,"key":"REST"}],"neow_cost":"","seed_source_timestamp":512742298742535,"circlet_count":0,"master_deck":["Strike_R","Strike_R","Strike_R","Strike_R","Defend_R","Defend_R","Defend_R","Defend_R","Bash","Searing Blow+3","Flex","Battle Trance","True Grit","Injury","Forethought","Iron Wave","Reaper","Seeing Red","Inflame","Flex","RitualDagger","Inflame+1","Iron Wave+1","Exhume","Clash+1"],"relics":["Burning Blood","Bronze Scales","Lantern","Gremlin Horn","Tiny Chest","Golden Idol","Sozu","Gambling Chip","MutagenicStrength","Omamori","The Courier"],"potions_floor_usage":[23],"damage_taken":[{"damage":8,"enemies":"Jaw Worm","floor":1,"turns":4},{"damage":10,"enemies":"Small Slimes","floor":5,"turns":3},{"damage":0,"enemies":"Cultist","floor":7,"turns":2},{"damage":15,"enemies":"3 Sentries","floor":11,"turns":7},{"damage":60,"enemies":"Slime Boss","floor":16,"turns":12},{"damage":19,"enemies":"Spheric Guardian","floor":18,"turns":4},{"damage":16,"enemies":"3 Byrds","floor":22,"turns":3},{"damage":33,"enemies":"Gremlin Leader","floor":23,"turns":7},{"damage":32,"enemies":"Sentry and Sphere","floor":25,"turns":5},{"damage":41,"enemies":"Snake Plant","floor":27,"turns":3},{"damage":31,"enemies":"Centurion and Healer","floor":31,"turns":5},{"damage":53,"enemies":"Collector","floor":33,"turns":3}],"seed_played":"-2296553461213162415","potions_obtained":[{"floor":1,"key":"Ancient Potion"},{"floor":11,"key":"FairyPotion"},{"floor":16,"key":"EssenceOfSteel"}],"is_trial":false,"path_per_floor":["M","?","$","?","M","R","M","R","T","R","E","?","$","?","R","B",null,"M","$","?","?","M","E","?","M","T","M","$","R","T","M","R"],"character_chosen":"IRONCLAD","items_purchased":["Bronze Scales","Flex","Forethought","Inflame","Flex","Exhume"],"campfire_rested":3,"item_purchase_floors":[3,3,13,19,19,28],"current_hp_per_floor":[78,78,78,53,49,49,55,55,55,55,46,46,46,46,70,16,80,71,71,65,65,61,52,52,35,35,14,14,38,38,27,51,0],"gold":79,"neow_bonus":"","is_prod":false,"is_daily":false,"chose_seed":false,"campfire_upgraded":3,"win_rate":0,"timestamp":1537395210,"path_taken":["M","?","?","?","M","R","M","R","T","R","E","?","$","?","R","BOSS","M","$","?","?","M","E","?","M","T","?","?","R","?","?","R","BOSS"],"build_version":"2018-09-06","purchased_purges":1,"victory":false,"max_hp_per_floor":[80,80,80,80,80,80,80,80,80,80,80,80,80,80,80,80,80,80,80,80,80,80,80,80,80,80,80,80,80,80,80,80,80],"card_choices":[{"not_picked":["Dropkick","Sword Boomerang"],"picked":"Searing Blow","floor":1},{"not_picked":["Sentinel","Heavy Blade"],"picked":"Battle Trance","floor":5},{"not_picked":["Thunderclap","Wild Strike","Evolve"],"picked":"SKIP","floor":7},{"not_picked":["Havoc","Hemokinesis"],"picked":"True Grit","floor":11},{"not_picked":["Dark Embrace","Barricade"],"picked":"Reaper","floor":16},{"not_picked":["Wild Strike","True Grit"],"picked":"Seeing Red","floor":18},{"not_picked":["Havoc","Warcry+1","Pommel Strike"],"picked":"SKIP","floor":22},{"not_picked":["Heavy Blade+1","Spot Weakness"],"picked":"Inflame+1","floor":23},{"not_picked":["Sword Boomerang","Brutality"],"picked":"Iron Wave+1","floor":25},{"not_picked":["Havoc","Thunderclap","Anger"],"picked":"SKIP","floor":27},{"not_picked":["Bloodletting+1","Cleave"],"picked":"Clash+1","floor":31}],"player_experience":545086,"relics_obtained":[{"floor":9,"key":"Gremlin Horn"},{"floor":11,"key":"Tiny Chest"},{"floor":23,"key":"Gambling Chip"},{"floor":26,"key":"Omamori"},{"floor":30,"key":"The Courier"}],"event_choices":[{"event_name":"Liars Game","player_choice":"agreed","floor":2,"damage_taken":0},{"event_name":"Scrap Ooze","player_choice":"success","floor":4,"damage_taken":25},{"event_name":"Golden Idol","player_choice":"Take Wound","floor":12,"damage_taken":0},{"event_name":"Transmorgrifier","player_choice":"Transform","floor":14,"damage_taken":0},{"event_name":"Nest","player_choice":"Joined the Cult","floor":20,"damage_taken":0},{"event_name":"The Woman in Blue","player_choice":"Bought 0 Potions","floor":21,"damage_taken":0},{"event_name":"Drug Dealer","player_choice":"Inject Mutagens","floor":24,"damage_taken":0}],"is_beta":false,"boss_relics":[{"not_picked":["Calling Bell","Runic Cube"],"picked":"Sozu"}],"items_purged_floors":[3],"is_endless":false,"potions_floor_spawned":[1,11,16,23,27,31],"killed_by":"Collector","ascension_level":4}