{"gold_per_floor":[216,226,226,226,245,285,285,250,250,271,302,302,477,516,516,516],"floor_reached":16,"playtime":615,"items_purged":[],"score":148,"play_id":"1f28ebbe-2180-4c45-a5dc-78cfef453520","local_time":"20181021103931","is_ascension_mode":true,"campfire_choices":[{"floor":7,"key":"REST"},{"floor":12,"key":"REST"},{"floor":15,"key":"REST"}],"neow_cost":"NONE","seed_source_timestamp":925039543582667,"circlet_count":0,"master_deck":["Strike_R","Strike_R+1","Strike_R","Strike_R","Strike_R","Defend_R","Defend_R+1","Defend_R","Defend_R","Bash","Rupture","Cleave","Injury","Battle Trance","Rage","Thunderclap","Clothesline","Doubt","Twin Strike"],"relics":["Burning Blood","Golden Idol","Pantograph","Meat on the Bone","Smiling Mask","Bag of Preparation"],"potions_floor_usage":[6,11,14],"damage_taken":[{"damage":9,"enemies":"2 Louse","floor":1,"turns":3},{"damage":7,"enemies":"Small Slimes","floor":2,"turns":4},{"damage":6,"enemies":"Cultist","floor":5,"turns":3},{"damage":56,"enemies":"Lagavulin","floor":6,"turns":9},{"damage":10,"enemies":"2 Fungi Beasts","floor":10,"turns":4},{"damage":40,"enemies":"3 Sentries","floor":11,"turns":7},{"damage":34,"enemies":"Gremlin Nob","floor":14,"turns":6},{"damage":96,"enemies":"The Guardian","floor":16,"turns":17}],"seed_played":"-4757706037355993396","potions_obtained":[{"floor":1,"key":"Energy Potion"},{"floor":6,"key":"Poison Potion"},{"floor":11,"key":"Dexterity Potion"}],"is_trial":false,"path_per_floor":["M","M","?","?","M","E","R","?","T","M","E","R","?","E","R"],"character_chosen":"IRONCLAD","items_purchased":[],"campfire_rested":3,"item_purchase_floors":[],"current_hp_per_floor":[77,76,76,60,60,10,34,54,54,50,28,52,52,36,60,0],"gold":516,"neow_bonus":"HUNDRED_GOLD","is_prod":false,"is_daily":false,"chose_seed":false,"campfire_upgraded":0,"win_rate":0,"timestamp":1540139971,"path_taken":["M","M","?","?","?","E","R","?","T","M","E","R","?","E","R","BOSS"],"build_version":"2018-10-18","purchased_purges":0,"victory":false,"max_hp_per_floor":[80,80,80,80,80,80,80,80,80,80,80,80,80,80,80,80],"card_choices":[{"not_picked":["Entrench","Headbutt"],"picked":"Rupture","floor":1},{"not_picked":["Wild Strike","Anger"],"picked":"Cleave","floor":2},{"not_picked":["Entrench","Clash"],"picked":"Battle Trance","floor":5},{"not_picked":["Clothesline","Wild Strike"],"picked":"Rage","floor":6},{"not_picked":["Reckless Charge","Clash"],"picked":"Thunderclap","floor":10},{"not_picked":["Entrench","Brutality"],"picked":"Clothesline","floor":11},{"not_picked":["Wild Strike","Sword Boomerang"],"picked":"Twin Strike","floor":14}],"player_experience":746784,"relics_obtained":[{"floor":6,"key":"Pantograph"},{"floor":9,"key":"Meat on the Bone"},{"floor":11,"key":"Smiling Mask"},{"floor":14,"key":"Bag of Preparation"}],"event_choices":[{"damage_healed":0,"gold_gain":0,"player_choice":"Take Wound","damage_taken":0,"relics_obtained":["Golden Idol"],"max_hp_gain":0,"max_hp_loss":0,"event_name":"Golden Idol","floor":3,"gold_loss":0,"cards_obtained":["Injury"]},{"damage_healed":0,"gold_gain":0,"player_choice":"Entered Light","damage_taken":16,"max_hp_gain":0,"max_hp_loss":0,"event_name":"Shining Light","floor":4,"gold_loss":0,"cards_upgraded":["Strike_R","Defend_R"]},{"damage_healed":20,"gold_gain":0,"player_choice":"Healed","damage_taken":0,"max_hp_gain":0,"max_hp_loss":0,"event_name":"The Cleric","floor":8,"gold_loss":35},{"damage_healed":0,"gold_gain":175,"player_choice":"AGREE","damage_taken":0,"max_hp_gain":0,"max_hp_loss":0,"event_name":"Liars Game","floor":13,"gold_loss":0,"cards_obtained":["Doubt"]}],"is_beta":false,"boss_relics":[],"items_purged_floors":[],"is_endless":false,"potions_floor_spawned":[1,6,11],"killed_by":"The Guardian","ascension_level":5}