{"gold_per_floor":[114,39,54,70,70,70,100,100,154,183,194,247,8,20,20,117,117,131,143,143,14,25,25,25],"floor_reached":24,"playtime":2259,"items_purged":["Regret","Strike_G"],"score":293,"play_id":"f4e77218-5e6d-4dfd-b198-cbc59b6f87bc","local_time":"20190120231527","is_ascension_mode":true,"campfire_choices":[{"data":"Infinite Blades","floor":6.0,"key":"SMITH"},{"floor":8.0,"key":"REST"},{"floor":15.0,"key":"REST"},{"floor":23,"key":"REST"}],"neow_cost":"CURSE","seed_source_timestamp":695345493045755,"circlet_count":0,"master_deck":["Defend_G","Defend_G","Defend_G","Defend_G","Defend_G","Strike_G","Strike_G","Survivor","Neutralize","Infinite Blades+1","Well Laid Plans","Dodge and Roll","Dagger Spray","Backflip","Accuracy","Glass Knife","PiercingWail","Venomology","PiercingWail","Ghostly","Ghostly","Ghostly","Ghostly","Ghostly","Accuracy","Blade Dance","Dagger Throw"],"special_seed":0,"relics":["Ring of the Snake","Smiling Mask","Darkstone Periapt","Potion Belt","Anchor","Boot","Empty Cage"],"potions_floor_usage":[22,22,22,24],"damage_taken":[{"damage":2.0,"enemies":"Jaw Worm","floor":1.0,"turns":5.0},{"damage":0.0,"enemies":"Cultist","floor":3.0,"turns":5.0},{"damage":0.0,"enemies":"2 Louse","floor":4.0,"turns":3.0},{"damage":57.0,"enemies":"Gremlin Nob","floor":7.0,"turns":6.0},{"damage":30.0,"enemies":"Lagavulin","floor":10.0,"turns":10.0},{"damage":1.0,"enemies":"2 Fungi Beasts","floor":11.0,"turns":3.0},{"damage":0.0,"enemies":"Gremlin Gang","floor":14.0,"turns":1.0},{"damage":30.0,"enemies":"Hexaghost","floor":16.0,"turns":15.0},{"damage":37.0,"enemies":"Spheric Guardian","floor":18.0,"turns":6.0},{"damage":12.0,"enemies":"2 Thieves","floor":19.0,"turns":4.0},{"damage":6,"enemies":"3 Cultists","floor":22,"turns":7},{"damage":32,"enemies":"Gremlin Leader","floor":24,"turns":6}],"seed_played":"-8193133229638150281","potions_obtained":[{"floor":4.0,"key":"SpeedPotion"},{"floor":11.0,"key":"AttackPotion"},{"floor":18.0,"key":"Explosive Potion"},{"floor":19.0,"key":"SkillPotion"}],"is_trial":false,"path_per_floor":["M","$","M","M","?","R","E","R","T","E","M","T","$","M","R","B",null,"M","M","?","$","M","R","E"],"character_chosen":"THE_SILENT","items_purchased":["Accuracy","Glass Knife","Accuracy","Blade Dance"],"campfire_rested":3,"item_purchase_floors":[13,13,21,21],"current_hp_per_floor":[75,75,75,75,75,75,18,43,43,13,12,12,12,12,37,7,65,28,16,16,16,10,22,0],"gold":25,"neow_bonus":"TWENTY_PERCENT_HP_BONUS","is_prod":false,"is_daily":false,"chose_seed":false,"campfire_upgraded":1,"win_rate":0,"timestamp":1548054927,"path_taken":["M","$","M","M","?","R","E","R","T","E","?","?","?","?","R","BOSS","M","M","?","$","M","R","E"],"build_version":"2019-01-17v2","purchased_purges":2,"victory":false,"max_hp_per_floor":[84,84,84,84,84,84,84,84,84,84,84,84,84,84,84,84,84,84,84,42,42,42,42,42],"card_choices":[{"not_picked":["Accuracy","Slice"],"picked":"Infinite Blades","floor":1.0},{"not_picked":["Poisoned Stab","Crippling Poison","Deadly Poison"],"picked":"SKIP","floor":3.0},{"not_picked":["Calculated Gamble","Quick Slash"],"picked":"Well Laid Plans","floor":4.0},{"not_picked":["Sucker Punch","Deflect"],"picked":"Dodge and Roll","floor":7.0},{"not_picked":["Crippling Poison","Skewer"],"picked":"Dagger Spray","floor":10.0},{"not_picked":["Blade Dance","Outmaneuver"],"picked":"Backflip","floor":11.0},{"not_picked":["Predator","Outmaneuver"],"picked":"PiercingWail","floor":14.0},{"not_picked":["Envenom","A Thousand Cuts"],"picked":"Venomology","floor":16.0},{"not_picked":["Dodge and Roll","Dagger Spray+1","Infinite Blades"],"picked":"SKIP","floor":18.0},{"not_picked":["Dagger Spray","Underhanded Strike"],"picked":"PiercingWail","floor":19.0},{"not_picked":["Catalyst","Backflip"],"picked":"Dagger Throw","floor":22}],"player_experience":274693,"relics_obtained":[{"floor":7.0,"key":"Darkstone Periapt"},{"floor":9.0,"key":"Potion Belt"},{"floor":10.0,"key":"Anchor"},{"floor":12.0,"key":"Boot"}],"event_choices":[{"damage_healed":0.0,"max_hp_gain":0.0,"max_hp_loss":0.0,"gold_gain":0.0,"event_name":"WeMeetAgain","player_choice":"Gave Potion","floor":5.0,"gold_loss":0.0,"damage_taken":0.0,"relics_obtained":["Smiling Mask"]},{"damage_healed":0.0,"max_hp_gain":0.0,"max_hp_loss":42.0,"gold_gain":0.0,"event_name":"Ghosts","player_choice":"Became a Ghost","floor":20.0,"gold_loss":0.0,"damage_taken":0.0,"cards_obtained":["Ghostly","Ghostly","Ghostly","Ghostly","Ghostly"]}],"is_beta":false,"boss_relics":[{"not_picked":["Runic Dome","Fusion Hammer"],"picked":"Empty Cage"}],"items_purged_floors":[2,13],"is_endless":false,"potions_floor_spawned":[4,11,18,19],"killed_by":"Gremlin Leader","ascension_level":6}