{"gold_per_floor":[116,116,45,45,59,59,69,69,69,144,161,86,103,122,122,219,219,239,249,268,268,268,288,288,288,313,313,213,228,243,258,258,357,357,367,180,180,180,180,200,300,300,300,311,311,328,328,345,345,345],"floor_reached":51,"playtime":3621,"items_purged":["Defend_R","Defend_R"],"score":666,"play_id":"eb1e62a7-8d1a-4c9c-9817-96d9a5ace7ea","local_time":"20190124183810","is_ascension_mode":false,"campfire_choices":[{"data":"Uppercut","floor":6.0,"key":"SMITH"},{"data":"Evolve","floor":8.0,"key":"SMITH"},{"data":"Shrug It Off","floor":15.0,"key":"SMITH"},{"data":"Perfected Strike","floor":24.0,"key":"SMITH"},{"data":"Whirlwind","floor":27.0,"key":"SMITH"},{"floor":32.0,"key":"REST"},{"data":"Double Tap","floor":42.0,"key":"SMITH"},{"data":"Demon Form","floor":49.0,"key":"SMITH"}],"neow_cost":"NONE","seed_source_timestamp":1022721891041409,"circlet_count":0,"master_deck":["Strike_R","Strike_R","Strike_R","Strike_R","Strike_R","Defend_R","Defend_R","Bash","Uppercut+1","Perfected Strike+1","Reaper","Shrug It Off+1","Juggernaut","Perfected Strike+1","Perfected Strike+1","Whirlwind+1","Perfected Strike","Headbutt","Clothesline+1","Clothesline+1","Demon Form+1","Heavy Blade","Shrug It Off","Double Tap+1","Magnetism","Perfected Strike+1","Heavy Blade+1","Iron Wave"],"special_seed":0,"relics":["Snecko Eye"],"potions_floor_usage":[50,50,50],"damage_taken":[{"damage":0.0,"enemies":"Cultist","floor":1.0,"turns":4.0},{"damage":0.0,"enemies":"2 Louse","floor":5.0,"turns":3.0},{"damage":6.0,"enemies":"Small Slimes","floor":7.0,"turns":3.0},{"damage":12.0,"enemies":"Gremlin Gang","floor":11.0,"turns":6.0},{"damage":0.0,"enemies":"Large Slime","floor":13.0,"turns":2.0},{"damage":5.0,"enemies":"Looter","floor":14.0,"turns":3.0},{"damage":9.0,"enemies":"Hexaghost","floor":16.0,"turns":7.0},{"damage":4.0,"enemies":"Shell Parasite","floor":18.0,"turns":5.0},{"damage":10.0,"enemies":"2 Thieves","floor":19.0,"turns":3.0},{"damage":0.0,"enemies":"Snecko","floor":20.0,"turns":3.0},{"damage":15.0,"enemies":"Colosseum Slavers","floor":21.0,"turns":4.0},{"damage":22.0,"enemies":"Chosen and Byrds","floor":23.0,"turns":6.0},{"damage":12.0,"enemies":"Shelled Parasite and Fungi","floor":29.0,"turns":3.0},{"damage":16.0,"enemies":"Snake Plant","floor":30.0,"turns":2.0},{"damage":10.0,"enemies":"Snecko","floor":31.0,"turns":3.0},{"damage":80.0,"enemies":"Collector","floor":33.0,"turns":8.0},{"damage":17.0,"enemies":"3 Shapes","floor":35.0,"turns":4.0},{"damage":29.0,"enemies":"3 Darklings","floor":40.0,"turns":4.0},{"damage":12.0,"enemies":"Maw","floor":44.0,"turns":5.0},{"damage":0.0,"enemies":"Spire Growth","floor":46.0,"turns":2.0},{"damage":0.0,"enemies":"Transient","floor":48.0,"turns":5.0},{"damage":90,"enemies":"Donu and Deca","floor":50,"turns":7}],"seed_played":"-4048620695587040694","potions_obtained":[{"floor":5.0,"key":"Strength Potion"},{"floor":16.0,"key":"BloodPotion"},{"floor":20.0,"key":"Ancient Potion"},{"floor":31.0,"key":"FairyPotion"},{"floor":33.0,"key":"AttackPotion"},{"floor":46.0,"key":"Explosive Potion"},{"floor":48.0,"key":"Dexterity Potion"}],"is_trial":false,"path_per_floor":["M","?","$","?","M","R","M","R","T","?","M","$","M","M","R","B",null,"M","M","M","?","?","M","R","?","T","R","$","M","M","M","R","B",null,"M","$","?","?","?","M","?","R","T","M","?","M","?","M","R","B",null],"character_chosen":"IRONCLAD","items_purchased":["Uppercut","Shrug It Off","Double Tap"],"campfire_rested":1,"item_purchase_floors":[3,36,36],"current_hp_per_floor":[80,85,85,85,85,85,79,79,79,71,59,59,59,55,55,52,85,81,77,83,70,70,56,56,56,56,56,56,44,28,22,47,8,85,68,68,68,68,58,45,45,45,45,33,95,95,95,95,95,5],"gold":345,"neow_bonus":"BOSS_RELIC","is_prod":false,"is_daily":false,"chose_seed":false,"campfire_upgraded":7,"win_rate":0,"timestamp":1548383890,"path_taken":["M","?","$","?","M","R","?","R","T","?","M","$","M","M","R","BOSS","M","M","?","?","?","M","R","?","T","R","$","M","?","M","R","BOSS","M","$","?","?","?","M","?","R","T","?","?","?","?","M","R","BOSS"],"build_version":"2019-01-23","purchased_purges":2,"victory":true,"max_hp_per_floor":[80,85,85,85,85,85,85,85,85,85,85,85,85,85,85,85,85,85,85,85,85,85,85,85,85,85,85,85,85,85,85,85,85,85,85,85,85,85,85,85,85,85,85,85,95,95,95,95,95,95],"card_choices":[{"not_picked":["Shrug It Off","Anger"],"picked":"Evolve","floor":1.0},{"not_picked":["Warcry","True Grit","Power Through"],"picked":"SKIP","floor":5.0},{"not_picked":["True Grit","Havoc","Warcry"],"picked":"SKIP","floor":7.0},{"not_picked":["Sentinel","Thunderclap"],"picked":"Perfected Strike","floor":11.0},{"not_picked":["Cleave","Iron Wave"],"picked":"Reaper","floor":13.0},{"not_picked":["Armaments","Heavy Blade"],"picked":"Shrug It Off","floor":14.0},{"not_picked":["Brutality","Limit Break"],"picked":"Juggernaut","floor":16.0},{"not_picked":["Sword Boomerang","Anger+1"],"picked":"Perfected Strike","floor":18.0},{"not_picked":["Dropkick","Sword Boomerang+1","Seeing Red"],"picked":"SKIP","floor":19.0},{"not_picked":["Carnage","True Grit+1"],"picked":"Perfected Strike+1","floor":20.0},{"not_picked":["Clothesline","Infernal Blade"],"picked":"Perfected Strike","floor":23.0},{"not_picked":["Body Slam","Second Wind+1"],"picked":"Headbutt","floor":29.0},{"not_picked":["Disarm","Searing Blow"],"picked":"Clothesline+1","floor":30.0},{"not_picked":["Seeing Red","Clash"],"picked":"Clothesline+1","floor":31.0},{"not_picked":["Berserk","Limit Break"],"picked":"Demon Form","floor":33.0},{"not_picked":["Metallicize","Pommel Strike"],"picked":"Heavy Blade","floor":35.0},{"not_picked":["Flash of Steel","Jack Of All Trades"],"picked":"Magnetism","floor":39.0},{"not_picked":["Jack Of All Trades","Forethought"],"picked":"Transmutation","floor":39.0},{"not_picked":["Body Slam+1","Wild Strike+1"],"picked":"Perfected Strike+1","floor":40.0},{"not_picked":["Sword Boomerang","Clothesline+1"],"picked":"Heavy Blade+1","floor":44.0},{"not_picked":["Reckless Charge","Hemokinesis"],"picked":"Iron Wave","floor":46.0},{"not_picked":["Wild Strike","Searing Blow+1","Berserk"],"picked":"SKIP","floor":48.0}],"player_experience":295307,"relics_obtained":[],"event_choices":[{"damage_healed":0.0,"max_hp_gain":5.0,"max_hp_loss":0.0,"gold_gain":0.0,"event_name":"Big Fish","player_choice":"Donut","floor":2.0,"gold_loss":0.0,"damage_taken":0.0},{"damage_healed":0.0,"max_hp_gain":0.0,"max_hp_loss":0.0,"gold_gain":0.0,"event_name":"WeMeetAgain","player_choice":"Ignored","floor":4.0,"gold_loss":0.0,"damage_taken":0.0},{"damage_healed":0.0,"max_hp_gain":0.0,"max_hp_loss":0.0,"gold_gain":75.0,"event_name":"FaceTrader","player_choice":"Touch","floor":10.0,"gold_loss":0.0,"damage_taken":8.0},{"damage_healed":0.0,"max_hp_gain":0.0,"max_hp_loss":0.0,"gold_gain":0.0,"event_name":"Colosseum","player_choice":"Fight","floor":21.0,"gold_loss":0.0,"damage_taken":0.0},{"damage_healed":0.0,"max_hp_gain":0.0,"max_hp_loss":0.0,"gold_gain":0.0,"event_name":"Colosseum","player_choice":"Fled From Nobs","floor":21.0,"gold_loss":0.0,"damage_taken":0.0},{"damage_healed":0.0,"max_hp_gain":0.0,"max_hp_loss":0.0,"gold_gain":0.0,"event_name":"The Library","player_choice":"Read","floor":22.0,"gold_loss":0.0,"damage_taken":0.0,"cards_obtained":["Whirlwind"]},{"damage_healed":0.0,"max_hp_gain":0.0,"max_hp_loss":0.0,"gold_gain":0.0,"event_name":"Accursed Blacksmith","player_choice":"Forge","floor":25.0,"gold_loss":0.0,"damage_taken":0.0,"cards_upgraded":["Perfected Strike"]},{"damage_healed":0.0,"max_hp_gain":0.0,"max_hp_loss":0.0,"gold_gain":0.0,"event_name":"Mysterious Sphere","player_choice":"Ignored","floor":37.0,"gold_loss":0.0,"damage_taken":0.0},{"cards_removed":["Evolve"],"damage_healed":0.0,"max_hp_gain":0.0,"max_hp_loss":0.0,"gold_gain":0.0,"event_name":"Falling","player_choice":"Removed Power","floor":38.0,"gold_loss":0.0,"damage_taken":0.0},{"damage_healed":0.0,"max_hp_gain":0.0,"max_hp_loss":0.0,"gold_gain":0.0,"event_name":"SensoryStone","player_choice":"Memory 3","floor":39.0,"gold_loss":0.0,"damage_taken":10.0},{"damage_healed":0.0,"max_hp_gain":0.0,"max_hp_loss":0.0,"gold_gain":100.0,"event_name":"Golden Shrine","player_choice":"Pray","floor":41.0,"gold_loss":0.0,"damage_taken":0.0},{"cards_removed":["Transmutation"],"damage_healed":52.0,"max_hp_gain":10.0,"max_hp_loss":0.0,"gold_gain":0.0,"event_name":"Bonfire Elementals","player_choice":"Offered Rare","floor":45.0,"gold_loss":0.0,"damage_taken":0.0},{"damage_healed":0.0,"max_hp_gain":0.0,"max_hp_loss":0.0,"gold_gain":0.0,"event_name":"Match and Keep!","player_choice":"0 cards matched","floor":47.0,"gold_loss":0.0,"damage_taken":0.0,"cards_obtained":[]}],"is_beta":false,"boss_relics":[{"not_picked":["Eternal Feather","Black Star","Ectoplasm"]},{"not_picked":["Philosopher\u0027s Stone","White Beast Statue","Calling Bell"]}],"items_purged_floors":[12,28],"is_endless":false,"potions_floor_spawned":[5,16,20,21,31,33,46,48],"ascension_level":0}