{"gold_per_floor":[119,219,235,249,199,225,525,525,525,543,543,543,543,557,557,655,655,666,38,38,138,151,151,171,198,198,198,208,220,250,262,262,366,416,427,474,499,11,21,53,53,88,88,116,0,100,116,116,116,116],"floor_reached":51,"playtime":3194,"items_purged":["Strike_B"],"score":872,"play_id":"6150596d-1787-494d-b22f-42f498e45fd6","local_time":"20190212184757","is_ascension_mode":false,"campfire_choices":[{"floor":8,"key":"REST"},{"data":"Zap","floor":11,"key":"SMITH"},{"data":"Lockon","floor":15,"key":"SMITH"},{"data":"Go for the Eyes","floor":23,"key":"SMITH"},{"floor":32,"key":"REST"},{"data":"Gash","floor":49,"key":"SMITH"}],"neow_cost":"NONE","seed_source_timestamp":452043132582015,"circlet_count":0,"master_deck":["Strike_B+1","Defend_B","Defend_B","Defend_B","Zap+1","Dualcast","Go for the Eyes+1","Gash+1","Lockon+1","Beam Cell+1","Melter","Core Surge","Conserve Battery+1","Gash+1","Self Repair","Melter+1","RitualDagger+1","Ball Lightning+1","White Noise+1","Melter+1","Tempest+1","All For One+1","Ball Lightning+1","White Noise+1"],"relics":["Cracked Core","Meat on the Bone","Old Coin","Mango","Juzu Bracelet","Spirit Poop","Lizard Tail","Molten Egg 2","Whetstone","The Courier","Cables","PreservedInsect","Tiny House","Dead Branch","Pen Nib","DollysMirror","Anchor","Toxic Egg 2","Shuriken","Sundial","Singing Bowl","Gremlin Horn","Red Mask","Bird Faced Urn"],"potions_floor_usage":[24,24,28,33,33,36,42,44,50],"damage_taken":[{"damage":0,"enemies":"2 Louse","floor":1,"turns":2},{"damage":4,"enemies":"Cultist","floor":3,"turns":3},{"damage":0,"enemies":"Small Slimes","floor":4,"turns":3},{"damage":43,"enemies":"3 Sentries","floor":6,"turns":8},{"damage":0,"enemies":"Exordium Thugs","floor":10,"turns":3},{"damage":0,"enemies":"Looter","floor":14,"turns":1},{"damage":61,"enemies":"The Guardian","floor":16,"turns":12},{"damage":0,"enemies":"Chosen","floor":18,"turns":4},{"damage":15,"enemies":"2 Thieves","floor":22,"turns":4},{"damage":4,"enemies":"3 Cultists","floor":24,"turns":4},{"damage":37,"enemies":"Book of Stabbing","floor":25,"turns":5},{"damage":5,"enemies":"Sentry and Sphere","floor":28,"turns":3},{"damage":33,"enemies":"Shelled Parasite and Fungi","floor":29,"turns":3},{"damage":55,"enemies":"Slavers","floor":30,"turns":4},{"damage":27,"enemies":"Centurion and Healer","floor":31,"turns":4},{"damage":71,"enemies":"Automaton","floor":33,"turns":10},{"damage":44,"enemies":"3 Darklings","floor":35,"turns":4},{"damage":42,"enemies":"2 Orb Walkers","floor":36,"turns":3},{"damage":0,"enemies":"3 Shapes","floor":39,"turns":3},{"damage":3,"enemies":"Giant Head","floor":40,"turns":3},{"damage":41,"enemies":"Nemesis","floor":42,"turns":7},{"damage":0,"enemies":"Reptomancer","floor":44,"turns":3},{"damage":21,"enemies":"Mind Bloom Boss Battle","floor":46,"turns":7},{"damage":0,"enemies":"Transient","floor":47,"turns":5},{"damage":61,"enemies":"Awakened One","floor":50,"turns":9}],"seed_played":"-278434100732168797","potions_obtained":[{"floor":1,"key":"Block Potion"},{"floor":14,"key":"Explosive Potion"},{"floor":22,"key":"SpeedPotion"},{"floor":24,"key":"Poison Potion"},{"floor":25,"key":"SteroidPotion"},{"floor":31,"key":"SpeedPotion"},{"floor":33,"key":"SkillPotion"},{"floor":34,"key":"GamblersBrew"},{"floor":36,"key":"Energy Potion"},{"floor":42,"key":"PowerPotion"},{"floor":47,"key":"Energy Potion"}],"is_trial":false,"path_per_floor":["?","M","?","?","?","?","?","?","?","?","T","?","?","?","?"],"character_chosen":"DEFECT","items_purchased":["Molten Egg 2","Gash+1","Self Repair","Whetstone","Melter+1","DollysMirror","Anchor","Toxic Egg 2"],"campfire_rested":2,"item_purchase_floors":[19,19,19,19,19,38,38,38],"current_hp_per_floor":[75,75,71,71,71,28,28,50,64,64,64,64,64,64,64,15,89,89,89,83,83,75,75,78,60,60,60,62,48,56,48,74,22,94,57,34,34,34,46,55,55,33,33,54,54,54,69,69,69,44],"gold":116,"neow_bonus":"THREE_CARDS","is_prod":false,"is_daily":false,"chose_seed":false,"campfire_upgraded":4,"win_rate":0,"timestamp":1550015277,"path_taken":["M","?","M","?","?","E","?","R","T","M","R","?","?","M","R","BOSS","M","$","?","?","M","R","M","E","T","?","M","M","E","M","R","BOSS","M","?","?","$","M","E","?","E","T","E","?","?","M","?","R","BOSS"],"build_version":"2019-01-23","purchased_purges":1,"victory":true,"max_hp_per_floor":[75,75,75,75,75,75,75,75,89,89,89,89,89,89,89,89,89,89,89,89,89,89,89,89,89,89,89,89,89,89,89,89,89,94,94,94,94,94,94,94,94,94,94,96,96,98,100,100,100,100],"card_choices":[{"not_picked":["Stack","Chill"],"picked":"Go for the Eyes","floor":0},{"not_picked":["Leap","Rip and Tear","Steam"],"picked":"SKIP","floor":1},{"not_picked":["Go for the Eyes","Conserve Battery"],"picked":"Gash","floor":3},{"not_picked":["Melter","Barrage"],"picked":"Lockon","floor":4},{"not_picked":["Machine Learning","Sweeping Beam","Redo"],"picked":"SKIP","floor":6},{"not_picked":["Leap","Force Field"],"picked":"Beam Cell","floor":10},{"not_picked":["Turbo","Hello World"],"picked":"Melter","floor":14},{"not_picked":["Echo Form","Biased Cognition"],"picked":"Core Surge","floor":16},{"not_picked":["Heatsinks","Rebound"],"picked":"Conserve Battery+1","floor":18},{"not_picked":["Redo","Leap"],"picked":"Static Discharge+1","floor":22},{"not_picked":["Core Surge+1","Auto Shields"],"picked":"Ball Lightning+1","floor":24},{"not_picked":["Hello World+1","Meteor Strike+1","Reprogram"],"picked":"SKIP","floor":25},{"not_picked":["Hello World+1","Meteor Strike+1","Reprogram"],"picked":"SKIP","floor":25},{"not_picked":["Loop","Coolheaded"],"picked":"Melter+1","floor":28},{"not_picked":["Leap","Undo"],"picked":"Tempest+1","floor":29},{"not_picked":["Reinforced Body","Capacitor","Leap+1"],"picked":"SKIP","floor":30},{"not_picked":["Tempest","Ball Lightning+1","Blizzard+1"],"picked":"SKIP","floor":31},{"not_picked":["Hyperbeam+1","Buffer"],"picked":"All For One+1","floor":33},{"not_picked":["Barrage+1","Sweeping Beam+1"],"picked":"Ball Lightning+1","floor":34},{"not_picked":["Streamline+1","Force Field","Cold Snap+1"],"picked":"SKIP","floor":35},{"not_picked":["Beam Cell+1","Buffer","Hello World"],"picked":"SKIP","floor":39},{"not_picked":["Beam Cell+1","Creative AI","Coolheaded+1"],"picked":"SKIP","floor":40},{"not_picked":["Stack+1","Compile Driver+1","Go for the Eyes+1"],"picked":"SKIP","floor":42},{"not_picked":["Go for the Eyes+1","Reinforced Body+1","Sweeping Beam+1"],"picked":"Singing Bowl","floor":44},{"not_picked":["Hyperbeam+1","Redo+1","Double Energy+1"],"picked":"Singing Bowl","floor":46},{"not_picked":["Turbo+1","Barrage+1","Skim+1"],"picked":"Singing Bowl","floor":47}],"player_experience":455287,"relics_obtained":[{"floor":6,"key":"Meat on the Bone"},{"floor":9,"key":"Mango"},{"floor":25,"key":"The Courier"},{"floor":26,"key":"Cables"},{"floor":30,"key":"PreservedInsect"},{"floor":36,"key":"Dead Branch"},{"floor":37,"key":"Pen Nib"},{"floor":40,"key":"Shuriken"},{"floor":42,"key":"Sundial"},{"floor":43,"key":"Singing Bowl"},{"floor":44,"key":"Gremlin Horn"},{"floor":46,"key":"Bird Faced Urn"}],"event_choices":[{"damage_healed":0,"gold_gain":100,"player_choice":"Pray","damage_taken":0,"max_hp_gain":0,"max_hp_loss":0,"event_name":"Golden Shrine","floor":2,"gold_loss":0},{"cards_removed":["Strike_B"],"damage_healed":0,"gold_gain":0,"player_choice":"Card Removal","damage_taken":0,"max_hp_gain":0,"max_hp_loss":0,"event_name":"The Cleric","floor":5,"gold_loss":50},{"damage_healed":0,"gold_gain":0,"player_choice":"Searched \u00271\u0027 times","damage_taken":0,"relics_obtained":["Old Coin"],"max_hp_gain":0,"max_hp_loss":0,"event_name":"Dead Adventurer","floor":7,"gold_loss":0},{"damage_healed":0,"gold_gain":0,"player_choice":"Box","damage_taken":0,"relics_obtained":["Juzu Bracelet"],"max_hp_gain":0,"max_hp_loss":0,"event_name":"Big Fish","floor":12,"gold_loss":0,"cards_obtained":["Regret"]},{"cards_removed":["Regret"],"damage_healed":0,"gold_gain":0,"player_choice":"Offered Curse","damage_taken":0,"relics_obtained":["Spirit Poop"],"max_hp_gain":0,"max_hp_loss":0,"event_name":"Bonfire Elementals","floor":13,"gold_loss":0},{"damage_healed":0,"gold_gain":0,"player_choice":"Joined the Cult","damage_taken":6,"max_hp_gain":0,"max_hp_loss":0,"event_name":"Nest","floor":20,"gold_loss":0,"cards_obtained":["RitualDagger"]},{"damage_healed":0,"gold_gain":100,"player_choice":"Pray","damage_taken":0,"max_hp_gain":0,"max_hp_loss":0,"event_name":"Golden Shrine","floor":21,"gold_loss":0},{"damage_healed":0,"gold_gain":0,"cards_transformed":["Strike_B"],"player_choice":"Transformed","damage_taken":0,"max_hp_gain":0,"max_hp_loss":0,"event_name":"Transmorgrifier","floor":27,"gold_loss":0,"cards_obtained":["White Noise"]},{"damage_healed":0,"gold_gain":0,"player_choice":"Fight","damage_taken":0,"max_hp_gain":0,"max_hp_loss":0,"event_name":"Mysterious Sphere","floor":36,"gold_loss":0},{"cards_removed":["Static Discharge"],"damage_healed":0,"gold_gain":0,"player_choice":"Removed Power","damage_taken":0,"max_hp_gain":0,"max_hp_loss":0,"event_name":"Falling","floor":41,"gold_loss":0},{"damage_healed":0,"gold_gain":0,"player_choice":"Paid","damage_taken":0,"relics_obtained":["Red Mask"],"max_hp_gain":0,"max_hp_loss":0,"event_name":"Tomb of Lord Red Mask","floor":45,"gold_loss":116},{"damage_healed":0,"gold_gain":0,"player_choice":"Fight","damage_taken":0,"max_hp_gain":0,"max_hp_loss":0,"event_name":"MindBloom","floor":46,"gold_loss":0},{"cards_removed":["Defend_B"],"damage_healed":0,"gold_gain":0,"player_choice":"Purged","damage_taken":0,"max_hp_gain":0,"max_hp_loss":0,"event_name":"Purifier","floor":48,"gold_loss":0}],"is_beta":false,"boss_relics":[{"not_picked":["Inserter","Snecko Eye"],"picked":"Lizard Tail"},{"not_picked":["FrozenCore","Runic Dome"],"picked":"Tiny House"}],"items_purged_floors":[19],"is_endless":false,"potions_floor_spawned":[1,14,22,24,25,31,33,36,42,47],"ascension_level":0}