{"gold_per_floor":[119,69,86,161,176,176,176,202,202,202,202,227,238,20,20,124,124,144,10,24,24,24,24],"floor_reached":23,"playtime":1909,"items_purged":[],"score":256,"play_id":"eac0f64a-2162-4708-bc3c-0d9a939f108f","local_time":"20181023151724","is_ascension_mode":true,"campfire_choices":[{"data":"Survivor","floor":6,"key":"SMITH"},{"floor":10,"key":"REST"},{"floor":15,"key":"REST"}],"neow_cost":"NONE","seed_source_timestamp":1113221151860883,"circlet_count":0,"master_deck":["Defend_G","Defend_G","Defend_G","Defend_G","Defend_G","Strike_G","Strike_G","Strike_G","Strike_G","Survivor+1","Neutralize","Madness","Deflect","Slice","Acrobatics","Blade Dance","Backstab","Slice","Glass Knife","Sucker Punch","Enlightenment","Corpse Explosion","Underhanded Strike","Dagger Throw","Footwork","Tactician+1","Underhanded Strike","Shame"],"relics":["Ring of the Snake","Letter Opener","Lantern","Meat on the Bone","White Beast Statue","Ornamental Fan"],"potions_floor_usage":[7,12,16,16,20,20,23],"damage_taken":[{"damage":0,"enemies":"Small Slimes","floor":1,"turns":4},{"damage":0,"enemies":"2 Louse","floor":3,"turns":4},{"damage":2,"enemies":"Jaw Worm","floor":5,"turns":5},{"damage":43,"enemies":"3 Sentries","floor":8,"turns":17},{"damage":7,"enemies":"Lagavulin","floor":12,"turns":8},{"damage":0,"enemies":"3 Louse","floor":13,"turns":3},{"damage":19,"enemies":"Hexaghost","floor":16,"turns":9},{"damage":17,"enemies":"Chosen","floor":18,"turns":6},{"damage":0,"enemies":"3 Byrds","floor":20,"turns":2},{"damage":56,"enemies":"Book of Stabbing","floor":23,"turns":5}],"seed_played":"-3264185061303478835","potions_obtained":[{"floor":1,"key":"Ancient Potion"},{"floor":3,"key":"PowerPotion"},{"floor":7,"key":"Fruit Juice"},{"floor":7,"key":"LiquidBronze"},{"floor":12,"key":"LiquidBronze"},{"floor":16,"key":"GamblersBrew"},{"floor":18,"key":"Energy Potion"},{"floor":20,"key":"SteroidPotion"}],"is_trial":false,"path_per_floor":["M","?","M","?","M","R","?","E","T","R","?","E","M","$","R","B",null,"M","$","M","?","?"],"character_chosen":"THE_SILENT","items_purchased":["Glass Knife","Sucker Punch","Enlightenment","Dagger Throw","Footwork"],"campfire_rested":2,"item_purchase_floors":[14,14,14,19,19],"current_hp_per_floor":[63,63,63,52,50,50,55,12,12,34,34,27,39,39,61,42,67,50,50,50,50,50,0],"gold":24,"neow_bonus":"RANDOM_COLORLESS","is_prod":false,"is_daily":false,"chose_seed":false,"campfire_upgraded":1,"win_rate":0,"timestamp":1540329444,"path_taken":["M","?","M","?","?","R","?","E","T","R","?","E","M","?","R","BOSS","M","$","M","?","?","E"],"build_version":"2018-10-18","purchased_purges":0,"victory":false,"max_hp_per_floor":[70,70,70,70,70,70,75,75,75,75,75,75,75,75,75,75,75,75,75,75,75,75,75],"card_choices":[{"not_picked":["Dagger Spray","Eviscerate"],"picked":"Deflect","floor":1},{"not_picked":["Backflip","Bane"],"picked":"Slice","floor":3},{"not_picked":["Skewer","Burst"],"picked":"Acrobatics","floor":5},{"not_picked":["Flechettes","Deflect"],"picked":"Blade Dance","floor":8},{"not_picked":["Dagger Spray","Deflect"],"picked":"Backstab","floor":12},{"not_picked":["Setup","Deadly Poison"],"picked":"Slice","floor":13},{"not_picked":["Die Die Die","A Thousand Cuts"],"picked":"Corpse Explosion","floor":16},{"not_picked":["Bouncing Flask+1","Sucker Punch"],"picked":"Underhanded Strike","floor":18},{"not_picked":["Sucker Punch","Catalyst"],"picked":"Tactician+1","floor":20}],"player_experience":776246,"relics_obtained":[{"floor":8,"key":"Letter Opener"},{"floor":9,"key":"Lantern"},{"floor":12,"key":"Meat on the Bone"}],"event_choices":[{"cards_removed":["Strike_G"],"damage_healed":0,"gold_gain":0,"player_choice":"Card Removal","damage_taken":0,"max_hp_gain":0,"max_hp_loss":0,"event_name":"The Cleric","floor":2,"gold_loss":50},{"damage_healed":0,"gold_gain":75,"player_choice":"Gather Gold","damage_taken":11,"max_hp_gain":0,"max_hp_loss":0,"event_name":"World of Goop","floor":4,"gold_loss":0},{"damage_healed":0,"gold_gain":0,"player_choice":"Got Potions","damage_taken":0,"max_hp_gain":0,"max_hp_loss":0,"event_name":"The Lab","floor":7,"gold_loss":0},{"damage_healed":0,"gold_gain":0,"player_choice":"Ignored","damage_taken":0,"max_hp_gain":0,"max_hp_loss":0,"event_name":"Golden Wing","floor":11,"gold_loss":0},{"damage_healed":0,"gold_gain":0,"player_choice":"Read","damage_taken":0,"max_hp_gain":0,"max_hp_loss":0,"event_name":"The Library","floor":21,"gold_loss":0,"cards_obtained":["Underhanded Strike"]},{"damage_healed":0,"gold_gain":0,"player_choice":"Stole Relic","damage_taken":0,"relics_obtained":["Ornamental Fan"],"max_hp_gain":0,"max_hp_loss":0,"event_name":"Addict","floor":22,"gold_loss":0,"cards_obtained":["Shame"]}],"is_beta":false,"boss_relics":[{"not_picked":["Orrery","Sozu"],"picked":"White Beast Statue"}],"items_purged_floors":[],"is_endless":false,"potions_floor_spawned":[1,3,12,16,18,20],"killed_by":"Book of Stabbing","ascension_level":6}