{"gold_per_floor":[114,189,189,208,208,208,223,223,223,223,240,240,252,272,272,272],"floor_reached":16,"playtime":1982,"items_purged":[],"score":92,"play_id":"ece0dc0d-920b-44f9-8be6-039fa519430a","local_time":"20190219112309","is_ascension_mode":false,"campfire_choices":[{"data":"Zap","floor":6,"key":"SMITH"},{"data":"Seek","floor":8,"key":"SMITH"},{"data":"Defend_B","floor":10,"key":"SMITH"},{"data":"Defend_B","floor":15,"key":"SMITH"}],"neow_cost":"TEN_PERCENT_HP_LOSS","seed_source_timestamp":470585533166770,"circlet_count":0,"master_deck":["Strike_B","Strike_B","Strike_B","Strike_B","Defend_B+1","Defend_B+1","Defend_B","Defend_B+1","Zap+1","Dualcast+1","Seek+1","Self Repair","FTL"],"relics":["Cracked Core","Darkstone Periapt","Pantograph"],"potions_floor_usage":[],"damage_taken":[{"damage":0,"enemies":"Cultist","floor":1,"turns":4},{"damage":0,"enemies":"2 Louse","floor":4,"turns":2},{"damage":0,"enemies":"Jaw Worm","floor":7,"turns":4},{"damage":5,"enemies":"2 Fungi Beasts","floor":11,"turns":4},{"damage":0,"enemies":"Red Slaver","floor":13,"turns":3},{"damage":0,"enemies":"3 Louse","floor":14,"turns":2},{"damage":74,"enemies":"Hexaghost","floor":16,"turns":11}],"seed_played":"-7318192884536717714","potions_obtained":[{"floor":1,"key":"SmokeBomb"},{"floor":13,"key":"Dexterity Potion"}],"is_trial":false,"path_per_floor":["?","?","?","M","?","M"],"character_chosen":"DEFECT","items_purchased":[],"campfire_rested":0,"item_purchase_floors":[],"current_hp_per_floor":[68,57,57,57,43,43,43,43,43,43,38,38,38,45,45,0],"gold":272,"neow_bonus":"THREE_RARE_CARDS","is_prod":false,"is_daily":false,"chose_seed":false,"campfire_upgraded":4,"win_rate":0,"timestamp":1550593389,"path_taken":["M","?","?","M","?","R","?","R","T","R","M","?","M","?","R","BOSS"],"build_version":"2019-01-23","purchased_purges":0,"victory":false,"max_hp_per_floor":[68,68,68,68,68,68,68,68,68,68,68,68,68,68,68,68],"card_choices":[{"not_picked":["Machine Learning","Creative AI"],"picked":"Seek","floor":0},{"not_picked":["Hello World","Streamline","Beam Cell"],"picked":"SKIP","floor":1},{"not_picked":["Aggregate","Streamline","Hologram"],"picked":"SKIP","floor":4},{"not_picked":["Defragment","Force Field","Glacier"],"picked":"SKIP","floor":7},{"not_picked":["Gash","Go for the Eyes","Turbo"],"picked":"SKIP","floor":11},{"not_picked":["Blizzard","Sunder"],"picked":"Self Repair","floor":13},{"not_picked":["Ball Lightning","Storm"],"picked":"FTL","floor":14}],"player_experience":544095,"relics_obtained":[{"floor":9,"key":"Darkstone Periapt"}],"event_choices":[{"damage_healed":0,"gold_gain":75,"player_choice":"Gather Gold","damage_taken":11,"max_hp_gain":0,"max_hp_loss":0,"event_name":"World of Goop","floor":2,"gold_loss":0},{"damage_healed":0,"gold_gain":0,"player_choice":"Ignored","damage_taken":0,"max_hp_gain":0,"max_hp_loss":0,"event_name":"Liars Game","floor":3,"gold_loss":0},{"damage_healed":0,"gold_gain":0,"player_choice":"Entered Light","damage_taken":14,"max_hp_gain":0,"max_hp_loss":0,"event_name":"Shining Light","floor":5,"gold_loss":0,"cards_upgraded":["Defend_B","Dualcast"]},{"damage_healed":0,"gold_gain":0,"player_choice":"Gave Potion","damage_taken":0,"relics_obtained":["Pantograph"],"max_hp_gain":0,"max_hp_loss":0,"event_name":"WeMeetAgain","floor":12,"gold_loss":0}],"is_beta":false,"boss_relics":[],"items_purged_floors":[],"is_endless":false,"potions_floor_spawned":[1,13],"killed_by":"Hexaghost","ascension_level":0}