{"gold_per_floor":[115,129,129,50,75,103,113,113,113,125,145,180,180,180,180,259,259,275,291,302,313,5,5,20,51,74,94,94,119,119,44,44,115,115,130,145,194,294,150,180,210,210,284,317,317,332,332,360,360,360,360,360,33,61,61],"floor_reached":56,"playtime":4166,"items_purged":["Blood for Blood+1","Bludgeon+1"],"score":2270,"play_id":"2ec5a3d1-1844-4639-993c-03dbff61af97","local_time":"20190403230506","is_ascension_mode":true,"campfire_choices":[{"data":"True Grit","floor":8,"key":"SMITH"},{"data":"True Grit","floor":13,"key":"SMITH"},{"data":"Bash","floor":15,"key":"SMITH"},{"data":"Bludgeon","floor":23,"key":"SMITH"},{"data":"Metallicize","floor":28,"key":"SMITH"},{"data":"Headbutt","floor":30,"key":"SMITH"},{"data":"Rampage","floor":32,"key":"SMITH"},{"floor":42,"key":"RECALL"},{"data":"Dual Wield","floor":45,"key":"SMITH"},{"floor":49,"key":"REST"},{"data":"Warcry","floor":52,"key":"SMITH"}],"neow_cost":"NONE","seed_source_timestamp":1636835427725683,"circlet_count":0,"master_deck":["AscendersBane","Defend_R","Defend_R+1","Defend_R","Defend_R+1","Metallicize+1","Shrug It Off","Offering","Flame Barrier","Immolate+1","True Grit+1","Rampage+1","Headbutt+1","True Grit+1","Shrug It Off","Corruption+1","Feel No Pain+1","Fiend Fire","Body Slam+1","Flame Barrier+1","Disarm+1","Dual Wield+1","Entrench","Corruption+1","Disarm+1","Havoc+1","Infernal Blade","Warcry+1","Warcry+1","Feel No Pain+1","Body Slam+1"],"relics":["Burning Blood","NeowsBlessing","Bag of Preparation","Blood Vial","Whetstone","Art of War","Anchor","Empty Cage","Dead Branch","Frozen Egg 2","War Paint","WingedGreaves","Astrolabe","Ginger","Bird Faced Urn","Regal Pillow","Ice Cream","Centennial Puzzle","Sundial","Oddly Smooth Stone"],"potions_floor_usage":[27,40,48,48,53],"damage_taken":[{"damage":0,"enemies":"Small Slimes","floor":1,"turns":1},{"damage":0,"enemies":"Cultist","floor":2,"turns":1},{"damage":0,"enemies":"Lagavulin","floor":6,"turns":1},{"damage":7,"enemies":"Jaw Worm","floor":7,"turns":4},{"damage":3,"enemies":"Looter","floor":10,"turns":3},{"damage":4,"enemies":"Exordium Wildlife","floor":11,"turns":3},{"damage":22,"enemies":"Gremlin Nob","floor":12,"turns":3},{"damage":17,"enemies":"Slime Boss","floor":16,"turns":7},{"damage":0,"enemies":"3 Byrds","floor":18,"turns":3},{"damage":20,"enemies":"Shell Parasite","floor":19,"turns":7},{"damage":11,"enemies":"3 Cultists","floor":20,"turns":5},{"damage":12,"enemies":"Snake Plant","floor":21,"turns":4},{"damage":6,"enemies":"Sentry and Sphere","floor":24,"turns":3},{"damage":17,"enemies":"Book of Stabbing","floor":25,"turns":6},{"damage":17,"enemies":"Cultist and Chosen","floor":27,"turns":8},{"damage":6,"enemies":"Slavers","floor":29,"turns":6},{"damage":41,"enemies":"Automaton","floor":33,"turns":8},{"damage":0,"enemies":"Orb Walker","floor":35,"turns":3},{"damage":6,"enemies":"3 Darklings","floor":36,"turns":6},{"damage":21,"enemies":"2 Orb Walkers","floor":37,"turns":4},{"damage":12,"enemies":"Mind Bloom Boss Battle","floor":38,"turns":6},{"damage":6,"enemies":"Giant Head","floor":40,"turns":10},{"damage":6,"enemies":"Reptomancer","floor":41,"turns":2},{"damage":22,"enemies":"Nemesis","floor":44,"turns":9},{"damage":0,"enemies":"Writhing Mass","floor":46,"turns":1},{"damage":69,"enemies":"Reptomancer","floor":48,"turns":4},{"damage":1,"enemies":"Donu and Deca","floor":50,"turns":2},{"damage":9,"enemies":"Shield and Spear","floor":54,"turns":3},{"damage":10,"enemies":"The Heart","floor":55,"turns":6}],"seed_played":"-7057877841646685727","potions_obtained":[{"floor":7,"key":"Weak Potion"},{"floor":10,"key":"Energy Potion"},{"floor":19,"key":"Regen Potion"},{"floor":27,"key":"Explosive Potion"},{"floor":44,"key":"EntropicBrew"},{"floor":48,"key":"AttackPotion"}],"is_trial":false,"path_per_floor":["?","T","?","?","?","?","$","?"],"character_chosen":"IRONCLAD","items_purchased":["Flame Barrier","Dead Branch","Disarm","Feel No Pain+1","Fruit Juice","Fire Potion"],"campfire_rested":1,"item_purchase_floors":[4,22,39,53,53,53],"current_hp_per_floor":[74,75,75,75,75,75,74,74,74,75,75,59,59,59,59,50,69,75,61,58,54,54,54,56,47,47,53,53,55,55,55,55,22,62,70,72,59,55,55,75,75,75,75,75,75,75,75,23,60,75,75,75,80,80,76],"gold":61,"neow_bonus":"THREE_ENEMY_KILL","is_prod":false,"is_daily":false,"chose_seed":false,"campfire_upgraded":9,"win_rate":0,"timestamp":1554347106,"path_taken":["M","M","?","$","?","E","M","R","T","M","M","E","R","?","R","BOSS","M","M","M","M","$","R","M","E","T","M","R","E","R","?","R","BOSS","M","M","?","?","?","E","E","R","T","E","R","M","?","E","R","BOSS","R","$","E","BOSS"],"build_version":"2019-01-23","purchased_purges":2,"victory":true,"max_hp_per_floor":[75,75,75,75,75,75,75,75,75,75,75,75,75,75,75,75,75,75,75,75,75,75,75,75,75,75,75,75,75,75,75,75,75,75,75,75,75,75,75,75,75,75,75,75,75,75,75,75,75,75,75,75,80,80,80],"card_choices":[{"not_picked":["True Grit","Bloodletting"],"picked":"Metallicize","floor":1},{"not_picked":["Sword Boomerang","Clash"],"picked":"Shrug It Off","floor":2},{"not_picked":["True Grit","Rupture"],"picked":"Immolate","floor":6},{"not_picked":["Thunderclap","Corruption"],"picked":"True Grit","floor":7},{"not_picked":["Shockwave","Cleave"],"picked":"Rampage","floor":10},{"not_picked":["Perfected Strike","Rage"],"picked":"Headbutt","floor":11},{"not_picked":["Shockwave","Havoc"],"picked":"True Grit","floor":12},{"not_picked":["Brutality","Immolate"],"picked":"Bludgeon","floor":16},{"not_picked":["Perfected Strike","Havoc"],"picked":"Shrug It Off","floor":18},{"not_picked":["Corruption","Second Wind"],"picked":"Blood for Blood+1","floor":19},{"not_picked":["Power Through","Pommel Strike","Shrug It Off"],"picked":"SKIP","floor":20},{"not_picked":["Searing Blow","Body Slam","Armaments"],"picked":"SKIP","floor":21},{"not_picked":["Heavy Blade","Sword Boomerang+1","Twin Strike"],"picked":"SKIP","floor":24},{"not_picked":["Rampage","Anger","Thunderclap"],"picked":"SKIP","floor":25},{"not_picked":["Burning Pact+1","Thunderclap"],"picked":"Corruption+1","floor":27},{"not_picked":["Combust+1","True Grit"],"picked":"Feel No Pain+1","floor":29},{"not_picked":["Demon Form+1","Double Tap"],"picked":"Fiend Fire","floor":33},{"not_picked":["Headbutt","Whirlwind","Clash+1"],"picked":"SKIP","floor":35},{"not_picked":["Thunderclap","Blood for Blood"],"picked":"Dual Wield","floor":36},{"not_picked":["Anger+1","Reckless Charge+1"],"picked":"Entrench","floor":37},{"not_picked":["Clothesline","Dual Wield"],"picked":"Corruption+1","floor":38},{"not_picked":["Brutality+1","Rage+1"],"picked":"Havoc+1","floor":40},{"not_picked":["Clothesline","Flex"],"picked":"Infernal Blade","floor":41},{"not_picked":["Blood for Blood","Wild Strike"],"picked":"Warcry+1","floor":44},{"not_picked":["Rupture+1","Twin Strike+1","Whirlwind"],"picked":"SKIP","floor":46},{"not_picked":["Headbutt","Clash"],"picked":"Warcry","floor":48},{"not_picked":["True Grit","Clothesline"],"picked":"Body Slam+1","floor":54}],"player_experience":1445844,"relics_obtained":[{"floor":5,"key":"Bag of Preparation"},{"floor":6,"key":"Blood Vial"},{"floor":9,"key":"Whetstone"},{"floor":12,"key":"Art of War"},{"floor":25,"key":"Frozen Egg 2"},{"floor":26,"key":"War Paint"},{"floor":29,"key":"WingedGreaves"},{"floor":37,"key":"Ginger"},{"floor":38,"key":"Bird Faced Urn"},{"floor":40,"key":"Regal Pillow"},{"floor":41,"key":"Ice Cream"},{"floor":44,"key":"Centennial Puzzle"},{"floor":48,"key":"Sundial"},{"floor":54,"key":"Oddly Smooth Stone"}],"event_choices":[{"damage_healed":0,"gold_gain":0,"player_choice":"1 cards matched","damage_taken":0,"max_hp_gain":0,"max_hp_loss":0,"event_name":"Match and Keep!","floor":3,"gold_loss":0,"cards_obtained":["Offering"]},{"damage_healed":0,"gold_gain":0,"player_choice":"Searched \u00271\u0027 times","damage_taken":0,"relics_obtained":["Anchor"],"max_hp_gain":0,"max_hp_loss":0,"event_name":"Dead Adventurer","floor":14,"gold_loss":0},{"cards_removed":["Strike_R"],"damage_healed":0,"gold_gain":0,"player_choice":"Gave Gold","damage_taken":0,"max_hp_gain":0,"max_hp_loss":0,"event_name":"Beggar","floor":31,"gold_loss":75},{"damage_healed":0,"gold_gain":0,"player_choice":"Fight","damage_taken":0,"max_hp_gain":0,"max_hp_loss":0,"event_name":"Mysterious Sphere","floor":37,"gold_loss":0},{"damage_healed":0,"gold_gain":0,"player_choice":"Fight","damage_taken":0,"max_hp_gain":0,"max_hp_loss":0,"event_name":"MindBloom","floor":38,"gold_loss":0},{"damage_healed":0,"gold_gain":0,"player_choice":"Forge","damage_taken":0,"max_hp_gain":0,"max_hp_loss":0,"event_name":"Accursed Blacksmith","floor":47,"gold_loss":0,"cards_upgraded":["Disarm"]}],"is_beta":false,"boss_relics":[{"not_picked":["White Beast Statue","Runic Pyramid"],"picked":"Empty Cage"},{"not_picked":["Runic Dome","Tiny House"],"picked":"Astrolabe"}],"items_purged_floors":[39,53],"is_endless":false,"potions_floor_spawned":[7,10,11,16,19,20,27,37,44,46,48,54],"ascension_level":14}