{"gold_per_floor":[119,119,135,151,167,167,180,215,215,215,247,265,297,297,297,388,388,401,250,270,289,312,347,347,380,380,180,205,240,240,284,284,380,443,459,459,474,474,474,512,512,531,531,569,393,393,393,434,434,434,434,434,82,113,113],"floor_reached":56,"playtime":3990,"items_purged":["Normality","Injury","Strike_G+1","Strike_G+1"],"score":2377,"play_id":"f944c4fe-e05c-448b-9286-31c7524f52e9","local_time":"20190329231936","is_ascension_mode":true,"campfire_choices":[{"data":"Crippling Poison","floor":6.0,"key":"SMITH"},{"data":"Predator","floor":15.0,"key":"SMITH"},{"floor":24.0,"key":"REST"},{"data":"Burst","floor":30.0,"key":"SMITH"},{"data":"Well Laid Plans","floor":32.0,"key":"SMITH"},{"data":"Catalyst","floor":41.0,"key":"SMITH"},{"floor":47,"key":"RECALL"},{"data":"PiercingWail","floor":49,"key":"SMITH"},{"data":"Purity","floor":52,"key":"SMITH"}],"neow_cost":"NONE","seed_source_timestamp":1382288344270000,"circlet_count":0,"master_deck":["AscendersBane","Defend_G+1","Defend_G+1","Defend_G+1","Defend_G+1","Defend_G+1","Strike_G+1","Strike_G+1","Strike_G+1","Survivor+1","Neutralize+1","Blur+1","Crippling Poison+1","Predator+1","Calculated Gamble+1","Deadly Poison+1","Well Laid Plans+1","PiercingWail+1","Burst+1","Acrobatics+1","Noxious Fumes+1","Corpse Explosion+1","Footwork+1","Footwork+1","PiercingWail+1","Dodge and Roll+1","Escape Plan+1","Adrenaline+1","Cloak And Dagger+1","Catalyst+1","Purity+1","PiercingWail+1"],"special_seed":0,"relics":["Cursed Key","PreservedInsect","Sundial","Darkstone Periapt","Meat on the Bone","Golden Idol","Black Star","Kunai","Bronze Scales","Omamori","Centennial Puzzle","Ornamental Fan","Du-Vu Doll","Ginger","Orichalcum","Pear","Tiny House","Mark of the Bloom","Bag of Marbles","Ninja Scroll","Gremlin Horn","Calipers","Anchor","Pen Nib","Happy Flower","Mango","Gambling Chip"],"potions_floor_usage":[55,55],"damage_taken":[{"damage":0.0,"enemies":"Small Slimes","floor":1.0,"turns":5.0},{"damage":1.0,"enemies":"2 Louse","floor":3.0,"turns":3.0},{"damage":2.0,"enemies":"Jaw Worm","floor":4.0,"turns":6.0},{"damage":3.0,"enemies":"Blue Slaver","floor":5.0,"turns":5.0},{"damage":4.0,"enemies":"3 Louse","floor":7.0,"turns":2.0},{"damage":16.0,"enemies":"Lagavulin","floor":8.0,"turns":7.0},{"damage":2.0,"enemies":"3 Sentries","floor":11.0,"turns":8.0},{"damage":2.0,"enemies":"2 Fungi Beasts","floor":12.0,"turns":3.0},{"damage":0.0,"enemies":"Lagavulin","floor":13.0,"turns":7.0},{"damage":31.0,"enemies":"The Guardian","floor":16.0,"turns":14.0},{"damage":30.0,"enemies":"Spheric Guardian","floor":18.0,"turns":7.0},{"damage":7.0,"enemies":"Shell Parasite","floor":20.0,"turns":6.0},{"damage":9.0,"enemies":"Snake Plant","floor":21.0,"turns":5.0},{"damage":38.0,"enemies":"Chosen and Byrds","floor":22.0,"turns":8.0},{"damage":8.0,"enemies":"Gremlin Leader","floor":23.0,"turns":7.0},{"damage":22.0,"enemies":"Slavers","floor":25.0,"turns":3.0},{"damage":4.0,"enemies":"Centurion and Healer","floor":28.0,"turns":6.0},{"damage":14.0,"enemies":"Book of Stabbing","floor":29.0,"turns":5.0},{"damage":16.0,"enemies":"Gremlin Leader","floor":31.0,"turns":9.0},{"damage":19.0,"enemies":"Champ","floor":33.0,"turns":18.0},{"damage":0.0,"enemies":"3 Shapes","floor":35.0,"turns":3.0},{"damage":0.0,"enemies":"Orb Walker","floor":37.0,"turns":4.0},{"damage":0.0,"enemies":"Nemesis","floor":40.0,"turns":5.0},{"damage":5.0,"enemies":"Maw","floor":42.0,"turns":5.0},{"damage":0.0,"enemies":"Reptomancer","floor":44.0,"turns":7.0},{"damage":0,"enemies":"Nemesis","floor":48,"turns":8},{"damage":4,"enemies":"Donu and Deca","floor":50,"turns":8},{"damage":0,"enemies":"Shield and Spear","floor":54,"turns":5},{"damage":36,"enemies":"The Heart","floor":55,"turns":8}],"seed_played":"-6406548376404076223","potions_obtained":[{"floor":4.0,"key":"GamblersBrew"},{"floor":7.0,"key":"Energy Potion"},{"floor":12.0,"key":"Block Potion"},{"floor":21.0,"key":"SkillPotion"},{"floor":25.0,"key":"GamblersBrew"},{"floor":28.0,"key":"Fruit Juice"},{"floor":29.0,"key":"Poison Potion"},{"floor":34.0,"key":"GamblersBrew"},{"floor":42.0,"key":"PowerPotion"},{"floor":44.0,"key":"Ancient Potion"}],"is_trial":false,"path_per_floor":["M","?","M","M","M","R","M","E","T","?","E","M","E","?","R","B",null,"M","$","M","M","M","E","R","E","T","$","M","E","R","E","R","B",null,"M","?","M","?","?","E","R","M","T","E","$","?","R","E","R","B",null,"R","$","E","B",null],"character_chosen":"THE_SILENT","items_purchased":["Noxious Fumes","Footwork","PiercingWail","PiercingWail","Swift Potion","Happy Flower"],"campfire_rested":1,"item_purchase_floors":[19,27,27,45,53,53],"current_hp_per_floor":[59,64,63,61,58,58,54,38,38,38,36,34,34,40,40,21,63,45,45,50,41,15,19,42,32,32,32,45,43,43,49,49,42,85,85,85,85,85,85,85,85,80,80,80,80,80,80,80,80,76,76,76,76,76,40],"gold":113,"neow_bonus":"BOSS_RELIC","is_prod":false,"is_daily":false,"chose_seed":false,"campfire_upgraded":7,"win_rate":0,"timestamp":1553926776,"path_taken":["M","?","M","M","M","R","M","E","T","?","E","M","E","?","R","BOSS","M","$","M","M","M","E","R","E","T","$","M","E","R","E","R","BOSS","M","?","M","?","?","E","R","?","T","E","$","?","R","E","R","BOSS","R","$","E","BOSS"],"build_version":"2019-01-23","purchased_purges":4,"victory":true,"max_hp_per_floor":[66,71,71,71,71,71,71,71,71,71,71,71,71,77,77,77,77,77,77,77,77,77,77,77,77,77,77,82,82,82,92,92,92,97,97,97,97,97,97,97,97,97,97,97,97,97,97,97,97,97,97,97,97,111,111],"card_choices":[{"not_picked":["Dagger Spray","Underhanded Strike","Outmaneuver"],"picked":"SKIP","floor":1.0},{"not_picked":["Dagger Spray","Prepared"],"picked":"Blur","floor":3.0},{"not_picked":["Poisoned Stab","Dagger Throw"],"picked":"Crippling Poison","floor":5.0},{"not_picked":["PiercingWail","Deadly Poison"],"picked":"Predator","floor":7.0},{"not_picked":["Dagger Throw","Underhanded Strike"],"picked":"Calculated Gamble","floor":8.0},{"not_picked":["Dagger Throw","Envenom"],"picked":"Deadly Poison","floor":11.0},{"not_picked":["Skewer","Predator"],"picked":"Well Laid Plans","floor":12.0},{"not_picked":["Die Die Die","Blur"],"picked":"PiercingWail","floor":13.0},{"not_picked":["Doppelganger","Venomology"],"picked":"Burst","floor":16.0},{"not_picked":["Concentrate","Poisoned Stab"],"picked":"Acrobatics","floor":18.0},{"not_picked":["Acrobatics","Dagger Spray","Deflect"],"picked":"SKIP","floor":20.0},{"not_picked":["Distraction","Flying Knee","Acrobatics"],"picked":"SKIP","floor":21.0},{"not_picked":["Choke+1","Eviscerate","Sucker Punch"],"picked":"SKIP","floor":22.0},{"not_picked":["Deflect","Dagger Spray"],"picked":"Corpse Explosion","floor":23.0},{"not_picked":["Quick Slash","Blade Dance"],"picked":"Footwork","floor":25.0},{"not_picked":["Choke","Caltrops","Deflect"],"picked":"SKIP","floor":28.0},{"not_picked":["Quick Slash","Deflect"],"picked":"Dodge and Roll","floor":29.0},{"not_picked":["Quick Slash","All Out Attack"],"picked":"Escape Plan","floor":31.0},{"not_picked":["A Thousand Cuts","Doppelganger"],"picked":"Adrenaline","floor":33.0},{"not_picked":["All Out Attack","Flying Knee"],"picked":"Slice","floor":34.0},{"not_picked":["Heel Hook","Outmaneuver+1"],"picked":"Cloak And Dagger","floor":35.0},{"not_picked":["Prepared","All Out Attack"],"picked":"Catalyst","floor":37.0},{"not_picked":["Transmutation","Secret Weapon"],"picked":"Purity","floor":38.0},{"not_picked":["Riddle With Holes+1","Dagger Throw","Prepared"],"picked":"SKIP","floor":40.0},{"not_picked":["Poisoned Stab","Backstab","Reflex"],"picked":"SKIP","floor":42.0},{"not_picked":["Predator","Choke","Poisoned Stab"],"picked":"SKIP","floor":44.0},{"not_picked":["Noxious Fumes","Deflect","Flying Knee"],"picked":"SKIP","floor":48},{"not_picked":["Deflect+1","Prepared","Flying Knee"],"picked":"SKIP","floor":54}],"player_experience":437721,"relics_obtained":[{"floor":8.0,"key":"PreservedInsect"},{"floor":9.0,"key":"Sundial"},{"floor":11.0,"key":"Darkstone Periapt"},{"floor":13.0,"key":"Meat on the Bone"},{"floor":23.0,"key":"Kunai"},{"floor":23.0,"key":"Bronze Scales"},{"floor":25.0,"key":"Omamori"},{"floor":25.0,"key":"Centennial Puzzle"},{"floor":26.0,"key":"Ornamental Fan"},{"floor":29.0,"key":"Du-Vu Doll"},{"floor":29.0,"key":"Ginger"},{"floor":31.0,"key":"Orichalcum"},{"floor":31.0,"key":"Pear"},{"floor":40.0,"key":"Bag of Marbles"},{"floor":40.0,"key":"Ninja Scroll"},{"floor":44.0,"key":"Gremlin Horn"},{"floor":44.0,"key":"Calipers"},{"floor":48,"key":"Anchor"},{"floor":48,"key":"Pen Nib"},{"floor":54,"key":"Mango"},{"floor":54,"key":"Gambling Chip"}],"event_choices":[{"damage_healed":0.0,"max_hp_gain":5.0,"max_hp_loss":0.0,"gold_gain":0.0,"event_name":"Big Fish","player_choice":"Donut","floor":2.0,"gold_loss":0.0,"damage_taken":0.0},{"damage_healed":0.0,"max_hp_gain":0.0,"max_hp_loss":0.0,"gold_gain":0.0,"event_name":"Shining Light","player_choice":"Ignored","floor":10.0,"gold_loss":0.0,"damage_taken":0.0},{"damage_healed":0.0,"max_hp_gain":0.0,"max_hp_loss":0.0,"gold_gain":0.0,"event_name":"Golden Idol","player_choice":"Take Wound","floor":14.0,"gold_loss":0.0,"damage_taken":0.0,"relics_obtained":["Golden Idol"],"cards_obtained":["Injury"]},{"damage_healed":0.0,"max_hp_gain":0.0,"max_hp_loss":0.0,"gold_gain":0.0,"event_name":"MindBloom","player_choice":"Upgrade","floor":36.0,"gold_loss":0.0,"damage_taken":0.0,"cards_upgraded":["Defend_G","Defend_G","Defend_G","Defend_G","Strike_G","Strike_G","Strike_G","Strike_G","Strike_G","Survivor","Neutralize","Blur","Calculated Gamble","Deadly Poison","PiercingWail","Acrobatics","Noxious Fumes","Corpse Explosion","Footwork","Footwork","PiercingWail","Dodge and Roll","Escape Plan","Adrenaline","Slice","Cloak And Dagger"],"relics_obtained":["Mark of the Bloom"]},{"damage_healed":0.0,"max_hp_gain":0.0,"max_hp_loss":0.0,"gold_gain":0.0,"event_name":"SensoryStone","player_choice":"Memory 1","floor":38.0,"gold_loss":0.0,"damage_taken":0.0},{"damage_healed":0.0,"max_hp_gain":0.0,"max_hp_loss":0.0,"gold_gain":0.0,"event_name":"Mysterious Sphere","player_choice":"Ignored","floor":39.0,"gold_loss":0.0,"damage_taken":0.0},{"cards_removed":["Slice"],"damage_healed":0,"gold_gain":0,"player_choice":"Removed Attack","damage_taken":0,"max_hp_gain":0,"max_hp_loss":0,"event_name":"Falling","floor":46,"gold_loss":0}],"is_beta":false,"boss_relics":[{"not_picked":["White Beast Statue","Lizard Tail"],"picked":"Black Star"},{"not_picked":["Philosopher\u0027s Stone","Fusion Hammer"],"picked":"Tiny House"}],"items_purged_floors":[19,27,45,53],"is_endless":false,"potions_floor_spawned":[4,7,12,21,25,28,29,42,44,48],"ascension_level":15}