{"gold_per_floor":[115,115,131,142,67,101,116,116,143,174,185,196,211,225,225,329,329,342,92,105,124,140,140,166,181,204,234,234,234,234,234,234,336,336,350,350,363,375,386,411,411,438,438,438,449,462,488,488,488,488],"floor_reached":50,"playtime":8700,"items_purged":["Strike_G","Defend_G"],"score":688,"play_id":"ae4edf5f-7537-491c-81b1-64eebeee1708","local_time":"20190130213302","is_ascension_mode":false,"campfire_choices":[{"floor":8,"key":"REST"},{"floor":15,"key":"REST"},{"floor":23,"key":"REST"},{"floor":28,"key":"REST"},{"floor":30,"key":"REST"},{"data":"Infinite Blades","floor":32,"key":"SMITH"},{"floor":41,"key":"REST"},{"floor":44,"key":"REST"},{"floor":49,"key":"REST"}],"neow_cost":"NONE","seed_source_timestamp":160380386723438,"circlet_count":0,"master_deck":["Defend_G+1","Survivor","Neutralize","All Out Attack","Infinite Blades+1","Dagger Throw","Dagger Throw","Calculated Gamble","Flying Knee","Adrenaline","Slice+1","Flying Knee+1","Envenom+1","Dagger Throw+1","Finisher","All Out Attack","Quick Slash+1","Corpse Explosion","Dagger Spray","All Out Attack","Bite","Bite","Bite","Bite","Bite","Bullet Time+1","Quick Slash+1","Blade Dance+1","All Out Attack+1","Bane+1","Prepared+1"],"relics":["Black Star","FaceOfCleric","Strawberry","Lantern","Vajra","Centennial Puzzle","Anchor","Astrolabe","Omamori","Bag of Marbles","Dream Catcher","Smiling Mask","Bag of Preparation","Empty Cage","Pear","Happy Flower","Pen Nib","Bottled Tornado","Darkstone Periapt","Bronze Scales","War Paint"],"potions_floor_usage":[50,50],"damage_taken":[{"damage":8,"enemies":"Small Slimes","floor":1,"turns":4},{"damage":0,"enemies":"Cultist","floor":3,"turns":5},{"damage":4,"enemies":"2 Louse","floor":4,"turns":2},{"damage":36,"enemies":"Lagavulin","floor":6,"turns":11},{"damage":6,"enemies":"Large Slime","floor":7,"turns":5},{"damage":17,"enemies":"3 Sentries","floor":10,"turns":5},{"damage":3,"enemies":"Red Slaver","floor":11,"turns":3},{"damage":0,"enemies":"2 Fungi Beasts","floor":12,"turns":2},{"damage":0,"enemies":"Blue Slaver","floor":13,"turns":3},{"damage":5,"enemies":"Looter","floor":14,"turns":3},{"damage":37,"enemies":"Slime Boss","floor":16,"turns":10},{"damage":17,"enemies":"Spheric Guardian","floor":18,"turns":4},{"damage":2,"enemies":"Shell Parasite","floor":20,"turns":3},{"damage":5,"enemies":"Snake Plant","floor":21,"turns":2},{"damage":10,"enemies":"Centurion and Healer","floor":22,"turns":3},{"damage":17,"enemies":"Slavers","floor":24,"turns":2},{"damage":0,"enemies":"3 Cultists","floor":25,"turns":2},{"damage":39,"enemies":"Book of Stabbing","floor":27,"turns":4},{"damage":59,"enemies":"Collector","floor":33,"turns":6},{"damage":16,"enemies":"3 Darklings","floor":35,"turns":3},{"damage":0,"enemies":"3 Shapes","floor":37,"turns":3},{"damage":23,"enemies":"Writhing Mass","floor":38,"turns":4},{"damage":39,"enemies":"Sphere and 2 Shapes","floor":39,"turns":4},{"damage":44,"enemies":"Reptomancer","floor":40,"turns":6},{"damage":12,"enemies":"Nemesis","floor":42,"turns":3},{"damage":10,"enemies":"3 Darklings","floor":45,"turns":2},{"damage":21,"enemies":"Maw","floor":46,"turns":5},{"damage":57,"enemies":"Reptomancer","floor":47,"turns":4},{"damage":69,"enemies":"Awakened One","floor":50,"turns":5}],"seed_played":"2795276236428196546","potions_obtained":[{"floor":4,"key":"Strength Potion"},{"floor":7,"key":"Weak Potion"},{"floor":10,"key":"Poison Potion"},{"floor":11,"key":"SmokeBomb"},{"floor":24,"key":"SpeedPotion"},{"floor":39,"key":"Swift Potion"}],"is_trial":false,"path_per_floor":["?","$","$","?","?","?","M","?"],"character_chosen":"THE_SILENT","items_purchased":["Omamori"],"campfire_rested":8,"item_purchase_floors":[19],"current_hp_per_floor":[62,62,63,60,60,32,27,51,51,35,33,34,35,31,56,20,87,71,71,70,66,57,84,68,71,71,35,63,63,91,91,91,40,95,80,80,89,79,47,22,55,52,52,85,78,66,18,18,52,0],"gold":488,"neow_bonus":"BOSS_RELIC","is_prod":false,"is_daily":false,"chose_seed":false,"campfire_upgraded":1,"win_rate":0.0,"timestamp":1548901982,"path_taken":["M","?","M","M","?","E","M","R","T","E","M","M","M","M","R","BOSS","M","?","M","M","M","R","E","M","T","E","R","?","R","?","R","BOSS","M","?","M","M","M","E","R","E","T","R","M","?","E","?","R","BOSS"],"build_version":"2019-01-23","purchased_purges":2,"victory":false,"max_hp_per_floor":[70,70,71,72,72,80,81,81,81,82,83,84,85,86,86,87,87,88,88,89,90,91,91,92,93,93,94,94,94,94,94,94,95,95,96,96,97,98,99,110,110,111,111,111,112,113,114,114,114,114],"card_choices":[{"not_picked":["Outmaneuver","Skewer"],"picked":"Blade Dance","floor":1},{"not_picked":["Terror","Acrobatics"],"picked":"All Out Attack","floor":3},{"not_picked":["Flechettes","Acrobatics"],"picked":"Infinite Blades","floor":4},{"not_picked":["Glass Knife","Dodge and Roll"],"picked":"Dagger Throw","floor":6},{"not_picked":["Bane","Reflex"],"picked":"Dagger Throw","floor":7},{"not_picked":["Bane","Outmaneuver","Noxious Fumes"],"picked":"SKIP","floor":10},{"not_picked":["Riddle With Holes","Dodge and Roll","Heel Hook"],"picked":"SKIP","floor":11},{"not_picked":["Quick Slash","Sucker Punch"],"picked":"Calculated Gamble","floor":12},{"not_picked":["Infinite Blades","Underhanded Strike"],"picked":"Flying Knee","floor":13},{"not_picked":["Malaise","Deadly Poison","Skewer"],"picked":"SKIP","floor":14},{"not_picked":["Wraith Form v2","Night Terror"],"picked":"Adrenaline","floor":16},{"not_picked":["Footwork","Blur"],"picked":"Dagger Throw+1","floor":18},{"not_picked":["Dagger Spray","Catalyst+1"],"picked":"Finisher","floor":20},{"not_picked":["Sucker Punch","Poisoned Stab+1"],"picked":"All Out Attack","floor":21},{"not_picked":["Caltrops","Flying Knee"],"picked":"Quick Slash+1","floor":22},{"not_picked":["Quick Slash","Malaise"],"picked":"Corpse Explosion","floor":24},{"not_picked":["Well Laid Plans","Sucker Punch","Poisoned Stab"],"picked":"SKIP","floor":25},{"not_picked":["PiercingWail+1","Poisoned Stab+1"],"picked":"Dagger Spray","floor":27},{"not_picked":["Backflip+1","Tools of the Trade"],"picked":"All Out Attack","floor":30},{"not_picked":["Burst","Venomology"],"picked":"Bullet Time","floor":33},{"not_picked":["Underhanded Strike","Dash+1"],"picked":"Quick Slash+1","floor":35},{"not_picked":["Deflect+1","Flying Knee+1"],"picked":"Blade Dance+1","floor":37},{"not_picked":["Bane","Backflip+1","Deadly Poison+1"],"picked":"SKIP","floor":38},{"not_picked":["Predator","Bane"],"picked":"All Out Attack+1","floor":39},{"not_picked":["Dagger Throw","Riddle With Holes+1","Skewer"],"picked":"SKIP","floor":40},{"not_picked":["Acrobatics+1","Dodge and Roll","Deadly Poison"],"picked":"SKIP","floor":42},{"not_picked":["Underhanded Strike+1","Dodge and Roll+1"],"picked":"Bane+1","floor":45},{"not_picked":["Tools of the Trade","Flechettes+1","Underhanded Strike+1"],"picked":"SKIP","floor":46},{"not_picked":["Backflip","Poisoned Stab"],"picked":"Prepared+1","floor":47}],"player_experience":42336,"relics_obtained":[{"floor":6,"key":"Strawberry"},{"floor":6,"key":"Lantern"},{"floor":9,"key":"Vajra"},{"floor":10,"key":"Centennial Puzzle"},{"floor":10,"key":"Anchor"},{"floor":24,"key":"Blood Vial"},{"floor":24,"key":"Bag of Marbles"},{"floor":26,"key":"Dream Catcher"},{"floor":27,"key":"Smiling Mask"},{"floor":27,"key":"Bag of Preparation"},{"floor":40,"key":"Pear"},{"floor":40,"key":"Happy Flower"},{"floor":42,"key":"Pen Nib"},{"floor":42,"key":"Bottled Tornado"},{"floor":43,"key":"Darkstone Periapt"},{"floor":47,"key":"Bronze Scales"},{"floor":47,"key":"War Paint"}],"event_choices":[{"damage_healed":0,"gold_gain":0,"player_choice":"Trade","damage_taken":0,"relics_obtained":["FaceOfCleric"],"max_hp_gain":0,"max_hp_loss":0,"event_name":"FaceTrader","floor":2,"gold_loss":0},{"damage_healed":0,"gold_gain":0,"player_choice":"Smashed Altar","damage_taken":0,"max_hp_gain":0,"max_hp_loss":0,"event_name":"Forgotten Altar","floor":29,"gold_loss":0,"cards_obtained":["Decay"]},{"damage_healed":0,"gold_gain":0,"player_choice":"Became a vampire (Vial)","damage_taken":0,"max_hp_gain":0,"max_hp_loss":0,"event_name":"Vampires","floor":31,"relics_lost":["Blood Vial"],"gold_loss":0,"cards_obtained":["Bite","Bite","Bite","Bite","Bite"]},{"damage_healed":0,"gold_gain":0,"player_choice":"Ignored","damage_taken":0,"max_hp_gain":0,"max_hp_loss":0,"event_name":"NoteForYourself","floor":36,"gold_loss":0},{"cards_removed":["Blade Dance"],"damage_healed":0,"gold_gain":0,"player_choice":"Removed Skill","damage_taken":0,"max_hp_gain":0,"max_hp_loss":0,"event_name":"Falling","floor":48,"gold_loss":0}],"is_beta":false,"boss_relics":[{"not_picked":["Tiny House","Orrery"],"picked":"Astrolabe"},{"not_picked":["Busted Crown","Calling Bell"],"picked":"Empty Cage"}],"items_purged_floors":[5,19],"is_endless":false,"potions_floor_spawned":[4,7,10,11,14,18,24,25,33,38,39,40,45,47],"killed_by":"Awakened One","ascension_level":0}