{"gold_per_floor":[113,125,14,14,14,27,44,60,84,84,98,98,98,98,98,194,194,207,222,147,163,176,176,176,176],"floor_reached":25,"playtime":920,"items_purged":["Strike_R"],"score":195,"play_id":"d4372e0d-16c2-4a74-8e45-e0bbee96dd1c","local_time":"20190123174821","is_ascension_mode":false,"campfire_choices":[{"data":"Inflame","floor":10.0,"key":"SMITH"},{"data":"True Grit","floor":12.0,"key":"SMITH"},{"data":"Clothesline","floor":15.0,"key":"SMITH"},{"floor":23.0,"key":"REST"}],"neow_cost":"NONE","seed_source_timestamp":0,"circlet_count":0,"master_deck":["Strike_R","Strike_R","Strike_R","Defend_R","Defend_R","Defend_R","Defend_R","Bash","Clothesline+1","Inflame+1","Evolve","Thunderclap","True Grit+1","Impervious","Headbutt+1"],"special_seed":0,"relics":["Sozu"],"potions_floor_usage":[],"damage_taken":[{"damage":2.0,"enemies":"2 Louse","floor":1.0,"turns":2.0},{"damage":2.0,"enemies":"Small Slimes","floor":2.0,"turns":3.0},{"damage":4.0,"enemies":"Cultist","floor":6.0,"turns":3.0},{"damage":7.0,"enemies":"Blue Slaver","floor":7.0,"turns":4.0},{"damage":15.0,"enemies":"Exordium Wildlife","floor":8.0,"turns":5.0},{"damage":5.0,"enemies":"Exordium Thugs","floor":11.0,"turns":3.0},{"damage":27.0,"enemies":"Hexaghost","floor":16.0,"turns":9.0},{"damage":2.0,"enemies":"Chosen","floor":18.0,"turns":6.0},{"damage":14.0,"enemies":"Shell Parasite","floor":19.0,"turns":7.0},{"damage":37.0,"enemies":"Chosen and Byrds","floor":21.0,"turns":9.0},{"damage":27.0,"enemies":"Shelled Parasite and Fungi","floor":22.0,"turns":8.0},{"damage":0,"enemies":"Centurion and Healer","floor":25,"turns":1}],"seed_played":"-1911392268681634207","potions_obtained":[],"is_trial":false,"path_per_floor":["?","?","M","?","T","?","?","M"],"character_chosen":"IRONCLAD","items_purchased":["Inflame"],"campfire_rested":1,"item_purchase_floors":[3],"current_hp_per_floor":[78,76,76,81,81,77,70,55,55,55,50,50,50,50,50,23,85,83,69,69,32,5,30,30,30],"gold":176,"neow_bonus":"BOSS_RELIC","is_prod":false,"is_daily":false,"chose_seed":false,"campfire_upgraded":3,"win_rate":0,"timestamp":1548294501,"path_taken":["M","M","$","?","?","M","M","?","T","R","M","R","?","?","R","BOSS","M","M","?","M","M","R","?","M"],"build_version":"2019-01-23","purchased_purges":1,"victory":false,"max_hp_per_floor":[80,80,80,85,85,85,85,85,85,85,85,85,85,85,85,85,85,85,85,85,85,85,85,85,85],"card_choices":[{"not_picked":["Sword Boomerang","Warcry"],"picked":"Clothesline","floor":1.0},{"not_picked":["Blood for Blood","Ghostly Armor","Flex"],"picked":"SKIP","floor":2.0},{"not_picked":["Pommel Strike","Flex"],"picked":"Evolve","floor":6.0},{"not_picked":["Pommel Strike","Twin Strike","Blood for Blood"],"picked":"SKIP","floor":7.0},{"not_picked":["Evolve","Blood for Blood"],"picked":"Thunderclap","floor":8.0},{"not_picked":["Clothesline","Perfected Strike","True Grit"],"picked":"SKIP","floor":11.0},{"not_picked":["Clothesline","Perfected Strike"],"picked":"True Grit","floor":11.0},{"not_picked":["Juggernaut","Brutality"],"picked":"Impervious","floor":16.0},{"not_picked":["Iron Wave","Rampage","Rage+1"],"picked":"SKIP","floor":18.0},{"not_picked":["Power Through","Clothesline","Clash"],"picked":"SKIP","floor":19.0},{"not_picked":["Pummel","Pommel Strike","Rage"],"picked":"SKIP","floor":21.0},{"not_picked":["Infernal Blade+1","Ghostly Armor+1"],"picked":"Headbutt+1","floor":22.0}],"player_experience":287858,"relics_obtained":[],"event_choices":[{"damage_healed":0.0,"max_hp_gain":5.0,"max_hp_loss":0.0,"gold_gain":0.0,"event_name":"Big Fish","player_choice":"Donut","floor":4.0,"gold_loss":0.0,"damage_taken":0.0},{"damage_healed":0.0,"max_hp_gain":0.0,"max_hp_loss":0.0,"gold_gain":0.0,"event_name":"Match and Keep!","player_choice":"0 cards matched","floor":5.0,"gold_loss":0.0,"damage_taken":0.0,"cards_obtained":[]},{"damage_healed":0.0,"max_hp_gain":0.0,"max_hp_loss":0.0,"gold_gain":0.0,"event_name":"Golden Idol","player_choice":"Ignored","floor":13.0,"gold_loss":0.0,"damage_taken":0.0},{"cards_removed":["Strike_R"],"damage_healed":0.0,"max_hp_gain":0.0,"max_hp_loss":0.0,"gold_gain":0.0,"event_name":"Beggar","player_choice":"Gave Gold","floor":20.0,"gold_loss":75.0,"damage_taken":0.0},{"damage_healed":0.0,"max_hp_gain":0.0,"max_hp_loss":0.0,"gold_gain":0.0,"event_name":"The Mausoleum","player_choice":"Ignored","floor":24.0,"gold_loss":0.0,"damage_taken":0.0}],"is_beta":false,"boss_relics":[{"not_picked":["Black Star","Astrolabe","Tiny House"]}],"items_purged_floors":[3],"is_endless":false,"potions_floor_spawned":[1,2,11,18,22],"killed_by":"Centurion and Healer","ascension_level":0}