{"gold_per_floor":[114,189,189,189,39,39,54,84,84,99,114,114,144,159,159,259,259,274,374,374,30,45,75,75],"floor_reached":24,"playtime":5230,"items_purged":[],"score":274,"play_id":"6e4c3609-0568-42eb-b805-1dd3a1f3b1c3","local_time":"20190228185112","daily_mods":["Heirloom","ControlledChaos","Terminal"],"is_ascension_mode":false,"campfire_choices":[{"floor":6,"key":"REST"},{"data":"Demon Form","floor":12,"key":"SMITH"},{"floor":15,"key":"REST"}],"neow_cost":"","seed_source_timestamp":0,"circlet_count":0,"master_deck":["Defend_R","Defend_R","Defend_R","Defend_R","Bash","Clash","Bash","Spot Weakness","Sword Boomerang","Demon Form+1","Inflame","Iron Wave","Dual Wield","Feel No Pain","Juggernaut","Heavy Blade","True Grit+1","Bite","Bite","Bite","Bite","Bite","Feed","Flame Barrier","Berserk"],"special_seed":17955,"relics":["Black Blood","Frozen Eye","Ginger","Art of War","Turnip","Sundial","Peace Pipe","WingedGreaves","Bottled Flame","HandDrill","Dead Branch"],"potions_floor_usage":[18,18,19,23,23],"damage_taken":[{"damage":0,"enemies":"2 Louse","floor":1,"turns":3},{"damage":1,"enemies":"Jaw Worm","floor":7,"turns":3},{"damage":1,"enemies":"3 Sentries","floor":8,"turns":7},{"damage":0,"enemies":"Small Slimes","floor":10,"turns":2},{"damage":8,"enemies":"Exordium Thugs","floor":11,"turns":4},{"damage":13,"enemies":"Gremlin Nob","floor":13,"turns":4},{"damage":14,"enemies":"Lots of Slimes","floor":14,"turns":3},{"damage":30,"enemies":"Slime Boss","floor":16,"turns":5},{"damage":6,"enemies":"Spheric Guardian","floor":18,"turns":5},{"damage":27,"enemies":"Colosseum Slavers","floor":19,"turns":4},{"damage":5,"enemies":"Colosseum Nobs","floor":19,"turns":4},{"damage":0,"enemies":"Chosen","floor":22,"turns":4},{"damage":36,"enemies":"Book of Stabbing","floor":23,"turns":6},{"damage":17,"enemies":"Slavers","floor":24,"turns":1}],"seed_played":"-2833648165703776253","potions_obtained":[{"floor":7,"key":"BloodPotion"},{"floor":14,"key":"SpeedPotion"},{"floor":16,"key":"AttackPotion"},{"floor":18,"key":"FearPotion"},{"floor":19,"key":"Ancient Potion"},{"floor":22,"key":"Block Potion"}],"is_trial":false,"path_per_floor":["M","?","?","?","$","R","M","E","T","M","M","R","E","M","R","B",null,"M","?","?","$","M","E","E"],"character_chosen":"IRONCLAD","items_purchased":["Art of War","Feed","HandDrill"],"campfire_rested":2,"item_purchase_floors":[5,21,21],"current_hp_per_floor":[78,67,67,67,67,73,72,71,70,69,67,67,60,52,64,40,62,61,55,41,40,39,15,0],"gold":75,"neow_bonus":"","is_prod":false,"is_daily":true,"chose_seed":false,"campfire_upgraded":1,"win_rate":0,"timestamp":1551379872,"path_taken":["M","?","?","?","$","R","?","E","T","?","M","R","E","M","R","BOSS","M","?","?","?","M","E","E"],"build_version":"2019-01-23","purchased_purges":0,"victory":false,"max_hp_per_floor":[78,77,76,75,74,73,72,71,70,69,68,67,66,65,64,63,62,61,60,41,40,39,38,38],"card_choices":[{"not_picked":["Sever Soul","Wild Strike"],"picked":"Clash","floor":1},{"not_picked":["Body Slam","Battle Trance"],"picked":"Sword Boomerang","floor":7},{"not_picked":["Inflame","Shrug It Off"],"picked":"Demon Form","floor":8},{"not_picked":["Flex","Wild Strike"],"picked":"Inflame","floor":10},{"not_picked":["Ghostly Armor","Thunderclap"],"picked":"Iron Wave","floor":11},{"not_picked":["Warcry","Exhume"],"picked":"Dual Wield","floor":13},{"not_picked":["Iron Wave","Sever Soul"],"picked":"Feel No Pain","floor":14},{"not_picked":["Exhume","Reaper"],"picked":"Juggernaut","floor":16},{"not_picked":["Clothesline+1","Battle Trance"],"picked":"Heavy Blade","floor":18},{"not_picked":["Clothesline","Heavy Blade"],"picked":"True Grit+1","floor":19},{"not_picked":["Headbutt","Second Wind"],"picked":"Flame Barrier","floor":22},{"not_picked":["Offering","Body Slam"],"picked":"Berserk","floor":23}],"player_experience":244601,"relics_obtained":[{"floor":8,"key":"Turnip"},{"floor":9,"key":"Sundial"},{"floor":13,"key":"Peace Pipe"},{"floor":19,"key":"WingedGreaves"},{"floor":19,"key":"Bottled Flame"},{"floor":23,"key":"Dead Branch"}],"event_choices":[{"damage_healed":0,"gold_gain":75,"player_choice":"Gather Gold","damage_taken":11,"max_hp_gain":0,"max_hp_loss":0,"event_name":"World of Goop","floor":2,"gold_loss":0},{"damage_healed":0,"gold_gain":0,"player_choice":"Ignored","damage_taken":0,"max_hp_gain":0,"max_hp_loss":0,"event_name":"Shining Light","floor":3,"gold_loss":0},{"damage_healed":0,"gold_gain":0,"player_choice":"2 cards matched","damage_taken":0,"max_hp_gain":0,"max_hp_loss":0,"event_name":"Match and Keep!","floor":4,"gold_loss":0,"cards_obtained":["Bash","Spot Weakness"]},{"damage_healed":0,"gold_gain":0,"player_choice":"Fight","damage_taken":0,"max_hp_gain":0,"max_hp_loss":0,"event_name":"Colosseum","floor":19,"gold_loss":0},{"damage_healed":0,"gold_gain":0,"player_choice":"Fought Nobs","damage_taken":0,"max_hp_gain":0,"max_hp_loss":0,"event_name":"Colosseum","floor":19,"gold_loss":0},{"damage_healed":0,"gold_gain":0,"player_choice":"Became a vampire","damage_taken":0,"max_hp_gain":0,"max_hp_loss":18,"event_name":"Vampires","floor":20,"gold_loss":0,"cards_obtained":["Bite","Bite","Bite","Bite","Bite"]}],"is_beta":false,"boss_relics":[{"not_picked":["Runic Dome","White Beast Statue"],"picked":"Black Blood"}],"items_purged_floors":[],"is_endless":false,"potions_floor_spawned":[7,14,16,18,19,22],"killed_by":"Slavers","ascension_level":0}