{"gold_per_floor":[369,18,18,18,32,66,66,82,82,106,281,294,338,351,351,481,481,505,505],"floor_reached":19,"playtime":719,"items_purged":[],"score":233,"play_id":"4aed7754-ddae-440d-9b3a-b96ddd635ef3","local_time":"20190127142035","is_ascension_mode":true,"campfire_choices":[{"floor":7.0,"key":"REST"},{"floor":15.0,"key":"REST"}],"neow_cost":"PERCENT_DAMAGE","seed_source_timestamp":520613217379851,"circlet_count":0,"master_deck":["Defend_G","Defend_G","Defend_G","Defend_G","Defend_G","Strike_G","Strike_G","Strike_G","Strike_G","Strike_G","Survivor","Neutralize","Poisoned Stab","Poisoned Stab","Injury","Footwork","Flying Knee","Deadly Poison","Skewer","Doubt","Deadly Poison","Blur","Well Laid Plans","Corpse Explosion","Prepared+1"],"special_seed":0,"relics":["Ring of the Snake","Ice Cream","Golden Idol","Mercury Hourglass","Bottled Lightning","Meat on the Bone","Eternal Feather"],"potions_floor_usage":[19,19],"damage_taken":[{"damage":0.0,"enemies":"2 Louse","floor":1.0,"turns":3.0},{"damage":0.0,"enemies":"Small Slimes","floor":5.0,"turns":3.0},{"damage":29.0,"enemies":"3 Sentries","floor":6.0,"turns":12.0},{"damage":0.0,"enemies":"Cultist","floor":8.0,"turns":3.0},{"damage":4.0,"enemies":"Looter","floor":10.0,"turns":3.0},{"damage":0.0,"enemies":"2 Fungi Beasts","floor":12.0,"turns":3.0},{"damage":19.0,"enemies":"Lagavulin","floor":13.0,"turns":5.0},{"damage":5.0,"enemies":"Large Slime","floor":14.0,"turns":7.0},{"damage":20.0,"enemies":"The Guardian","floor":16.0,"turns":11.0},{"damage":59,"enemies":"Spheric Guardian","floor":18,"turns":9},{"damage":18,"enemies":"Colosseum Slavers","floor":19,"turns":2}],"seed_played":"3700970944750585869","potions_obtained":[{"floor":8.0,"key":"FearPotion"},{"floor":10.0,"key":"Swift Potion"},{"floor":12.0,"key":"AttackPotion"},{"floor":13.0,"key":"Swift Potion"},{"floor":16.0,"key":"FearPotion"},{"floor":18,"key":"FearPotion"}],"is_trial":false,"path_per_floor":["M","$","?","?","M","E","R","M","T","M","?","M","E","M","R","B",null,"M","?"],"character_chosen":"THE_SILENT","items_purchased":["Ice Cream","Poisoned Stab"],"campfire_rested":2,"item_purchase_floors":[2,2],"current_hp_per_floor":[45,45,45,70,70,41,62,62,62,58,58,58,39,46,67,47,64,17,0],"gold":505,"neow_bonus":"TWO_FIFTY_GOLD","is_prod":false,"is_daily":false,"chose_seed":false,"campfire_upgraded":0,"win_rate":0,"timestamp":1548624035,"path_taken":["M","$","?","?","M","E","R","M","T","?","?","M","E","M","R","BOSS","M","?"],"build_version":"2019-01-23","purchased_purges":0,"victory":false,"max_hp_per_floor":[70,70,70,70,70,70,70,70,70,70,70,70,70,70,70,70,70,70,70],"card_choices":[{"not_picked":["Dagger Throw","Distraction"],"picked":"Poisoned Stab","floor":1.0},{"not_picked":["Choke","Acrobatics"],"picked":"Footwork","floor":5.0},{"not_picked":["Sucker Punch","Endless Agony"],"picked":"Flying Knee","floor":6.0},{"not_picked":["Quick Slash","Acrobatics"],"picked":"Deadly Poison","floor":8.0},{"not_picked":["Bane","Noxious Fumes"],"picked":"Skewer","floor":10.0},{"not_picked":["Calculated Gamble","Accuracy"],"picked":"Deadly Poison","floor":12.0},{"not_picked":["Poisoned Stab","Unload"],"picked":"Blur","floor":13.0},{"not_picked":["Distraction","Dash"],"picked":"Well Laid Plans","floor":14.0},{"not_picked":["Grand Finale","Die Die Die"],"picked":"Corpse Explosion","floor":16.0},{"not_picked":["Deadly Poison","Dash"],"picked":"Prepared+1","floor":18}],"player_experience":1309184,"relics_obtained":[{"floor":6.0,"key":"Mercury Hourglass"},{"floor":9.0,"key":"Bottled Lightning"},{"floor":13.0,"key":"Meat on the Bone"}],"event_choices":[{"damage_healed":0.0,"max_hp_gain":0.0,"max_hp_loss":0.0,"gold_gain":0.0,"event_name":"Golden Idol","player_choice":"Take Wound","floor":3.0,"gold_loss":0.0,"damage_taken":0.0,"relics_obtained":["Golden Idol"],"cards_obtained":["Injury"]},{"damage_healed":25.0,"max_hp_gain":0.0,"max_hp_loss":0.0,"gold_gain":0.0,"event_name":"Wheel of Change","player_choice":"Full Heal","floor":4.0,"gold_loss":0.0,"damage_taken":0.0},{"damage_healed":0.0,"max_hp_gain":0.0,"max_hp_loss":0.0,"gold_gain":175.0,"event_name":"Liars Game","player_choice":"AGREE","floor":11.0,"gold_loss":0.0,"damage_taken":0.0,"cards_obtained":["Doubt"]},{"damage_healed":0,"gold_gain":0,"player_choice":"Fight","damage_taken":0,"max_hp_gain":0,"max_hp_loss":0,"event_name":"Colosseum","floor":19,"gold_loss":0}],"is_beta":false,"boss_relics":[{"not_picked":["Runic Dome","Coffee Dripper"],"picked":"Eternal Feather"}],"items_purged_floors":[],"is_endless":false,"potions_floor_spawned":[8,10,12,13,16,18],"killed_by":"Colosseum Slavers","ascension_level":6}