{"gold_per_floor":[12,12,12,25,35,35,69,69,141,155,215,249,262,297,297,297],"floor_reached":16,"playtime":668,"items_purged":[],"score":126,"play_id":"4455c693-6474-4adf-baf4-8460d66ad181","local_time":"20180922232713","is_ascension_mode":true,"campfire_choices":[{"data":"Night Terror","floor":6,"key":"SMITH"},{"floor":8,"key":"REST"},{"floor":15,"key":"REST"}],"neow_cost":"NO_GOLD","seed_source_timestamp":27016961363068,"circlet_count":0,"master_deck":["Defend_G","Defend_G","Defend_G","Defend_G","Strike_G","Strike_G","Strike_G","Strike_G","Survivor","Neutralize+1","Night Terror+1","Sucker Punch+1","Footwork","Choke","Venomology","Endless Agony","Well Laid Plans","Choke","Footwork"],"relics":["Ring of the Snake","Whetstone","Letter Opener","The Courier","Kunai"],"potions_floor_usage":[12,12,14,14,14,16,16],"damage_taken":[{"damage":0,"enemies":"Jaw Worm","floor":1,"turns":6},{"damage":0,"enemies":"2 Louse","floor":4,"turns":4},{"damage":0,"enemies":"Small Slimes","floor":5,"turns":5},{"damage":25,"enemies":"Lagavulin","floor":7,"turns":11},{"damage":10,"enemies":"Red Slaver","floor":10,"turns":3},{"damage":13,"enemies":"Gremlin Nob","floor":12,"turns":5},{"damage":6,"enemies":"2 Fungi Beasts","floor":13,"turns":3},{"damage":18,"enemies":"Lagavulin","floor":14,"turns":8},{"damage":48,"enemies":"Slime Boss","floor":16,"turns":6}],"seed_played":"5032659743190646500","potions_obtained":[{"floor":7,"key":"PowerPotion"},{"floor":13,"key":"Energy Potion"},{"floor":14,"key":"SkillPotion"}],"is_trial":false,"path_per_floor":["M","?","$","M","M","R","E","R","T","M","?","E","M","E","R"],"character_chosen":"THE_SILENT","items_purchased":[],"campfire_rested":2,"item_purchase_floors":[],"current_hp_per_floor":[70,70,70,70,70,70,45,66,66,56,56,43,37,19,40,0],"gold":297,"neow_bonus":"TRANSFORM_TWO_CARDS","is_prod":false,"is_daily":false,"chose_seed":false,"campfire_upgraded":1,"win_rate":0,"timestamp":1537673233,"path_taken":["M","?","$","M","?","R","E","R","T","M","?","E","M","E","R","BOSS"],"build_version":"2018-09-20","purchased_purges":0,"victory":false,"max_hp_per_floor":[70,70,70,70,70,70,70,70,70,70,70,70,70,70,70,70],"card_choices":[{"not_picked":["Dodge and Roll","All Out Attack"],"picked":"Sucker Punch","floor":1},{"not_picked":["Calculated Gamble","Concentrate"],"picked":"Footwork","floor":4},{"not_picked":["Slice","Sucker Punch"],"picked":"Choke","floor":5},{"not_picked":["Slice","Underhanded Strike"],"picked":"Venomology","floor":7},{"not_picked":["Choke","Dagger Spray"],"picked":"Endless Agony","floor":10},{"not_picked":["Noxious Fumes","Underhanded Strike"],"picked":"Well Laid Plans","floor":12},{"not_picked":["Dagger Spray","Deflect"],"picked":"Choke","floor":13},{"not_picked":["Dagger Throw","Blade Dance"],"picked":"Footwork","floor":14}],"player_experience":272556,"relics_obtained":[{"floor":7,"key":"Whetstone"},{"floor":9,"key":"Letter Opener"},{"floor":12,"key":"The Courier"},{"floor":14,"key":"Kunai"}],"event_choices":[{"event_name":"Living Wall","player_choice":"Forget","floor":2,"damage_taken":0},{"event_name":"Golden Wing","player_choice":"Gained Gold","floor":11,"damage_taken":0}],"is_beta":true,"boss_relics":[],"items_purged_floors":[],"is_endless":false,"potions_floor_spawned":[7,13,14],"killed_by":"Slime Boss","ascension_level":1}