{"gold_per_floor":[112,62,62,72,72,72,87,112,135,151,167,167,183,183,183,183],"floor_reached":16,"playtime":339,"items_purged":[],"score":102,"play_id":"93fe12dd-fd74-430c-b568-9c94a2da9c8f","local_time":"20190113143304","is_ascension_mode":false,"campfire_choices":[{"data":"True Grit","floor":6,"key":"SMITH"},{"floor":15,"key":"REST"}],"neow_cost":"NONE","seed_source_timestamp":61353199758031,"circlet_count":0,"master_deck":["Strike_R","Strike_R","Strike_R","Strike_R","Defend_R","Defend_R","Defend_R","Bash","True Grit+1","Headbutt","Regret","Dual Wield","Thunderclap","Shrug It Off","Body Slam"],"relics":["Burning Blood","NeowsBlessing","Bag of Preparation","Art of War","Potion Belt"],"potions_floor_usage":[13],"damage_taken":[{"damage":0,"enemies":"Jaw Worm","floor":1,"turns":1},{"damage":0,"enemies":"2 Louse","floor":4,"turns":1},{"damage":0,"enemies":"Small Slimes","floor":7,"turns":1},{"damage":45,"enemies":"Gremlin Nob","floor":8,"turns":5},{"damage":26,"enemies":"Exordium Wildlife","floor":10,"turns":6},{"damage":18,"enemies":"Red Slaver","floor":11,"turns":5},{"damage":4,"enemies":"Blue Slaver","floor":13,"turns":5},{"damage":24,"enemies":"The Guardian","floor":16,"turns":9}],"seed_played":"3161238563509875377","potions_obtained":[{"floor":4,"key":"Energy Potion"},{"floor":8,"key":"SkillPotion"},{"floor":13,"key":"Strength Potion"}],"is_trial":false,"path_per_floor":["M","?","$","M","?","R","M","E","T","M","M","?","M","?","R","B"],"character_chosen":"IRONCLAD","items_purchased":[],"campfire_rested":1,"item_purchase_floors":[],"current_hp_per_floor":[80,80,80,80,80,80,80,41,41,21,9,9,11,4,28,4],"gold":183,"neow_bonus":"THREE_ENEMY_KILL","is_prod":false,"is_daily":false,"chose_seed":false,"campfire_upgraded":1,"win_rate":0,"timestamp":1547418784,"path_taken":["M","?","$","M","?","R","?","E","T","M","M","?","M","?","R","BOSS"],"build_version":"2019-01-10","purchased_purges":0,"victory":false,"max_hp_per_floor":[80,80,80,80,80,80,80,80,80,80,80,80,80,80,80,80],"card_choices":[{"not_picked":["Anger","Spot Weakness"],"picked":"True Grit","floor":1},{"not_picked":["Flex","Twin Strike"],"picked":"Headbutt","floor":4},{"not_picked":["Perfected Strike","Berserk","Power Through"],"picked":"SKIP","floor":7},{"not_picked":["Iron Wave","Anger"],"picked":"Dual Wield","floor":8},{"not_picked":["Pommel Strike","Heavy Blade"],"picked":"Thunderclap","floor":10},{"not_picked":["Havoc","Warcry"],"picked":"Shrug It Off","floor":11},{"not_picked":["Havoc","Thunderclap"],"picked":"Body Slam","floor":13}],"player_experience":225505,"relics_obtained":[{"floor":8,"key":"Art of War"},{"floor":9,"key":"Potion Belt"}],"event_choices":[{"cards_removed":["Defend_R"],"damage_healed":0,"gold_gain":0,"player_choice":"Card Removal","damage_taken":0,"max_hp_gain":0,"max_hp_loss":0,"event_name":"The Cleric","floor":2,"gold_loss":50},{"damage_healed":0,"gold_gain":0,"player_choice":"Box","damage_taken":0,"relics_obtained":["Bag of Preparation"],"max_hp_gain":0,"max_hp_loss":0,"event_name":"Big Fish","floor":5,"gold_loss":0,"cards_obtained":["Regret"]},{"damage_healed":0,"gold_gain":0,"player_choice":"Ignored","damage_taken":0,"max_hp_gain":0,"max_hp_loss":0,"event_name":"Golden Idol","floor":12,"gold_loss":0},{"cards_removed":["Strike_R"],"damage_healed":0,"gold_gain":0,"player_choice":"Card Removal","damage_taken":7,"max_hp_gain":0,"max_hp_loss":0,"event_name":"Golden Wing","floor":14,"gold_loss":0}],"is_beta":false,"boss_relics":[],"items_purged_floors":[],"is_endless":false,"potions_floor_spawned":[4,8,13],"killed_by":"The Guardian","ascension_level":0}