{"gold_per_floor":[116,116,132,144,144,144,18,18,73,96,115,65,65,65,65,166,166,182,182,182,194,194],"floor_reached":22,"playtime":614,"items_purged":["Strike_R"],"score":172,"play_id":"ca882d03-fd8e-4998-9d17-12b940a54999","local_time":"20190206133414","is_ascension_mode":false,"campfire_choices":[{"data":"Searing Blow","floor":6.0,"key":"SMITH"},{"data":"True Grit","floor":8.0,"key":"SMITH"},{"data":"Shrug It Off","floor":15.0,"key":"SMITH"}],"neow_cost":"NONE","seed_source_timestamp":695833821714089,"circlet_count":0,"master_deck":["Strike_R","Strike_R","Strike_R","Defend_R","Defend_R","Bash","Searing Blow+1","Flex","Shrug It Off+1","True Grit+1","Cleave","Parasite","Feed","Bloodletting+1"],"special_seed":0,"relics":["Burning Blood"],"potions_floor_usage":[22],"damage_taken":[{"damage":5.0,"enemies":"Jaw Worm","floor":1.0,"turns":5.0},{"damage":5.0,"enemies":"Small Slimes","floor":3.0,"turns":3.0},{"damage":5.0,"enemies":"2 Louse","floor":4.0,"turns":3.0},{"damage":10.0,"enemies":"Large Slime","floor":11.0,"turns":6.0},{"damage":78.0,"enemies":"The Guardian","floor":16.0,"turns":16.0},{"damage":36.0,"enemies":"Spheric Guardian","floor":18.0,"turns":6.0},{"damage":38.0,"enemies":"3 Byrds","floor":21.0,"turns":7.0},{"damage":23,"enemies":"Centurion and Healer","floor":22,"turns":3}],"seed_played":"2880155579276047098","potions_obtained":[{"floor":3.0,"key":"AttackPotion"},{"floor":4.0,"key":"PowerPotion"},{"floor":18.0,"key":"GamblersBrew"}],"is_trial":false,"path_per_floor":["M","?","M","M","?","R","$","R","T","T","M","?","?","?","R","B",null,"M","?","T","M","M"],"character_chosen":"IRONCLAD","items_purchased":["True Grit"],"campfire_rested":0,"item_purchase_floors":[7],"current_hp_per_floor":[80,80,80,80,80,80,80,80,80,80,76,76,76,80,80,8,80,50,50,50,21,0],"gold":194,"neow_bonus":"REMOVE_CARD","is_prod":false,"is_daily":false,"chose_seed":false,"campfire_upgraded":3,"win_rate":0,"timestamp":1549485254,"path_taken":["M","?","M","M","?","R","$","R","T","?","M","?","?","?","R","BOSS","M","?","?","?","M"],"build_version":"2019-01-23","purchased_purges":1,"victory":false,"max_hp_per_floor":[80,80,80,80,80,80,80,80,80,80,80,80,80,80,80,80,80,80,80,80,83,83],"card_choices":[{"not_picked":["Pommel Strike","Inflame"],"picked":"Searing Blow","floor":1.0},{"not_picked":["Thunderclap","Blood for Blood"],"picked":"Flex","floor":3.0},{"not_picked":["Sword Boomerang","Body Slam"],"picked":"Shrug It Off","floor":4.0},{"not_picked":["Body Slam","Cleave","Anger"],"picked":"SKIP","floor":11.0},{"not_picked":["Body Slam","Anger"],"picked":"Cleave","floor":11.0},{"not_picked":["Reaper","Juggernaut"],"picked":"Feed","floor":16.0},{"not_picked":["Pummel","Cleave+1"],"picked":"Bloodletting+1","floor":18.0},{"not_picked":["Perfected Strike","Twin Strike","Anger+1"],"picked":"SKIP","floor":21.0}],"player_experience":1396589,"relics_obtained":[],"event_choices":[{"cards_removed":["Defend_R"],"damage_healed":0.0,"max_hp_gain":0.0,"max_hp_loss":0.0,"gold_gain":0.0,"event_name":"Living Wall","player_choice":"Forget","floor":2.0,"gold_loss":0.0,"damage_taken":0.0},{"damage_healed":0.0,"max_hp_gain":0.0,"max_hp_loss":0.0,"gold_gain":0.0,"event_name":"Scrap Ooze","player_choice":"Fled","floor":5.0,"gold_loss":0.0,"damage_taken":0.0},{"cards_removed":["Defend_R"],"damage_healed":0.0,"max_hp_gain":0.0,"max_hp_loss":0.0,"gold_gain":0.0,"event_name":"The Cleric","player_choice":"Card Removal","floor":12.0,"gold_loss":50.0,"damage_taken":0.0},{"damage_healed":0.0,"max_hp_gain":0.0,"max_hp_loss":0.0,"gold_gain":0.0,"event_name":"Dead Adventurer","player_choice":"Searched \u00270\u0027 times","floor":13.0,"gold_loss":0.0,"damage_taken":0.0},{"damage_healed":20.0,"max_hp_gain":0.0,"max_hp_loss":0.0,"gold_gain":0.0,"event_name":"Mushrooms","player_choice":"Healed and dodged fight","floor":14.0,"gold_loss":0.0,"damage_taken":0.0,"cards_obtained":["Parasite"]},{"damage_healed":0.0,"max_hp_gain":0.0,"max_hp_loss":0.0,"gold_gain":0.0,"event_name":"The Mausoleum","player_choice":"Ignored","floor":19.0,"gold_loss":0.0,"damage_taken":0.0}],"is_beta":false,"boss_relics":[{"not_picked":["Mark of Pain","Busted Crown","Ectoplasm"]}],"items_purged_floors":[7],"is_endless":false,"potions_floor_spawned":[3,4,18],"killed_by":"Centurion and Healer","ascension_level":0}