{"gold_per_floor":[115,125,125,144,19,19,0,12,12,30,50,50,50,68,68,169,169,185,85,85],"floor_reached":20,"playtime":2385,"items_purged":["Strike_R","Strike_R"],"score":166,"play_id":"72962793-c904-4455-919f-66153e0ea7a0","local_time":"20190401190849","is_ascension_mode":false,"campfire_choices":[{"data":"True Grit","floor":6,"key":"SMITH"},{"data":"Barricade","floor":13,"key":"SMITH"},{"data":"Shrug It Off","floor":15,"key":"SMITH"}],"neow_cost":"NONE","seed_source_timestamp":199352330822300,"circlet_count":0,"master_deck":["Strike_R","Strike_R","Strike_R","Defend_R+1","Defend_R","Defend_R+1","Defend_R","Bash","Twin Strike","Cleave","True Grit+1","Shrug It Off+1","Barricade+1","Pommel Strike","Juggernaut","Warcry+1"],"relics":["Burning Blood","War Paint","Nunchaku","Eternal Feather"],"potions_floor_usage":[16,16,18],"damage_taken":[{"damage":3,"enemies":"Jaw Worm","floor":1,"turns":4},{"damage":9,"enemies":"Cultist","floor":2,"turns":4},{"damage":0,"enemies":"2 Louse","floor":4,"turns":2},{"damage":4,"enemies":"Blue Slaver","floor":8,"turns":6},{"damage":1,"enemies":"Large Slime","floor":10,"turns":8},{"damage":8,"enemies":"2 Fungi Beasts","floor":11,"turns":4},{"damage":2,"enemies":"Looter","floor":14,"turns":5},{"damage":3,"enemies":"Hexaghost","floor":16,"turns":16},{"damage":26,"enemies":"2 Thieves","floor":18,"turns":5},{"damage":66,"enemies":"Masked Bandits","floor":20,"turns":4}],"seed_played":"-8735308222161574000","potions_obtained":[{"floor":1,"key":"AttackPotion"},{"floor":10,"key":"Strength Potion"},{"floor":16,"key":"FearPotion"}],"is_trial":false,"path_per_floor":["M","M","?","M","$","R","?","M","T","M","M","$","R","M","R","B",null,"M","$","?"],"character_chosen":"IRONCLAD","items_purchased":["Shrug It Off"],"campfire_rested":0,"item_purchase_floors":[5],"current_hp_per_floor":[80,77,77,80,80,80,80,80,80,80,78,78,78,80,80,80,80,60,60,0],"gold":85,"neow_bonus":"RANDOM_COMMON_RELIC","is_prod":false,"is_daily":false,"chose_seed":false,"campfire_upgraded":3,"win_rate":0.0,"timestamp":1554160129,"path_taken":["M","M","?","?","$","R","?","M","T","M","M","$","R","M","R","BOSS","M","$","?"],"build_version":"2019-01-23","purchased_purges":2,"victory":false,"max_hp_per_floor":[80,80,80,80,80,80,80,80,80,80,80,80,80,80,80,80,80,80,80,80],"card_choices":[{"not_picked":["Shockwave","Dual Wield"],"picked":"Twin Strike","floor":1},{"not_picked":["Uppercut","Searing Blow"],"picked":"Cleave","floor":2},{"not_picked":["Rampage","Armaments"],"picked":"True Grit","floor":4},{"not_picked":["Thunderclap","Burning Pact"],"picked":"Barricade","floor":8},{"not_picked":["Second Wind","Disarm"],"picked":"Pommel Strike","floor":10},{"not_picked":["Iron Wave","Rupture","Flex"],"picked":"SKIP","floor":11},{"not_picked":["Fire Breathing","Whirlwind","Sword Boomerang"],"picked":"SKIP","floor":14},{"not_picked":["Bludgeon","Fiend Fire"],"picked":"Juggernaut","floor":16},{"not_picked":["Pommel Strike","Corruption"],"picked":"Warcry+1","floor":18}],"player_experience":81866,"relics_obtained":[{"floor":9,"key":"Nunchaku"}],"event_choices":[{"damage_healed":0,"gold_gain":0,"player_choice":"Bought 0 Potions","damage_taken":0,"max_hp_gain":0,"max_hp_loss":0,"event_name":"The Woman in Blue","floor":3,"gold_loss":0},{"damage_healed":0,"gold_gain":0,"player_choice":"Left Gold","damage_taken":0,"max_hp_gain":0,"max_hp_loss":0,"event_name":"World of Goop","floor":7,"gold_loss":19},{"damage_healed":0,"gold_gain":0,"player_choice":"Fought Bandits","damage_taken":0,"max_hp_gain":0,"max_hp_loss":0,"event_name":"Masked Bandits","floor":20,"gold_loss":0}],"is_beta":false,"boss_relics":[{"not_picked":["Calling Bell","Black Star"],"picked":"Eternal Feather"}],"items_purged_floors":[5,19],"is_endless":false,"potions_floor_spawned":[1,10,16],"killed_by":"Masked Bandits","ascension_level":0}