{"gold_per_floor":[118,118,293,30,40,40,71,83,83,113,50,79,98,25,25,130,130,130,130,130,130,130,130,130,130,130,130,130,130,130,130,130,130],"floor_reached":33,"playtime":1934,"items_purged":["Doubt","Strike_R"],"score":465,"play_id":"411813c2-56ef-4814-aa66-0ff1e97fc405","local_time":"20190325120352","is_ascension_mode":true,"campfire_choices":[{"data":"Whirlwind","floor":6,"key":"SMITH"},{"data":"Disarm","floor":15,"key":"SMITH"},{"data":"Feed","floor":24,"key":"SMITH"},{"data":"Shockwave","floor":28,"key":"SMITH"},{"data":"J.A.X.","floor":32,"key":"SMITH"}],"neow_cost":"NONE","seed_source_timestamp":821812229909872,"circlet_count":0,"master_deck":["Strike_R","Strike_R","Strike_R","Strike_R","Defend_R","Defend_R","Defend_R","Defend_R","Bash","Carnage+1","Corruption","Whirlwind+1","Disarm+1","Havoc","Headbutt","Shrug It Off","Feed+1","Shrug It Off","Shockwave+1","Havoc+1","J.A.X.+1","Pummel","Armaments","Writhe","Ghostly Armor+1"],"relics":["Burning Blood","Membership Card","Meat on the Bone","Mercury Hourglass","Lantern","Bottled Lightning","Anchor","Ectoplasm","MawBank","Juzu Bracelet","Ice Cream","Omamori","Red Skull"],"potions_floor_usage":[8,25,29,33,33],"damage_taken":[{"damage":7,"enemies":"Small Slimes","floor":1,"turns":4},{"damage":2,"enemies":"Jaw Worm","floor":5,"turns":4},{"damage":35,"enemies":"3 Sentries","floor":7,"turns":6},{"damage":0,"enemies":"Cultist","floor":8,"turns":2},{"damage":29,"enemies":"Gremlin Nob","floor":10,"turns":4},{"damage":8,"enemies":"Lagavulin","floor":12,"turns":6},{"damage":2,"enemies":"Red Slaver","floor":13,"turns":5},{"damage":30,"enemies":"Hexaghost","floor":16,"turns":11},{"damage":20,"enemies":"Spheric Guardian","floor":18,"turns":4},{"damage":0,"enemies":"Chosen","floor":20,"turns":4},{"damage":4,"enemies":"Snake Plant","floor":22,"turns":4},{"damage":14,"enemies":"Slavers","floor":23,"turns":4},{"damage":12,"enemies":"Book of Stabbing","floor":25,"turns":5},{"damage":12,"enemies":"Gremlin Leader","floor":29,"turns":5},{"damage":10,"enemies":"Snecko","floor":30,"turns":7},{"damage":76,"enemies":"Champ","floor":33,"turns":10}],"seed_played":"386272204459144828","potions_obtained":[{"floor":0,"key":"AttackPotion"},{"floor":0,"key":"AttackPotion"},{"floor":0,"key":"BloodPotion"},{"floor":5,"key":"LiquidBronze"},{"floor":10,"key":"Ancient Potion"},{"floor":12,"key":"SpeedPotion"},{"floor":18,"key":"Block Potion"},{"floor":20,"key":"BloodPotion"},{"floor":29,"key":"Regen Potion"}],"is_trial":false,"path_per_floor":["?","?","M","$","M","?","?","?","?"],"character_chosen":"IRONCLAD","items_purchased":["Membership Card","Corruption","Shrug It Off","Anchor"],"campfire_rested":0,"item_purchase_floors":[4,4,11,14],"current_hp_per_floor":[71,71,71,71,75,75,46,60,60,49,49,47,51,51,51,39,70,59,59,68,68,70,62,62,60,60,60,60,67,63,63,63,0],"gold":130,"neow_bonus":"THREE_SMALL_POTIONS","is_prod":false,"is_daily":false,"chose_seed":false,"campfire_upgraded":5,"win_rate":0,"timestamp":1553529832,"path_taken":["M","?","?","$","?","R","E","M","T","E","?","E","?","$","R","BOSS","M","?","M","?","M","E","R","E","T","?","R","E","M","?","R","BOSS"],"build_version":"2019-01-23","purchased_purges":2,"victory":false,"max_hp_per_floor":[80,80,80,80,80,80,80,80,80,80,80,80,80,80,80,80,80,83,83,86,86,86,86,86,90,90,90,90,94,94,94,94,94],"card_choices":[{"not_picked":["Sword Boomerang","Perfected Strike"],"picked":"Carnage","floor":1},{"not_picked":["Corruption","Heavy Blade"],"picked":"Whirlwind","floor":5},{"not_picked":["Sword Boomerang","Power Through"],"picked":"Disarm","floor":7},{"not_picked":["Armaments","Heavy Blade"],"picked":"Havoc","floor":8},{"not_picked":["Brutality","Searing Blow"],"picked":"Headbutt","floor":10},{"not_picked":["Perfected Strike","Pommel Strike","Sword Boomerang"],"picked":"SKIP","floor":12},{"not_picked":["Clash","Flex","Thunderclap"],"picked":"SKIP","floor":13},{"not_picked":["Double Tap","Dark Embrace"],"picked":"Feed","floor":16},{"not_picked":["Headbutt","Cleave+1"],"picked":"Shrug It Off","floor":18},{"not_picked":["Twin Strike","Thunderclap"],"picked":"Havoc+1","floor":20},{"not_picked":["Pommel Strike+1","Combust"],"picked":"Pummel","floor":22},{"not_picked":["Wild Strike","Rampage"],"picked":"Armaments","floor":23},{"not_picked":["Spot Weakness","Bludgeon","Flex+1"],"picked":"SKIP","floor":25},{"not_picked":["Sword Boomerang","Sever Soul"],"picked":"Ghostly Armor+1","floor":29},{"not_picked":["Pommel Strike","Iron Wave","Rage"],"picked":"SKIP","floor":30}],"player_experience":987516,"relics_obtained":[{"floor":7,"key":"Meat on the Bone"},{"floor":9,"key":"Mercury Hourglass"},{"floor":10,"key":"Lantern"},{"floor":12,"key":"Bottled Lightning"},{"floor":23,"key":"MawBank"},{"floor":25,"key":"Juzu Bracelet"},{"floor":26,"key":"Ice Cream"},{"floor":29,"key":"Red Skull"}],"event_choices":[{"damage_healed":0,"gold_gain":0,"player_choice":"Grow","damage_taken":0,"max_hp_gain":0,"max_hp_loss":0,"event_name":"Living Wall","floor":2,"gold_loss":0,"cards_upgraded":["Carnage"]},{"damage_healed":0,"gold_gain":175,"player_choice":"AGREE","damage_taken":0,"max_hp_gain":0,"max_hp_loss":0,"event_name":"Liars Game","floor":3,"gold_loss":0,"cards_obtained":["Doubt"]},{"damage_healed":0,"gold_gain":0,"player_choice":"Read","damage_taken":0,"max_hp_gain":0,"max_hp_loss":0,"event_name":"The Library","floor":19,"gold_loss":0,"cards_obtained":["Shockwave"]},{"damage_healed":0,"gold_gain":0,"player_choice":"Obtain J.A.X.","damage_taken":0,"max_hp_gain":0,"max_hp_loss":0,"event_name":"Drug Dealer","floor":21,"gold_loss":0,"cards_obtained":["J.A.X."]},{"damage_healed":0,"gold_gain":0,"player_choice":"Opened","damage_taken":0,"relics_obtained":["Omamori"],"max_hp_gain":0,"max_hp_loss":0,"event_name":"The Mausoleum","floor":27,"gold_loss":0,"cards_obtained":["Writhe"]},{"damage_healed":0,"gold_gain":0,"player_choice":"Ignored","damage_taken":0,"max_hp_gain":0,"max_hp_loss":0,"event_name":"Ghosts","floor":31,"gold_loss":0}],"is_beta":false,"boss_relics":[{"not_picked":["Fusion Hammer","Cursed Key"],"picked":"Ectoplasm"}],"items_purged_floors":[4,11],"is_endless":false,"potions_floor_spawned":[5,10,12,18,20,29],"killed_by":"Champ","ascension_level":9}