{"gold_per_floor":[118,68,78,3,3,3,3,22,22,37,37,61,61,82,82,202,202,225,102,116,116,26,26,39,39,39,39,59,78,78,91,91,91],"floor_reached":33,"playtime":3984,"items_purged":["Strike_G","Strike_G"],"score":275,"play_id":"e6596283-2902-4ce3-8b9d-3673446cdad7","local_time":"20190408093433","is_ascension_mode":true,"campfire_choices":[{"data":"Skewer","floor":6,"key":"SMITH"},{"data":"Neutralize","floor":11,"key":"SMITH"},{"data":"Leg Sweep","floor":13,"key":"SMITH"},{"data":"Well Laid Plans","floor":15,"key":"SMITH"},{"data":"Dagger Spray","floor":23,"key":"SMITH"},{"data":"Caltrops","floor":25,"key":"SMITH"},{"data":"Die Die Die","floor":27,"key":"SMITH"},{"floor":30,"key":"REST"},{"floor":32,"key":"RECALL"}],"neow_cost":"NONE","seed_source_timestamp":768120241695700,"circlet_count":0,"master_deck":["Defend_G","Defend_G+1","Defend_G","Defend_G","Strike_G+1","Strike_G+1","Survivor","Neutralize+1","Skewer+1","Well Laid Plans+1","Leg Sweep+1","Die Die Die+1","Backflip","Dagger Spray+1","Caltrops+1","Backflip"],"relics":["Ring of the Snake","Golden Idol","Incense Burner","White Beast Statue","Bag of Marbles"],"potions_floor_usage":[16,16,20,20,28,29,29,33,33,33],"damage_taken":[{"damage":0,"enemies":"Jaw Worm","floor":1,"turns":6},{"damage":3,"enemies":"Small Slimes","floor":3,"turns":5},{"damage":0,"enemies":"Cultist","floor":8,"turns":3},{"damage":0,"enemies":"2 Fungi Beasts","floor":10,"turns":3},{"damage":6,"enemies":"Large Slime","floor":12,"turns":9},{"damage":3,"enemies":"3 Louse","floor":14,"turns":4},{"damage":16,"enemies":"Hexaghost","floor":16,"turns":15},{"damage":0,"enemies":"Chosen","floor":18,"turns":7},{"damage":10,"enemies":"3 Byrds","floor":20,"turns":9},{"damage":0,"enemies":"Cultist and Chosen","floor":24,"turns":6},{"damage":1,"enemies":"Shelled Parasite and Fungi","floor":28,"turns":7},{"damage":12,"enemies":"Snecko","floor":29,"turns":5},{"damage":2,"enemies":"3 Cultists","floor":31,"turns":3},{"damage":79,"enemies":"Champ","floor":33,"turns":21}],"seed_played":"-4439744820195443674","potions_obtained":[{"floor":1,"key":"Ancient Potion"},{"floor":12,"key":"FearPotion"},{"floor":14,"key":"Ancient Potion"},{"floor":16,"key":"Weak Potion"},{"floor":18,"key":"Fire Potion"},{"floor":20,"key":"SkillPotion"},{"floor":24,"key":"GamblersBrew"},{"floor":28,"key":"SkillPotion"},{"floor":29,"key":"Dexterity Potion"},{"floor":31,"key":"Energy Potion"}],"is_trial":false,"path_per_floor":["M","?","M","$","?","R","?","M","T","M","R","M","R","M","R","B",null,"M","$","M","?","?","R","M","R","T","R","M","M","R","M","R","B"],"character_chosen":"THE_SILENT","items_purchased":["Backflip"],"campfire_rested":1,"item_purchase_floors":[19],"current_hp_per_floor":[77,77,74,74,59,59,59,59,59,59,59,53,53,50,50,34,71,71,71,61,61,61,61,61,61,61,61,60,48,69,67,67,0],"gold":91,"neow_bonus":"TEN_PERCENT_HP_BONUS","is_prod":false,"is_daily":false,"chose_seed":false,"campfire_upgraded":7,"win_rate":0,"timestamp":1554730473,"path_taken":["M","?","M","$","?","R","?","M","T","M","R","M","R","M","R","BOSS","M","$","M","?","?","R","M","R","T","R","?","M","R","M","R","BOSS"],"build_version":"2019-01-23","purchased_purges":2,"victory":false,"max_hp_per_floor":[77,77,77,77,77,77,71,71,71,71,71,71,71,71,71,71,71,71,71,71,71,71,71,71,71,71,71,71,71,71,71,71,71],"card_choices":[{"not_picked":["PiercingWail","Dodge and Roll"],"picked":"Skewer","floor":1},{"not_picked":["Outmaneuver","Skewer","Dagger Throw"],"picked":"SKIP","floor":3},{"not_picked":["Bane","Quick Slash"],"picked":"Well Laid Plans","floor":8},{"not_picked":["Deadly Poison","Bane"],"picked":"Leg Sweep","floor":10},{"not_picked":["Crippling Poison","Tactician","Bane"],"picked":"SKIP","floor":12},{"not_picked":["Crippling Poison","Tactician","Bane"],"picked":"SKIP","floor":12},{"not_picked":["Calculated Gamble","Crippling Poison","Deflect"],"picked":"SKIP","floor":14},{"not_picked":["Tools of the Trade","Doppelganger"],"picked":"Die Die Die","floor":16},{"not_picked":["Accuracy+1","Deflect+1","Quick Slash"],"picked":"SKIP","floor":18},{"not_picked":["Sucker Punch","Outmaneuver"],"picked":"Dagger Spray","floor":20},{"not_picked":["Slice","Blade Dance"],"picked":"Caltrops","floor":24},{"not_picked":["Dodge and Roll","Underhanded Strike","Heel Hook+1"],"picked":"SKIP","floor":28},{"not_picked":["Dagger Spray","Tools of the Trade","Blade Dance"],"picked":"SKIP","floor":29},{"not_picked":["Dagger Spray","Underhanded Strike"],"picked":"Backflip","floor":31}],"player_experience":249198,"relics_obtained":[{"floor":9,"key":"Incense Burner"},{"floor":26,"key":"Bag of Marbles"}],"event_choices":[{"cards_removed":["Strike_G"],"damage_healed":0,"gold_gain":0,"player_choice":"Card Removal","damage_taken":0,"max_hp_gain":0,"max_hp_loss":0,"event_name":"The Cleric","floor":2,"gold_loss":50},{"damage_healed":0,"gold_gain":0,"player_choice":"Entered Light","damage_taken":15,"max_hp_gain":0,"max_hp_loss":0,"event_name":"Shining Light","floor":5,"gold_loss":0,"cards_upgraded":["Strike_G","Strike_G"]},{"damage_healed":0,"gold_gain":0,"player_choice":"Lose Max HP","damage_taken":0,"relics_obtained":["Golden Idol"],"max_hp_gain":0,"max_hp_loss":6,"event_name":"Golden Idol","floor":7,"gold_loss":0},{"damage_healed":0,"gold_gain":0,"player_choice":"Ignored","damage_taken":0,"max_hp_gain":0,"max_hp_loss":0,"event_name":"Ghosts","floor":21,"gold_loss":0},{"cards_removed":["Defend_G"],"damage_healed":0,"gold_gain":0,"player_choice":"Upgrade and Remove","damage_taken":0,"max_hp_gain":0,"max_hp_loss":0,"event_name":"Designer","floor":22,"gold_loss":90,"cards_upgraded":["Defend_G"]}],"is_beta":false,"boss_relics":[{"not_picked":["Busted Crown","Coffee Dripper"],"picked":"White Beast Statue"}],"items_purged_floors":[4,19],"is_endless":false,"potions_floor_spawned":[1,12,14,16,18,20,24,28,29,31],"killed_by":"Champ","ascension_level":3}