{"gold_per_floor":[113,130,145,161,161,190,190,220,220,220],"floor_reached":10,"playtime":440,"items_purged":[],"score":94,"play_id":"279d27d9-10e2-4f57-a5ee-7ffb044b2a77","local_time":"20181018162608","is_ascension_mode":true,"campfire_choices":[{"floor":7,"key":"REST"}],"neow_cost":"NONE","seed_source_timestamp":686807417012940,"circlet_count":0,"master_deck":["Strike_R","Strike_R","Strike_R","Strike_R","Defend_R","Defend_R","Defend_R","Defend_R","Bash","Barricade","Inflame","Iron Wave","Armaments","Flex","Feed","Body Slam"],"relics":["Burning Blood","Art of War","Ginger","Gambling Chip","WingedGreaves"],"potions_floor_usage":[6,6],"damage_taken":[{"damage":14,"enemies":"Cultist","floor":1,"turns":5},{"damage":9,"enemies":"2 Louse","floor":2,"turns":4},{"damage":6,"enemies":"Jaw Worm","floor":3,"turns":7},{"damage":10,"enemies":"Looter","floor":4,"turns":4},{"damage":44,"enemies":"Gremlin Nob","floor":6,"turns":6},{"damage":26,"enemies":"3 Sentries","floor":8,"turns":12},{"damage":15,"enemies":"Gremlin Gang","floor":10,"turns":1}],"seed_played":"-5398767662512397579","potions_obtained":[{"floor":2,"key":"SpeedPotion"},{"floor":4,"key":"LiquidBronze"}],"is_trial":false,"path_per_floor":["M","M","M","M","?","E","R","E","T"],"character_chosen":"IRONCLAD","items_purchased":[],"campfire_rested":1,"item_purchase_floors":[],"current_hp_per_floor":[72,69,69,65,47,9,33,13,13,0],"gold":220,"neow_bonus":"TRANSFORM_CARD","is_prod":false,"is_daily":false,"chose_seed":false,"campfire_upgraded":0,"win_rate":0,"timestamp":1539901568,"path_taken":["M","M","?","?","?","E","R","E","T","M"],"build_version":"2018-10-11","purchased_purges":0,"victory":false,"max_hp_per_floor":[80,80,80,80,80,80,80,80,80,80],"card_choices":[{"not_picked":["Iron Wave","Heavy Blade"],"picked":"Inflame","floor":1},{"not_picked":["Perfected Strike","Twin Strike"],"picked":"Iron Wave","floor":2},{"not_picked":["Clash","Blood for Blood"],"picked":"Armaments","floor":3},{"not_picked":["Dark Embrace","True Grit"],"picked":"Flex","floor":4},{"not_picked":["Havoc","Flex"],"picked":"Feed","floor":6},{"not_picked":["Perfected Strike","Bludgeon"],"picked":"Body Slam","floor":8}],"player_experience":701297,"relics_obtained":[{"floor":6,"key":"Ginger"},{"floor":8,"key":"Gambling Chip"},{"floor":9,"key":"WingedGreaves"}],"event_choices":[{"event_name":"Scrap Ooze","player_choice":"success","floor":5,"damage_taken":18}],"is_beta":false,"boss_relics":[],"items_purged_floors":[],"is_endless":false,"potions_floor_spawned":[2,4],"killed_by":"Gremlin Gang","ascension_level":4}