{"gold_per_floor":[210,228,239,255,255,287,287,315,315,315],"floor_reached":10,"playtime":523,"items_purged":[],"score":117,"play_id":"3b4e54ae-f6d2-40e3-adb3-124fb263f1b3","local_time":"20190330161120","is_ascension_mode":true,"campfire_choices":[{"floor":7,"key":"REST"}],"neow_cost":"NONE","seed_source_timestamp":1270070021543410,"circlet_count":0,"master_deck":["AscendersBane","Strike_B","Strike_B","Strike_B","Strike_B","Defend_B","Defend_B","Defend_B","Defend_B+1","Zap","Dualcast","Compile Driver","Steam","Lockon","Undo+1","Coolheaded","Capacitor+1"],"relics":["Cracked Core","Frozen Egg 2","Ancient Tea Set","Strawberry"],"potions_floor_usage":[],"damage_taken":[{"damage":2,"enemies":"Jaw Worm","floor":1,"turns":4},{"damage":0,"enemies":"2 Louse","floor":2,"turns":2},{"damage":0,"enemies":"Cultist","floor":3,"turns":3},{"damage":10,"enemies":"Gremlin Gang","floor":4,"turns":5},{"damage":22,"enemies":"Gremlin Nob","floor":6,"turns":4},{"damage":30,"enemies":"Lagavulin","floor":8,"turns":10},{"damage":22,"enemies":"3 Sentries","floor":10,"turns":8}],"seed_played":"4266801424365745992","potions_obtained":[{"floor":1,"key":"Strength Potion"},{"floor":4,"key":"Energy Potion"}],"is_trial":false,"path_per_floor":["?"],"character_chosen":"DEFECT","items_purchased":[],"campfire_rested":1,"item_purchase_floors":[],"current_hp_per_floor":[66,66,66,56,41,19,41,11,18,0],"gold":315,"neow_bonus":"HUNDRED_GOLD","is_prod":false,"is_daily":false,"chose_seed":false,"campfire_upgraded":0,"win_rate":0,"timestamp":1553976680,"path_taken":["M","M","M","M","?","E","R","E","T","E"],"build_version":"2019-01-23","purchased_purges":0,"victory":false,"max_hp_per_floor":[75,75,75,75,75,75,75,75,82,82],"card_choices":[{"not_picked":["Stack","Gash"],"picked":"Compile Driver","floor":1},{"not_picked":["Beam Cell","Conserve Battery"],"picked":"Steam","floor":2},{"not_picked":["Static Discharge","Aggregate"],"picked":"Lockon","floor":3},{"not_picked":["Blizzard","Compile Driver"],"picked":"Undo","floor":4},{"not_picked":["Stack","Compile Driver"],"picked":"Coolheaded","floor":6},{"not_picked":["FTL","Consume"],"picked":"Capacitor+1","floor":8}],"player_experience":1292700,"relics_obtained":[{"floor":6,"key":"Frozen Egg 2"},{"floor":8,"key":"Ancient Tea Set"},{"floor":9,"key":"Strawberry"}],"event_choices":[{"damage_healed":0,"gold_gain":0,"player_choice":"Entered Light","damage_taken":15,"max_hp_gain":0,"max_hp_loss":0,"event_name":"Shining Light","floor":5,"gold_loss":0,"cards_upgraded":["Undo","Defend_B"]}],"is_beta":false,"boss_relics":[],"items_purged_floors":[],"is_endless":false,"potions_floor_spawned":[1,4],"killed_by":"3 Sentries","ascension_level":10}