{"gold_per_floor":[118,118,135,145,44,77,95,121,121,138,138,156,172,184,184,280,330,350,350,362,62,76,76],"floor_reached":23,"playtime":7260,"items_purged":["Pain"],"score":207,"play_id":"f63d723d-30a1-4f82-a1d9-8974a5c149b8","local_time":"20190316221643","is_ascension_mode":false,"campfire_choices":[{"floor":11,"key":"REST"},{"data":"True Grit","floor":15,"key":"SMITH"}],"neow_cost":"PERCENT_DAMAGE","seed_source_timestamp":75654010241591,"circlet_count":0,"master_deck":["Strike_R","Strike_R","Strike_R","Strike_R","Strike_R","Defend_R","Defend_R","Defend_R+1","Defend_R","Bash","Juggernaut","Iron Wave","Shrug It Off","Shrug It Off","Battle Trance","True Grit+1","Entrench","Armaments+1","Juggernaut"],"relics":["Burning Blood","WarpedTongs","Lantern","Matryoshka","Regal Pillow","Bottled Lightning","Tiny House","Calipers"],"potions_floor_usage":[8,22,23],"damage_taken":[{"damage":5,"enemies":"Small Slimes","floor":1,"turns":4},{"damage":18,"enemies":"Cultist","floor":3,"turns":4},{"damage":12,"enemies":"Jaw Worm","floor":4,"turns":4},{"damage":31,"enemies":"Gremlin Nob","floor":6,"turns":5},{"damage":0,"enemies":"Lots of Slimes","floor":7,"turns":6},{"damage":6,"enemies":"3 Sentries","floor":8,"turns":8},{"damage":10,"enemies":"Exordium Thugs","floor":10,"turns":5},{"damage":0,"enemies":"Looter","floor":12,"turns":3},{"damage":8,"enemies":"Red Slaver","floor":13,"turns":4},{"damage":0,"enemies":"Gremlin Gang","floor":14,"turns":6},{"damage":39,"enemies":"Hexaghost","floor":16,"turns":12},{"damage":25,"enemies":"Chosen","floor":18,"turns":7},{"damage":32,"enemies":"3 Byrds","floor":20,"turns":7},{"damage":12,"enemies":"Snecko","floor":22,"turns":6},{"damage":43,"enemies":"Slavers","floor":23,"turns":4}],"seed_played":"-8389065531363838744","potions_obtained":[{"floor":3,"key":"Energy Potion"},{"floor":10,"key":"FearPotion"},{"floor":12,"key":"Ancient Potion"},{"floor":16,"key":"SteroidPotion"},{"floor":18,"key":"Energy Potion"}],"is_trial":false,"path_per_floor":["?","M","?","M","$"],"character_chosen":"IRONCLAD","items_purchased":["Shrug It Off","Calipers"],"campfire_rested":1,"item_purchase_floors":[5,21],"current_hp_per_floor":[57,57,45,39,39,14,20,20,20,16,55,61,59,65,65,32,85,66,66,40,40,34,0],"gold":76,"neow_bonus":"THREE_RARE_CARDS","is_prod":false,"is_daily":false,"chose_seed":false,"campfire_upgraded":1,"win_rate":0,"timestamp":1552789003,"path_taken":["M","?","M","M","$","E","M","E","T","?","R","M","M","M","R","BOSS","M","?","?","?","M","E"],"build_version":"2019-01-23","purchased_purges":1,"victory":false,"max_hp_per_floor":[80,80,80,80,80,80,80,80,80,80,80,80,80,80,80,80,85,85,85,85,85,85,85],"card_choices":[{"not_picked":["Offering","Dark Embrace"],"picked":"Juggernaut","floor":0},{"not_picked":["Clash","Disarm","Body Slam"],"picked":"SKIP","floor":1},{"not_picked":["Battle Trance","Searing Blow","Armaments"],"picked":"SKIP","floor":3},{"not_picked":["Anger","Flex"],"picked":"Iron Wave","floor":4},{"not_picked":["Rampage","Evolve"],"picked":"Shrug It Off","floor":6},{"not_picked":["Fire Breathing","Warcry","Rupture"],"picked":"SKIP","floor":7},{"not_picked":["Corruption","Limit Break"],"picked":"Battle Trance","floor":8},{"not_picked":["Ghostly Armor","Dropkick","Flex"],"picked":"SKIP","floor":10},{"not_picked":["Perfected Strike","Sword Boomerang","Evolve"],"picked":"SKIP","floor":12},{"not_picked":["Blood for Blood","Pommel Strike"],"picked":"True Grit","floor":13},{"not_picked":["Pummel","Thunderclap"],"picked":"Entrench","floor":14},{"not_picked":["Body Slam","Uppercut"],"picked":"Armaments+1","floor":18},{"not_picked":["Perfected Strike","Fire Breathing","Havoc"],"picked":"SKIP","floor":20},{"not_picked":["Rage+1","Perfected Strike","Twin Strike"],"picked":"SKIP","floor":22}],"player_experience":705817,"relics_obtained":[{"floor":6,"key":"Lantern"},{"floor":8,"key":"Matryoshka"},{"floor":9,"key":"Regal Pillow"},{"floor":9,"key":"Bottled Lightning"}],"event_choices":[{"damage_healed":0,"gold_gain":0,"player_choice":"Rummage","damage_taken":0,"relics_obtained":["WarpedTongs"],"max_hp_gain":0,"max_hp_loss":0,"event_name":"Accursed Blacksmith","floor":2,"gold_loss":0,"cards_obtained":["Pain"]},{"damage_healed":0,"gold_gain":0,"player_choice":"Copied","damage_taken":0,"max_hp_gain":0,"max_hp_loss":0,"event_name":"Duplicator","floor":19,"gold_loss":0,"cards_obtained":["Juggernaut"]}],"is_beta":false,"boss_relics":[{"not_picked":["Mark of Pain","Cursed Key"],"picked":"Tiny House"}],"items_purged_floors":[5],"is_endless":false,"potions_floor_spawned":[3,10,12,16,18],"killed_by":"Slavers","ascension_level":0}