{"gold_per_floor":[119,119,119,129,145,145,203,214,214,214,247,258,277,277,277,349,349,367,351,402,417,27,27,27],"floor_reached":24,"playtime":845,"items_purged":["Strike_B"],"score":364,"play_id":"104c2682-84d4-4391-9427-318e496dba6c","local_time":"20190330123344","is_ascension_mode":true,"campfire_choices":[{"data":"Zap","floor":6.0,"key":"SMITH"},{"floor":10.0,"key":"REST"},{"floor":15.0,"key":"REST"},{"data":"Seek","floor":23,"key":"SMITH"}],"neow_cost":"NONE","seed_source_timestamp":31584745389400,"circlet_count":0,"master_deck":["AscendersBane","Strike_B","Strike_B","Defend_B","Defend_B","Defend_B","Defend_B","Zap+1","Dualcast","Leap","Melter","Sweeping Beam","Leap","Loop+1","Consume","Chill","Seek+1","BootSequence","Doom and Gloom+1","Undo","Capacitor+1"],"special_seed":0,"relics":["Cracked Core","Dream Catcher","Tiny Chest","Frozen Egg 2","Gambling Chip","Black Star","Boot","Meat on the Bone"],"potions_floor_usage":[24,24],"damage_taken":[{"damage":8.0,"enemies":"2 Louse","floor":1.0,"turns":2.0},{"damage":13.0,"enemies":"Small Slimes","floor":4.0,"turns":4.0},{"damage":0.0,"enemies":"Jaw Worm","floor":5.0,"turns":3.0},{"damage":16.0,"enemies":"Lagavulin","floor":7.0,"turns":6.0},{"damage":1.0,"enemies":"Looter","floor":8.0,"turns":3.0},{"damage":32.0,"enemies":"Gremlin Nob","floor":11.0,"turns":4.0},{"damage":0.0,"enemies":"Red Slaver","floor":12.0,"turns":3.0},{"damage":4.0,"enemies":"Blue Slaver","floor":13.0,"turns":4.0},{"damage":7.0,"enemies":"Hexaghost","floor":16.0,"turns":8.0},{"damage":13.0,"enemies":"3 Byrds","floor":18.0,"turns":7.0},{"damage":5.0,"enemies":"2 Thieves","floor":19.0,"turns":5.0},{"damage":11,"enemies":"Centurion and Healer","floor":21,"turns":8},{"damage":38,"enemies":"Gremlin Leader","floor":24,"turns":4}],"seed_played":"-1291708410473398260","potions_obtained":[{"floor":1.0,"key":"Ancient Potion"},{"floor":5.0,"key":"Explosive Potion"},{"floor":13.0,"key":"LiquidBronze"},{"floor":14.0,"key":"PowerPotion"},{"floor":16.0,"key":"Block Potion"},{"floor":18.0,"key":"GamblersBrew"}],"is_trial":false,"path_per_floor":["M","?","?","M","M","R","E","M","T","R","E","M","M","?","R","B",null,"M","M","T","M","$","R","E"],"character_chosen":"DEFECT","items_purchased":["Capacitor+1","Meat on the Bone"],"campfire_rested":2,"item_purchase_floors":[22,22],"current_hp_per_floor":[56,49,49,36,36,36,20,19,19,40,8,8,4,4,25,18,58,45,40,40,29,29,29,0],"gold":27,"neow_bonus":"RANDOM_COMMON_RELIC","is_prod":false,"is_daily":false,"chose_seed":false,"campfire_upgraded":2,"win_rate":0,"timestamp":1553974424,"path_taken":["M","?","?","M","M","R","E","M","T","R","E","M","?","?","R","BOSS","M","M","?","M","$","R","E"],"build_version":"2019-01-23","purchased_purges":1,"victory":false,"max_hp_per_floor":[71,71,71,71,71,71,71,71,71,71,71,71,71,71,71,71,71,71,71,71,71,71,71,71],"card_choices":[{"not_picked":["Barrage","Storm"],"picked":"Leap","floor":1.0},{"not_picked":["Barrage","Redo"],"picked":"Melter","floor":4.0},{"not_picked":["Conserve Battery","Barrage","Heatsinks"],"picked":"SKIP","floor":5.0},{"not_picked":["Streamline","Skim"],"picked":"Sweeping Beam","floor":7.0},{"not_picked":["Stack","Beam Cell","Gash"],"picked":"SKIP","floor":8.0},{"not_picked":["Tempest","All For One"],"picked":"Leap","floor":10.0},{"not_picked":["Reboot","Compile Driver"],"picked":"Loop+1","floor":11.0},{"not_picked":["Gash","Beam Cell","Reinforced Body"],"picked":"SKIP","floor":12.0},{"not_picked":["Hologram","Rip and Tear"],"picked":"Consume","floor":13.0},{"not_picked":["Skim","Steam"],"picked":"Chill","floor":15.0},{"not_picked":["All For One","Reboot"],"picked":"Seek","floor":16.0},{"not_picked":["Sweeping Beam","Redo"],"picked":"BootSequence","floor":18.0},{"not_picked":["Steam","Leap"],"picked":"Doom and Gloom+1","floor":19.0},{"not_picked":["Recycle","Steam"],"picked":"Undo","floor":21}],"player_experience":445092,"relics_obtained":[{"floor":7.0,"key":"Tiny Chest"},{"floor":9.0,"key":"Frozen Egg 2"},{"floor":11.0,"key":"Gambling Chip"},{"floor":20.0,"key":"Boot"}],"event_choices":[{"cards_removed":["Strike_B"],"damage_healed":0.0,"max_hp_gain":0.0,"max_hp_loss":0.0,"gold_gain":0.0,"event_name":"Golden Wing","player_choice":"Card Removal","floor":2.0,"gold_loss":0.0,"damage_taken":7.0},{"damage_healed":0.0,"max_hp_gain":0.0,"max_hp_loss":0.0,"gold_gain":0.0,"event_name":"Liars Game","player_choice":"Ignored","floor":3.0,"gold_loss":0.0,"damage_taken":0.0},{"damage_healed":0.0,"max_hp_gain":0.0,"max_hp_loss":0.0,"gold_gain":0.0,"event_name":"Lab","player_choice":"Got Potions","floor":14.0,"gold_loss":0.0,"damage_taken":0.0}],"is_beta":false,"boss_relics":[{"not_picked":["Snecko Eye","Orrery"],"picked":"Black Star"}],"items_purged_floors":[22],"is_endless":false,"potions_floor_spawned":[1,5,7,13,16,18,19],"killed_by":"Gremlin Leader","ascension_level":15}