{"gold_per_floor":[117,117,217,236,161,194,194,211,211,211,230,230,240,258,258,258],"floor_reached":16,"playtime":1513,"items_purged":["Strike_B"],"score":133,"play_id":"257d300d-15ed-451a-8c5e-c346f65027b3","local_time":"20190407232823","is_ascension_mode":true,"campfire_choices":[{"data":"Consume","floor":7,"key":"SMITH"},{"data":"Dualcast","floor":10,"key":"SMITH"},{"floor":12,"key":"RECALL"},{"floor":15,"key":"REST"}],"neow_cost":"NONE","seed_source_timestamp":240705211986705,"circlet_count":0,"master_deck":["Strike_B","Strike_B","Strike_B","Defend_B","Defend_B","Defend_B","Defend_B","Zap","Dualcast+1","Self Repair","Consume+1","Reprogram","Coolheaded","Redo"],"relics":["Cracked Core","NeowsBlessing","Nunchaku"],"potions_floor_usage":[16],"damage_taken":[{"damage":0,"enemies":"2 Louse","floor":1,"turns":1},{"damage":0,"enemies":"Jaw Worm","floor":4,"turns":1},{"damage":0,"enemies":"Lagavulin","floor":6,"turns":2},{"damage":6,"enemies":"Cultist","floor":8,"turns":3},{"damage":11,"enemies":"Blue Slaver","floor":11,"turns":4},{"damage":40,"enemies":"Gremlin Gang","floor":13,"turns":6},{"damage":19,"enemies":"Red Slaver","floor":14,"turns":8},{"damage":0,"enemies":"Slime Boss","floor":16,"turns":2}],"seed_played":"-734427830081116509","potions_obtained":[{"floor":8,"key":"SkillPotion"},{"floor":11,"key":"Poison Potion"},{"floor":14,"key":"Block Potion"}],"is_trial":false,"path_per_floor":["M","?","?","M","$","E","R","M","T","R","M","R","M","M","R","B"],"character_chosen":"DEFECT","items_purchased":[],"campfire_rested":1,"item_purchase_floors":[],"current_hp_per_floor":[75,75,75,75,75,75,75,75,75,75,71,71,38,26,48,48],"gold":258,"neow_bonus":"THREE_ENEMY_KILL","is_prod":false,"is_daily":false,"chose_seed":false,"campfire_upgraded":2,"win_rate":0,"timestamp":1554697703,"path_taken":["M","?","?","M","$","E","R","M","T","R","M","R","M","?","R","BOSS"],"build_version":"2019-01-23","purchased_purges":1,"victory":false,"max_hp_per_floor":[75,75,75,75,75,75,75,75,75,75,75,75,75,75,75,75],"card_choices":[{"not_picked":["Rebound","Double Energy"],"picked":"Self Repair","floor":1},{"not_picked":["Doom and Gloom","Hologram"],"picked":"Consume","floor":4},{"not_picked":["All For One","Turbo","Undo"],"picked":"SKIP","floor":6},{"not_picked":["Beam Cell","Turbo","Compile Driver"],"picked":"SKIP","floor":8},{"not_picked":["Defragment","Barrage"],"picked":"Reprogram","floor":11},{"not_picked":["Reprogram","Turbo"],"picked":"Coolheaded","floor":13},{"not_picked":["Capacitor","Steam"],"picked":"Redo","floor":14}],"player_experience":170580,"relics_obtained":[{"floor":6,"key":"Nunchaku"}],"event_choices":[{"damage_healed":0,"gold_gain":0,"player_choice":"Ignored","damage_taken":0,"max_hp_gain":0,"max_hp_loss":0,"event_name":"Shining Light","floor":2,"gold_loss":0},{"damage_healed":0,"gold_gain":100,"player_choice":"Gold","damage_taken":0,"max_hp_gain":0,"max_hp_loss":0,"event_name":"Wheel of Change","floor":3,"gold_loss":0}],"is_beta":false,"boss_relics":[],"items_purged_floors":[5],"is_endless":false,"potions_floor_spawned":[8,11,14],"killed_by":"Slime Boss","ascension_level":1}