{"gold_per_floor":[111,129,304,324,337,337,94,120,120,120,120,120,137,169,169,266,266,285,285,285,296,113,144,164,164,164,38,38,48,59,59,59,158,158,174,188,188,67,80,80,113,113,161,181,181,181,201,216,216,216],"floor_reached":51,"playtime":2872,"items_purged":["Doubt"],"score":863,"play_id":"cdcaa891-5bfd-4a6c-9daf-e8ff3bb00384","local_time":"20180930115338","is_ascension_mode":true,"campfire_choices":[{"data":"Zap","floor":6,"key":"SMITH"},{"floor":11,"key":"REST"},{"data":"Meteor Strike","floor":15,"key":"SMITH"},{"floor":25,"key":"REST"},{"data":"RitualDagger","floor":28,"key":"SMITH"},{"floor":32,"key":"REST"},{"floor":40,"key":"REST"},{"data":"Forethought","floor":42,"key":"SMITH"},{"floor":45,"key":"REST"},{"floor":49,"key":"REST"}],"neow_cost":"NONE","seed_source_timestamp":1445636038289594,"circlet_count":0,"master_deck":["Strike_B","Strike_B","Strike_B","Defend_B","Defend_B","Defend_B","Defend_B","Zap+1","Dualcast","Meteor Strike+1","Steam+1","Coolheaded+1","Cold Snap","Chill","Forethought+1","Scrape","Turbo","Conserve Battery","Cold Snap","Rainbow","Sunder","RitualDagger+1","Undo","Go for the Eyes+1","Scrape","Beam Cell+1","Beam Cell","Genetic Algorithm","Loop+1","Ball Lightning","Hyperbeam","Scrape","Go for the Eyes","Swift Strike","Flash of Steel","Cold Snap","Ball Lightning","Redo","Gash+1","Scrape+1","Gash+1","Gash+1","Conserve Battery"],"relics":["FrozenCore","Potion Belt","Matryoshka","Blood Vial","Unceasing Top","Dodecahedron","Sozu","Oddly Smooth Stone","Du-Vu Doll","Omamori","Darkstone Periapt","Art of War","Pantograph","Smiling Mask","Girya"],"potions_floor_usage":[14,16,21,33],"damage_taken":[{"damage":9,"enemies":"2 Louse","floor":1,"turns":2},{"damage":2,"enemies":"Jaw Worm","floor":2,"turns":4},{"damage":1,"enemies":"Small Slimes","floor":4,"turns":3},{"damage":4,"enemies":"Blue Slaver","floor":5,"turns":5},{"damage":16,"enemies":"Gremlin Nob","floor":8,"turns":3},{"damage":0,"enemies":"Exordium Wildlife","floor":13,"turns":3},{"damage":6,"enemies":"3 Sentries","floor":14,"turns":8},{"damage":19,"enemies":"The Guardian","floor":16,"turns":11},{"damage":7,"enemies":"Shell Parasite","floor":18,"turns":4},{"damage":6,"enemies":"3 Byrds","floor":21,"turns":6},{"damage":37,"enemies":"Book of Stabbing","floor":23,"turns":9},{"damage":0,"enemies":"Snake Plant","floor":24,"turns":3},{"damage":22,"enemies":"Chosen and Byrds","floor":29,"turns":8},{"damage":2,"enemies":"Sentry and Sphere","floor":30,"turns":4},{"damage":37,"enemies":"Collector","floor":33,"turns":7},{"damage":13,"enemies":"Orb Walker","floor":35,"turns":5},{"damage":0,"enemies":"3 Shapes","floor":36,"turns":4},{"damage":22,"enemies":"Transient","floor":39,"turns":5},{"damage":23,"enemies":"Nemesis","floor":41,"turns":7},{"damage":23,"enemies":"4 Shapes","floor":44,"turns":5},{"damage":18,"enemies":"Mind Bloom Boss Battle","floor":46,"turns":9},{"damage":3,"enemies":"Sphere and 2 Shapes","floor":47,"turns":4},{"damage":25,"enemies":"Reptomancer","floor":48,"turns":5},{"damage":43,"enemies":"Awakened One","floor":50,"turns":12}],"seed_played":"2858175021190807471","potions_obtained":[{"floor":4,"key":"SkillPotion"},{"floor":13,"key":"LiquidBronze"},{"floor":14,"key":"Energy Potion"},{"floor":16,"key":"Ancient Potion"}],"is_trial":false,"path_per_floor":["M","M","?","M","M","R","$","E","T","?","R","T","M","E","R","B",null,"M","?","?","M","$","E","M","R","T","$","R","M","M","?","R","B",null,"M","M","?","$","M","R","E","R","T","M","R","?","M","M","R","B"],"character_chosen":"DEFECT","items_purchased":["Forethought","Scrape","Scrape","Oddly Smooth Stone","Beam Cell","Genetic Algorithm","Cold Snap","Ball Lightning","Redo"],"campfire_rested":6,"item_purchase_floors":[7,7,22,22,27,27,38,38,38],"current_hp_per_floor":[66,64,64,63,59,59,59,43,43,28,50,50,52,48,48,31,75,68,62,62,58,58,23,25,47,47,47,47,27,27,27,49,14,75,62,64,59,59,39,61,40,40,40,19,41,50,49,26,48,32],"gold":216,"neow_bonus":"ONE_RANDOM_RARE_CARD","is_prod":false,"is_daily":false,"chose_seed":false,"campfire_upgraded":4,"win_rate":0,"timestamp":1538330018,"path_taken":["M","M","?","M","M","R","$","E","T","?","R","?","M","E","R","BOSS","M","?","?","M","$","E","M","R","T","?","R","M","?","?","R","BOSS","M","M","?","$","M","R","E","R","T","M","R","?","?","?","R","BOSS"],"build_version":"2018-09-27","purchased_purges":1,"victory":true,"max_hp_per_floor":[75,75,75,75,75,75,75,75,75,75,75,75,75,75,75,75,75,75,75,75,75,75,75,75,75,75,75,75,75,75,75,75,75,75,75,75,75,75,75,75,75,75,75,75,75,75,75,75,75,75],"card_choices":[{"not_picked":["Streamline","Darkness"],"picked":"Steam","floor":1},{"not_picked":["Sweeping Beam","Doom and Gloom"],"picked":"Coolheaded","floor":2},{"not_picked":["Leap","Barrage"],"picked":"Cold Snap","floor":4},{"not_picked":["Steam","Barrage"],"picked":"Chill","floor":5},{"not_picked":["Consume","Static Discharge"],"picked":"Turbo","floor":8},{"not_picked":["Undo","Cold Snap"],"picked":"Conserve Battery","floor":13},{"not_picked":["Sweeping Beam","Barrage"],"picked":"Cold Snap","floor":14},{"not_picked":["Multi-Cast","Meteor Strike"],"picked":"Rainbow","floor":16},{"not_picked":["Auto Shields","Barrage"],"picked":"Sunder","floor":18},{"not_picked":["Streamline","Rebound"],"picked":"Go for the Eyes+1","floor":21},{"not_picked":["Redo","Core Surge"],"picked":"Beam Cell+1","floor":23},{"not_picked":["Turbo","Consume","Blizzard"],"picked":"SKIP","floor":24},{"not_picked":["Storm+1","Leap"],"picked":"Loop+1","floor":29},{"not_picked":["Turbo","Cold Snap"],"picked":"Ball Lightning","floor":30},{"not_picked":["Thunder Strike","Machine Learning"],"picked":"Hyperbeam","floor":33},{"not_picked":["Hologram","Auto Shields"],"picked":"Scrape","floor":35},{"not_picked":["Tempest+1","Auto Shields+1"],"picked":"Go for the Eyes","floor":36},{"not_picked":["Sadistic Nature","Secret Weapon"],"picked":"Swift Strike","floor":37},{"not_picked":["Jack Of All Trades","Discovery"],"picked":"Flash of Steel","floor":37},{"not_picked":["Capacitor","Hologram+1"],"picked":"Gash+1","floor":39},{"not_picked":["Chill","Steam+1"],"picked":"Scrape+1","floor":41},{"not_picked":["Conserve Battery+1","Cold Snap+1"],"picked":"Gash+1","floor":44},{"not_picked":["Undo","Glacier"],"picked":"Gash+1","floor":47},{"not_picked":["Coolheaded+1","Compile Driver"],"picked":"Conserve Battery","floor":48}],"player_experience":647741,"relics_obtained":[{"floor":8,"key":"Potion Belt"},{"floor":9,"key":"Matryoshka"},{"floor":12,"key":"Blood Vial"},{"floor":12,"key":"Unceasing Top"},{"floor":14,"key":"Dodecahedron"},{"floor":23,"key":"Du-Vu Doll"},{"floor":26,"key":"Omamori"},{"floor":26,"key":"Darkstone Periapt"},{"floor":41,"key":"Pantograph"},{"floor":43,"key":"Smiling Mask"},{"floor":46,"key":"Girya"}],"event_choices":[{"event_name":"Liars Game","player_choice":"agreed","floor":3,"damage_taken":0},{"event_name":"Shining Light","player_choice":"Entered Light","floor":10,"damage_taken":0},{"event_name":"Nest","player_choice":"Joined the Cult","floor":19,"damage_taken":0},{"event_name":"Transmorgrifier","player_choice":"Transform","floor":20,"damage_taken":0},{"event_name":"The Mausoleum","player_choice":"Yes","floor":31,"damage_taken":0},{"event_name":"SensoryStone","player_choice":"Memory 2","floor":37,"damage_taken":0},{"event_name":"MindBloom","player_choice":"Fight","floor":46,"damage_taken":0}],"is_beta":false,"boss_relics":[{"not_picked":["Philosopher\u0027s Stone","Coffee Dripper"],"picked":"Sozu"},{"not_picked":["Velvet Choker","Black Star"],"picked":"FrozenCore"}],"items_purged_floors":[7],"is_endless":false,"potions_floor_spawned":[4,13,14,16,18,24,33,36,41,46,48],"ascension_level":4}