{"path_per_floor":["M","M","?","M","M","E","R","T","T","E","R","?","E","M","R","B",null,"M","M","?","$","M","E","?","E","T","R","M","R","$","?","R","B",null,"M","?","?","M","M","R","M","$","T","E","R","M","R","M","R","B"],"character_chosen":"IRONCLAD","items_purchased":["Paper Frog","Sadistic Nature","Thunderclap","Metallicize"],"gold_per_floor":[119,136,136,150,163,193,193,219,219,254,254,254,280,294,294,392,392,405,423,423,167,180,208,208,234,234,234,246,246,12,12,12,111,111,126,0,46,62,73,73,85,3,3,28,58,77,77,97,97,97],"floor_reached":51,"campfire_rested":2,"playtime":5163,"current_hp_per_floor":[80,80,73,79,71,58,58,58,58,39,63,63,52,53,53,29,80,72,60,60,60,62,54,80,82,82,82,73,73,73,73,73,52,84,54,54,17,33,26,53,65,65,65,54,54,71,71,87,97,49],"items_purged":[],"gold":97,"score":797,"play_id":"2bffeb97-6834-4559-8060-75af7c8d473c","local_time":"20180306213914","is_prod":false,"is_daily":false,"is_ascension_mode":true,"campfire_upgraded":5,"timestamp":1520390354,"path_taken":["M","?","?","?","M","E","R","?","T","E","R","?","E","M","R","BOSS","M","M","?","$","M","E","?","E","T","R","?","R","$","?","R","BOSS","M","?","?","M","M","R","M","$","T","E","R","M","R","M","R","BOSS"],"build_version":"2018-03-05-BETAv2","purchased_purges":0,"victory":true,"master_deck":["Defend_R","Defend_R+1","Defend_R+1","Defend_R","Bash+1","Clash","Bloodletting+1","Thunderclap","Warcry+1","Exhume+1","Clothesline","Warcry+1","Dropkick","Thunderclap","Demon Form+1","Disarm+1","Bludgeon+1","Armaments+1","Sadistic Nature+1","Thunderclap","Bite","Bite","Bite","Bite","Bite","Exhume+1","Feel No Pain+1","Metallicize","Carnage+1"],"max_hp_per_floor":[80,80,80,80,80,80,80,80,80,80,80,80,80,80,80,80,80,80,80,80,80,80,80,80,82,82,82,84,84,84,84,84,84,84,84,84,86,88,90,90,92,92,92,92,92,94,94,96,106,106],"relics":["Burning Blood","NeowsBlessing","Toxic Egg 2","Anchor","Mummified Hand","Champion Belt","Pen Nib","Sozu","Omamori","Paper Frog","Oddly Smooth Stone","Singing Bowl","Torii","Question Card","Red Mask","Ice Cream","Shovel","Bag of Marbles","Tiny Chest","War Paint","Pear"],"card_choices":[{"not_picked":["Armaments","Sword Boomerang"],"picked":"Clash"},{"not_picked":["Feel No Pain","Wild Strike"],"picked":"Bloodletting"},{"not_picked":["Shockwave","Reckless Charge"],"picked":"Thunderclap"},{"not_picked":["Second Wind","Entrench"],"picked":"Warcry"},{"not_picked":["Thunderclap","Armaments"],"picked":"Exhume"},{"not_picked":["Body Slam","Perfected Strike"],"picked":"Clothesline"},{"not_picked":["Wild Strike","Twin Strike"],"picked":"Dropkick"},{"not_picked":["Hemokinesis","Rupture"],"picked":"Thunderclap"},{"not_picked":["Berserk","Juggernaut"],"picked":"Demon Form"},{"not_picked":["Wild Strike","Iron Wave"],"picked":"Disarm"},{"not_picked":["Clothesline","Wild Strike"],"picked":"Shockwave"},{"not_picked":["Cleave","Flex"],"picked":"Bludgeon"},{"not_picked":["Shrug It Off","Body Slam"],"picked":"Armaments"},{"not_picked":["Demon Form","Feed"],"picked":"Exhume"},{"not_picked":["Clothesline","Shrug It Off","Wild Strike"],"picked":"Feel No Pain"},{"not_picked":["Body Slam","Wild Strike","Armaments"],"picked":"Carnage"}],"player_experience":60508,"potions_floor_usage":[],"damage_taken":[{"damage":0.0,"enemies":"Cultist","floor":1.0,"turns":1.0},{"damage":0.0,"enemies":"Small Slimes","floor":2.0,"turns":1.0},{"damage":0.0,"enemies":"2 Louse","floor":4.0,"turns":1.0},{"damage":14.0,"enemies":"Exordium Wildlife","floor":5.0,"turns":3.0},{"damage":19.0,"enemies":"Lagavulin","floor":6.0,"turns":5.0},{"damage":27.0,"enemies":"Gremlin Nob","floor":10.0,"turns":4.0},{"damage":19.0,"enemies":"Lagavulin","floor":13.0,"turns":6.0},{"damage":7.0,"enemies":"Gremlin Gang","floor":14.0,"turns":3.0},{"damage":47.0,"enemies":"The Guardian","floor":16.0,"turns":9.0},{"damage":14.0,"enemies":"3 Byrds","floor":18.0,"turns":5.0},{"damage":20.0,"enemies":"Spheric Guardian","floor":19.0,"turns":4.0},{"damage":6.0,"enemies":"Centurion and Healer","floor":22.0,"turns":5.0},{"damage":16.0,"enemies":"Slavers","floor":23.0,"turns":2.0},{"damage":6.0,"enemies":"Book of Stabbing","floor":25.0,"turns":5.0},{"damage":17.0,"enemies":"Slaver and Parasite","floor":28.0,"turns":4.0},{"damage":37.0,"enemies":"Collector","floor":33.0,"turns":5.0},{"damage":41,"enemies":"3 Darklings","floor":35,"turns":5},{"damage":55,"enemies":"Mysterious Sphere","floor":37,"turns":6},{"damage":1,"enemies":"Flame Bruiser 1 Orb","floor":38,"turns":3},{"damage":23,"enemies":"Sphere and 2 Shapes","floor":39,"turns":7},{"damage":12,"enemies":"4 Shapes","floor":41,"turns":6},{"damage":27,"enemies":"2 Orb Walkers","floor":44,"turns":5},{"damage":2,"enemies":"Maw","floor":46,"turns":6},{"damage":0,"enemies":"Flame Bruiser 2 Orb","floor":48,"turns":5},{"damage":65,"enemies":"Donu and Deca","floor":50,"turns":9}],"event_choices":[{"event_name":"Scrap Ooze","player_choice":"success","floor":3.0,"damage_taken":7.0},{"event_name":"Transmorgrifier","player_choice":"Transform","floor":12.0,"damage_taken":0.0},{"event_name":"The Mausoleum","player_choice":"Yes","floor":20.0,"damage_taken":0.0},{"event_name":"Bonfire Elementals","player_choice":"UNCOMMON","floor":24.0,"damage_taken":0.0},{"event_name":"Vampires","player_choice":"Became a vampire (Vial)","floor":31.0,"damage_taken":0.0},{"event_name":"Tomb of Lord Red Mask","player_choice":"Paid","floor":36,"damage_taken":0},{"event_name":"Mysterious Sphere","player_choice":"Fight","floor":37,"damage_taken":0}],"boss_relics":[{"not_picked":["Snecko Eye","Runic Pyramid"],"picked":"Question Card"}],"potions_floor_spawned":[2,10,13,14,16,22,25,28,39,46,48],"seed_played":"1287443606740325373","ascension_level":1,"is_trial":false}