{"gold_per_floor":[144,189,234,297,297,387,348,348,348,348,228,318,363,408,408,708,708,753,798,79,124,169,259,259,259,334,379,424,424,38,83,83,383,383,428,473,0,0,45,45,135,180,255,300,345,435,435,135,135,135],"floor_reached":51,"playtime":7975,"items_purged":[],"score":916,"play_id":"dd4e3eea-6f62-4156-92f8-c17e924c5c17","local_time":"20180817223115","daily_mods":["Specialized","Midas","Time Dilation"],"is_ascension_mode":false,"campfire_choices":[{"floor":8,"key":"REST"},{"data":"1","floor":10,"key":"LIFT"},{"data":"2","floor":15,"key":"LIFT"},{"data":"3","floor":24,"key":"LIFT"},{"floor":29,"key":"REST"},{"floor":32,"key":"REST"},{"floor":40,"key":"REST"},{"floor":49,"key":"REST"}],"neow_cost":"","seed_source_timestamp":60214678192036,"circlet_count":0,"master_deck":["Strike_R","Strike_R","Strike_R","Strike_R","Defend_R","Defend_R","Defend_R+1","Defend_R","Bash","Double Tap","Double Tap","Double Tap","Double Tap","Double Tap","Infernal Blade","Carnage+1","Shrug It Off","Thunderclap","Twin Strike","Whirlwind","Body Slam","Feed","Sword Boomerang","Wild Strike","Exhume","Shrug It Off","Heavy Blade+1","Sword Boomerang","Impervious","Body Slam","Cleave","Flex+1","Inflame","Armaments","Perfected Strike+1","Warcry+1","Inflame","Iron Wave","Heavy Blade+1","Infernal Blade+1","Limit Break","Cleave","Thunderclap+1","Heavy Blade","Inflame+1","Flex+1","Perfected Strike","Cleave+1","Entrench+1","Pommel Strike+1","Cleave","Flex"],"special_seed":17761,"relics":["Burning Blood","Dream Catcher","Girya","Gambling Chip","White Beast Statue","Pear","Gremlin Horn","Nunchaku","Matryoshka","Ice Cream","Black Star","Red Mask","Charon\u0027s Ashes","Bird Faced Urn","Kunai","Paper Frog","Smiling Mask","Singing Bowl","Bottled Tornado"],"potions_floor_usage":[16,16,16,22,23,23,28,33,35,36,39,41,46,50,50,50],"damage_taken":[{"damage":6,"enemies":"Cultist","floor":1,"turns":3},{"damage":6,"enemies":"Small Slimes","floor":2,"turns":3},{"damage":9,"enemies":"2 Louse","floor":3,"turns":3},{"damage":34,"enemies":"3 Sentries","floor":6,"turns":9},{"damage":18,"enemies":"Gremlin Nob","floor":12,"turns":4},{"damage":7,"enemies":"Exordium Thugs","floor":13,"turns":4},{"damage":0,"enemies":"Blue Slaver","floor":14,"turns":2},{"damage":55,"enemies":"The Guardian","floor":16,"turns":11},{"damage":5,"enemies":"Chosen","floor":18,"turns":3},{"damage":20,"enemies":"2 Thieves","floor":19,"turns":2},{"damage":10,"enemies":"Chosen and Byrds","floor":21,"turns":3},{"damage":11,"enemies":"Centurion and Healer","floor":22,"turns":7},{"damage":19,"enemies":"Slavers","floor":23,"turns":3},{"damage":14,"enemies":"3 Cultists","floor":27,"turns":4},{"damage":3,"enemies":"Snecko","floor":28,"turns":3},{"damage":26,"enemies":"Sentry and Sphere","floor":31,"turns":5},{"damage":17,"enemies":"Collector","floor":33,"turns":5},{"damage":0,"enemies":"Flame Bruiser 1 Orb","floor":35,"turns":3},{"damage":3,"enemies":"3 Shapes","floor":36,"turns":2},{"damage":21,"enemies":"Transient","floor":39,"turns":5},{"damage":19,"enemies":"Nemesis","floor":41,"turns":5},{"damage":0,"enemies":"3 Darklings","floor":42,"turns":2},{"damage":5,"enemies":"Maw","floor":44,"turns":4},{"damage":3,"enemies":"Flame Bruiser 2 Orb","floor":45,"turns":3},{"damage":0,"enemies":"2 Orb Walkers","floor":46,"turns":1},{"damage":104,"enemies":"Donu and Deca","floor":50,"turns":7}],"seed_played":"-4914512092917117765","potions_obtained":[{"floor":6,"key":"BloodPotion"},{"floor":12,"key":"Swift Potion"},{"floor":14,"key":"Energy Potion"},{"floor":18,"key":"SmokeBomb"},{"floor":19,"key":"Block Potion"},{"floor":21,"key":"Energy Potion"},{"floor":22,"key":"Block Potion"},{"floor":23,"key":"Fire Potion"},{"floor":27,"key":"AttackPotion"},{"floor":28,"key":"Swift Potion"},{"floor":31,"key":"FearPotion"},{"floor":33,"key":"SkillPotion"},{"floor":35,"key":"Regen Potion"},{"floor":36,"key":"PowerPotion"},{"floor":39,"key":"PowerPotion"},{"floor":41,"key":"Regen Potion"},{"floor":45,"key":"AttackPotion"},{"floor":46,"key":"Explosive Potion"}],"is_trial":false,"path_per_floor":["M","M","M","?","?","E","?","R","T","R","$","E","M","M","R","B",null,"M","M","$","M","M","E","R","?","T","M","M","R","$","M","R","B",null,"M","M","?","?","M","R","E","M","T","M","M","E","?","$","R","B"],"character_chosen":"IRONCLAD","items_purchased":["Whirlwind","Body Slam","Sword Boomerang","Impervious","Body Slam","Pear","Gremlin Horn","Inflame","Ice Cream","Iron Wave","Bottled Tornado","Cleave"],"campfire_rested":5,"item_purchase_floors":[11,11,20,20,20,20,20,30,30,30,48,48],"current_hp_per_floor":[80,80,77,77,61,33,33,57,57,57,57,45,44,50,50,12,83,83,69,79,78,73,60,60,41,41,33,36,66,66,46,76,65,101,101,101,101,101,86,101,88,94,94,101,101,101,101,101,101,22],"gold":135,"neow_bonus":"","is_prod":false,"is_daily":true,"chose_seed":false,"campfire_upgraded":0,"win_rate":0,"timestamp":1534566675,"path_taken":["M","?","M","?","?","E","?","R","T","R","$","E","M","M","R","BOSS","M","M","$","M","?","E","R","?","T","M","M","R","$","M","R","BOSS","M","M","?","?","?","R","E","M","T","M","M","E","?","$","R","BOSS"],"build_version":"2018-08-16","purchased_purges":0,"victory":true,"max_hp_per_floor":[80,80,80,80,80,80,80,80,80,80,80,80,80,80,80,83,83,83,83,93,96,96,96,96,101,101,101,101,101,101,101,101,101,101,101,101,101,101,101,101,101,101,101,101,101,101,101,101,101,101],"card_choices":[{"not_picked":["Twin Strike","Evolve"],"picked":"Infernal Blade","floor":1},{"not_picked":["True Grit","Clothesline"],"picked":"Carnage","floor":2},{"not_picked":["Headbutt","Dark Embrace"],"picked":"Shrug It Off","floor":3},{"not_picked":["Searing Blow","Second Wind"],"picked":"Thunderclap","floor":6},{"not_picked":["Pommel Strike","Disarm"],"picked":"Twin Strike","floor":8},{"not_picked":["Dual Wield","Intimidate"],"picked":"Feed","floor":12},{"not_picked":["Thunderclap","Disarm"],"picked":"Sword Boomerang","floor":13},{"not_picked":["Clothesline","Dropkick"],"picked":"Wild Strike","floor":14},{"not_picked":["Brutality","Barricade"],"picked":"Exhume","floor":16},{"not_picked":["Hemokinesis","Twin Strike"],"picked":"Shrug It Off","floor":18},{"not_picked":["Warcry","Body Slam"],"picked":"Heavy Blade+1","floor":19},{"not_picked":["Clash","Feel No Pain"],"picked":"Cleave","floor":21},{"not_picked":["Warcry","Heavy Blade+1"],"picked":"Flex+1","floor":22},{"not_picked":["Pummel","Havoc"],"picked":"Inflame","floor":23},{"not_picked":["Headbutt","Wild Strike"],"picked":"Armaments","floor":27},{"not_picked":["Anger+1","Uppercut"],"picked":"Perfected Strike+1","floor":28},{"not_picked":["Double Tap","Combust"],"picked":"Warcry+1","floor":29},{"not_picked":["Sever Soul","Thunderclap"],"picked":"Heavy Blade+1","floor":31},{"not_picked":["Clothesline","Pommel Strike"],"picked":"Infernal Blade+1","floor":32},{"not_picked":["Offering","Exhume"],"picked":"Limit Break","floor":33},{"not_picked":["Warcry+1","Whirlwind+1"],"picked":"Cleave","floor":35},{"not_picked":["Second Wind+1","True Grit"],"picked":"Thunderclap+1","floor":36},{"not_picked":["Body Slam+1","Sword Boomerang"],"picked":"Heavy Blade","floor":39},{"not_picked":["Wild Strike","Clothesline+1"],"picked":"Inflame+1","floor":40},{"not_picked":["Cleave","Headbutt+1"],"picked":"Flex+1","floor":41},{"not_picked":["Anger+1","Wild Strike"],"picked":"Perfected Strike","floor":42},{"not_picked":["Body Slam","Iron Wave+1"],"picked":"Cleave+1","floor":44},{"not_picked":["Sever Soul+1","Intimidate+1"],"picked":"Entrench+1","floor":45},{"not_picked":["Evolve","Searing Blow"],"picked":"Pommel Strike+1","floor":46},{"not_picked":["Double Tap","Intimidate+1"],"picked":"Flex","floor":49}],"player_experience":238633,"relics_obtained":[{"floor":6,"key":"Dream Catcher"},{"floor":9,"key":"Girya"},{"floor":12,"key":"Gambling Chip"},{"floor":23,"key":"Nunchaku"},{"floor":26,"key":"Matryoshka"},{"floor":41,"key":"Charon\u0027s Ashes"},{"floor":41,"key":"Bird Faced Urn"},{"floor":43,"key":"Kunai"},{"floor":43,"key":"Paper Frog"},{"floor":46,"key":"Smiling Mask"},{"floor":46,"key":"Singing Bowl"}],"event_choices":[{"event_name":"Golden Wing","player_choice":"Gained Gold","floor":4,"damage_taken":0},{"event_name":"Shining Light","player_choice":"Entered Light","floor":5,"damage_taken":0},{"event_name":"World of Goop","player_choice":"Left","floor":7,"damage_taken":0},{"event_name":"Forgotten Altar","player_choice":"Shed Blood","floor":25,"damage_taken":0},{"event_name":"Tomb of Lord Red Mask","player_choice":"Paid","floor":37,"damage_taken":0},{"event_name":"Falling","player_choice":"Removed Attack","floor":38,"damage_taken":0},{"event_name":"Purifier","player_choice":"Skipped","floor":47,"damage_taken":0}],"is_beta":false,"boss_relics":[{"not_picked":["Eternal Feather","Velvet Choker"],"picked":"White Beast Statue"},{"not_picked":["Empty Cage","Philosopher\u0027s Stone"],"picked":"Black Star"}],"items_purged_floors":[],"is_endless":false,"potions_floor_spawned":[6,12,14,18,19,21,22,23,27,28,31,33,35,36,39,41,42,44,45,46],"ascension_level":0}