{"gold_per_floor":[112,122,137,137,137,170,170,185,210,210,249,249,284,136,136,265,265,278,298,202,202,227,266,266,266,348,348,367,367,410,428,428,428],"floor_reached":33,"playtime":1538,"items_purged":[],"score":320,"play_id":"926ac985-6112-41b6-9c3e-5b6a14990361","local_time":"20180817093955","is_ascension_mode":true,"campfire_choices":[{"floor":10,"key":"REST"},{"data":"Shrug It Off","floor":12,"key":"SMITH"},{"floor":15,"key":"REST"},{"floor":25,"key":"REST"},{"floor":27,"key":"REST"},{"data":"Feed","floor":29,"key":"SMITH"},{"floor":32,"key":"REST"}],"neow_cost":"NONE","seed_source_timestamp":29040580610521,"circlet_count":0,"master_deck":["Strike_R","Strike_R","Strike_R","Strike_R","Strike_R","Defend_R","Defend_R","Defend_R","Defend_R","Bash","Shrug It Off+1","Body Slam+1","Shrug It Off","Perfected Strike","Injury","Flex","Twin Strike","Perfected Strike","Feed+1","Flex","Wild Strike","Wild Strike","Armaments","Feed","Rampage+1","Cleave","Pommel Strike","True Grit","Bludgeon"],"relics":["Runic Cube","Oddly Smooth Stone","Red Skull","Golden Idol","Happy Flower","Lantern","Ancient Tea Set","Busted Crown","Omamori","Tiny Chest","Blood Vial"],"potions_floor_usage":[11,13,18,23,24,33],"damage_taken":[{"damage":7,"enemies":"2 Louse","floor":1,"turns":3},{"damage":3,"enemies":"Jaw Worm","floor":2,"turns":4},{"damage":3,"enemies":"Small Slimes","floor":3,"turns":4},{"damage":6,"enemies":"3 Sentries","floor":6,"turns":12},{"damage":0,"enemies":"2 Fungi Beasts","floor":8,"turns":2},{"damage":12,"enemies":"Lagavulin","floor":11,"turns":5},{"damage":13,"enemies":"Gremlin Nob","floor":13,"turns":4},{"damage":40,"enemies":"Hexaghost","floor":16,"turns":9},{"damage":7,"enemies":"3 Byrds","floor":18,"turns":4},{"damage":10,"enemies":"Chosen","floor":19,"turns":2},{"damage":33,"enemies":"Shelled Parasite and Fungi","floor":22,"turns":4},{"damage":27,"enemies":"Book of Stabbing","floor":23,"turns":4},{"damage":0,"enemies":"Snecko","floor":24,"turns":1},{"damage":15,"enemies":"Snake Plant","floor":28,"turns":3},{"damage":34,"enemies":"Gremlin Leader","floor":30,"turns":5},{"damage":7,"enemies":"Shelled Parasite and Fungi","floor":31,"turns":4},{"damage":44,"enemies":"Collector","floor":33,"turns":5}],"seed_played":"1696204913829003489","potions_obtained":[{"floor":6,"key":"Poison Potion"},{"floor":8,"key":"Swift Potion"},{"floor":11,"key":"Explosive Potion"},{"floor":22,"key":"PowerPotion"},{"floor":23,"key":"SmokeBomb"},{"floor":31,"key":"Dexterity Potion"}],"is_trial":false,"path_per_floor":["M","M","M","?","?","E","?","M","T","R","E","R","E","$","R","B",null,"M","M","$","?","M","E","M","R","T","R","M","R","E","M","R"],"character_chosen":"IRONCLAD","items_purchased":["Feed","Wild Strike","Armaments"],"campfire_rested":5,"item_purchase_floors":[14,20,20],"current_hp_per_floor":[73,70,67,67,49,43,43,43,43,67,55,55,42,42,66,26,80,76,66,66,66,36,12,12,38,38,64,49,49,15,14,41,0],"gold":428,"neow_bonus":"BOSS_RELIC","is_prod":false,"is_daily":false,"chose_seed":false,"campfire_upgraded":2,"win_rate":0,"timestamp":1534520395,"path_taken":["M","M","M","?","?","E","?","M","T","R","E","R","E","?","R","BOSS","M","M","$","?","M","E","M","R","T","R","M","R","E","M","R","BOSS"],"build_version":"2018-08-16","purchased_purges":0,"victory":false,"max_hp_per_floor":[80,80,80,80,80,80,80,80,80,80,80,80,80,80,80,80,80,83,83,83,83,86,89,89,89,89,89,89,89,89,93,93,93],"card_choices":[{"not_picked":["Havoc","True Grit"],"picked":"Shrug It Off","floor":1},{"not_picked":["Fire Breathing","Heavy Blade"],"picked":"Body Slam","floor":2},{"not_picked":["Headbutt","Pummel"],"picked":"Shrug It Off","floor":3},{"not_picked":["Berserk","Wild Strike"],"picked":"Perfected Strike","floor":6},{"not_picked":["True Grit","Disarm"],"picked":"Flex","floor":8},{"not_picked":["Heavy Blade","Body Slam"],"picked":"Twin Strike","floor":11},{"not_picked":["Power Through","Sentinel"],"picked":"Perfected Strike","floor":13},{"not_picked":[],"picked":"Flex","floor":18},{"not_picked":[],"picked":"Wild Strike","floor":19},{"not_picked":[],"picked":"Rampage+1","floor":22},{"not_picked":[],"picked":"Cleave","floor":23},{"not_picked":[],"picked":"Pommel Strike","floor":28},{"not_picked":[],"picked":"True Grit","floor":30},{"not_picked":[],"picked":"Bludgeon","floor":31}],"player_experience":233796,"relics_obtained":[{"floor":6,"key":"Red Skull"},{"floor":9,"key":"Happy Flower"},{"floor":11,"key":"Lantern"},{"floor":13,"key":"Ancient Tea Set"},{"floor":23,"key":"Omamori"},{"floor":26,"key":"Tiny Chest"},{"floor":30,"key":"Blood Vial"}],"event_choices":[{"event_name":"Living Wall","player_choice":"Grow","floor":4,"damage_taken":0},{"event_name":"Scrap Ooze","player_choice":"success","floor":5,"damage_taken":18},{"event_name":"Golden Idol","player_choice":"Take Wound","floor":7,"damage_taken":0},{"event_name":"Duplicator","player_choice":"One dupe","floor":21,"damage_taken":0}],"is_beta":false,"boss_relics":[{"not_picked":["Lizard Tail","Philosopher\u0027s Stone"],"picked":"Busted Crown"}],"items_purged_floors":[],"is_endless":false,"potions_floor_spawned":[6,8,11,22,23,24,31],"killed_by":"Collector","ascension_level":1}