{"gold_per_floor":[115,133,133,133,143,143,170,170,216,241,263,293,339,426,438,548,560,582,504,289,95,111,111,146,164,191,223,21,21,33,51,51,51],"floor_reached":33,"playtime":1456,"items_purged":["Strike_R","Strike_R"],"score":297,"play_id":"cdab1835-1cd4-446d-8f68-c0a245cb814d","local_time":"20190315201008","is_ascension_mode":false,"campfire_choices":[{"data":"Rampage","floor":6,"key":"SMITH"},{"data":"Fire Breathing","floor":8,"key":"SMITH"},{"data":"Headbutt","floor":15,"key":"SMITH"},{"data":"Fire Breathing","floor":23,"key":"SMITH"},{"floor":32,"key":"REST"}],"neow_cost":"NONE","seed_source_timestamp":201162309889806,"circlet_count":0,"master_deck":["Strike_R","Strike_R","Strike_R+1","Iron Wave","Rampage+1","Iron Wave","Fire Breathing+1","Headbutt+1","Iron Wave+1","Fire Breathing+1","Rampage+1"],"relics":["Burning Blood","Strawberry","Boot","MawBank","Matryoshka","Empty Cage","Omamori","Medical Kit","Anchor","The Courier","Red Skull","Question Card","Lantern"],"potions_floor_usage":[7,16,16,27,27,33],"damage_taken":[{"damage":7,"enemies":"Small Slimes","floor":1,"turns":4},{"damage":3,"enemies":"2 Louse","floor":2,"turns":3},{"damage":1,"enemies":"Cultist","floor":5,"turns":3},{"damage":13,"enemies":"3 Sentries","floor":7,"turns":6},{"damage":4,"enemies":"Blue Slaver","floor":10,"turns":4},{"damage":13,"enemies":"Exordium Thugs","floor":11,"turns":4},{"damage":3,"enemies":"Gremlin Gang","floor":12,"turns":5},{"damage":12,"enemies":"Gremlin Nob","floor":13,"turns":4},{"damage":53,"enemies":"Slime Boss","floor":16,"turns":11},{"damage":10,"enemies":"3 Byrds","floor":18,"turns":4},{"damage":10,"enemies":"Spheric Guardian","floor":22,"turns":3},{"damage":46,"enemies":"Book of Stabbing","floor":24,"turns":5},{"damage":9,"enemies":"Snake Plant","floor":25,"turns":4},{"damage":8,"enemies":"Slavers","floor":27,"turns":4},{"damage":11,"enemies":"Centurion and Healer","floor":30,"turns":5},{"damage":28,"enemies":"Shelled Parasite and Fungi","floor":31,"turns":4},{"damage":81,"enemies":"Automaton","floor":33,"turns":6}],"seed_played":"-4015082314441856670","potions_obtained":[{"floor":5,"key":"Explosive Potion"},{"floor":7,"key":"Poison Potion"},{"floor":10,"key":"EssenceOfSteel"},{"floor":12,"key":"SkillPotion"},{"floor":18,"key":"AttackPotion"},{"floor":25,"key":"SmokeBomb"},{"floor":27,"key":"GamblersBrew"}],"is_trial":false,"path_per_floor":["?","?","M","?","?","$","M","$","?","M"],"character_chosen":"IRONCLAD","items_purchased":["Omamori","Medical Kit","Lantern"],"campfire_rested":1,"item_purchase_floors":[20,21,28],"current_hp_per_floor":[86,87,80,80,85,85,78,78,78,80,73,76,70,59,59,12,87,83,83,83,83,79,79,39,36,36,34,34,63,58,36,62,0],"gold":51,"neow_bonus":"RANDOM_COMMON_RELIC","is_prod":false,"is_daily":false,"chose_seed":false,"campfire_upgraded":4,"win_rate":0,"timestamp":1552695008,"path_taken":["M","M","?","?","M","R","E","R","T","?","M","M","E","?","R","BOSS","M","?","?","$","?","R","E","M","T","E","?","?","?","M","R","BOSS"],"build_version":"2019-01-23","purchased_purges":2,"victory":false,"max_hp_per_floor":[87,87,87,87,87,87,87,87,87,87,87,87,87,87,87,87,87,87,87,87,87,87,87,87,87,87,87,87,87,87,87,87,87],"card_choices":[{"not_picked":["Wild Strike","Searing Blow"],"picked":"Iron Wave","floor":1},{"not_picked":["Anger","Twin Strike"],"picked":"Rampage","floor":2},{"not_picked":["Shrug It Off","Bludgeon"],"picked":"Iron Wave","floor":5},{"not_picked":["Havoc","Hemokinesis"],"picked":"Fire Breathing","floor":7},{"not_picked":["Shrug It Off","Body Slam"],"picked":"Headbutt","floor":10},{"not_picked":["Warcry","Anger","Inflame"],"picked":"SKIP","floor":11},{"not_picked":["Havoc","Anger","Entrench"],"picked":"SKIP","floor":12},{"not_picked":["Clothesline","Blood for Blood","Reckless Charge"],"picked":"SKIP","floor":13},{"not_picked":["Ghostly Armor","Flex"],"picked":"Iron Wave+1","floor":18},{"not_picked":["Entrench+1","Corruption"],"picked":"Fire Breathing","floor":22},{"not_picked":["Rupture+1","Disarm+1","Pommel Strike+1"],"picked":"SKIP","floor":24},{"not_picked":["Pommel Strike","Body Slam","Perfected Strike"],"picked":"SKIP","floor":25},{"not_picked":["Clothesline","Heavy Blade"],"picked":"Rampage+1","floor":27},{"not_picked":["Reckless Charge","Warcry","Pummel","Flame Barrier"],"picked":"SKIP","floor":30},{"not_picked":["Rampage","Wild Strike","Bloodletting","Body Slam"],"picked":"SKIP","floor":31}],"player_experience":664667,"relics_obtained":[{"floor":7,"key":"Boot"},{"floor":9,"key":"MawBank"},{"floor":13,"key":"Matryoshka"},{"floor":24,"key":"Anchor"},{"floor":26,"key":"The Courier"},{"floor":26,"key":"Red Skull"},{"floor":27,"key":"Question Card"}],"event_choices":[{"cards_removed":["Bash"],"damage_healed":0,"gold_gain":0,"player_choice":"Card Removal","damage_taken":7,"max_hp_gain":0,"max_hp_loss":0,"event_name":"Golden Wing","floor":3,"gold_loss":0},{"cards_removed":["Defend_R"],"damage_healed":0,"gold_gain":0,"player_choice":"Purged","damage_taken":0,"max_hp_gain":0,"max_hp_loss":0,"event_name":"Purifier","floor":4,"gold_loss":0},{"damage_healed":0,"gold_gain":75,"player_choice":"Gather Gold","damage_taken":11,"max_hp_gain":0,"max_hp_loss":0,"event_name":"World of Goop","floor":14,"gold_loss":0},{"cards_removed":["Defend_R"],"damage_healed":0,"gold_gain":0,"player_choice":"Upgrade and Remove","damage_taken":0,"max_hp_gain":0,"max_hp_loss":0,"event_name":"Designer","floor":19,"gold_loss":90,"cards_upgraded":["Strike_R"]},{"damage_healed":29,"gold_gain":0,"player_choice":"Heal","damage_taken":0,"max_hp_gain":0,"max_hp_loss":0,"event_name":"The Library","floor":29,"gold_loss":0}],"is_beta":false,"boss_relics":[{"not_picked":["Tiny House","Calling Bell"],"picked":"Empty Cage"}],"items_purged_floors":[20,28],"is_endless":false,"potions_floor_spawned":[5,7,10,12,13,18,25,27],"killed_by":"Automaton","ascension_level":0}