{"gold_per_floor":[110,120,139,139,156,31,51,80,107,117,117,132,148,162,162,257,257,275,275,138,156,167,167,82,82,106,118,118,128,128,138,138,243,243,253,253,253,277,277],"floor_reached":39,"playtime":1842,"items_purged":["Pain","Blizzard"],"score":522,"play_id":"fca99f64-b23e-435f-9f4d-864ce52f1915","local_time":"20190323000405","is_ascension_mode":true,"campfire_choices":[{"floor":11,"key":"REST"},{"floor":15,"key":"REST"},{"floor":23,"key":"REST"},{"floor":25,"key":"REST"},{"floor":30,"key":"REST"},{"floor":32,"key":"REST"}],"neow_cost":"NONE","seed_source_timestamp":605916149100522,"circlet_count":0,"master_deck":["Strike_B","Strike_B","Strike_B","Defend_B","Defend_B","Defend_B","Defend_B","Zap+1","Dualcast","Conserve Battery","Ball Lightning","Conserve Battery","Go for the Eyes","Melter","Go for the Eyes","Machine Learning","Electrodynamics","Loop","Lockon","Leap","Echo Form"],"relics":["Cracked Core","WarpedTongs","Matryoshka","Art of War","Boot","Velvet Choker","Potion Belt","Ancient Tea Set","Bottled Lightning","Enchiridion","Inserter"],"potions_floor_usage":[22,33,33,39],"damage_taken":[{"damage":1,"enemies":"Cultist","floor":1,"turns":4},{"damage":1,"enemies":"Small Slimes","floor":2,"turns":3},{"damage":3,"enemies":"2 Louse","floor":3,"turns":2},{"damage":25,"enemies":"Gremlin Gang","floor":5,"turns":4},{"damage":13,"enemies":"Large Slime","floor":7,"turns":6},{"damage":15,"enemies":"Lagavulin","floor":8,"turns":7},{"damage":3,"enemies":"3 Louse","floor":10,"turns":3},{"damage":0,"enemies":"2 Fungi Beasts","floor":12,"turns":3},{"damage":6,"enemies":"Blue Slaver","floor":13,"turns":2},{"damage":1,"enemies":"3 Louse","floor":14,"turns":3},{"damage":42,"enemies":"Slime Boss","floor":16,"turns":9},{"damage":13,"enemies":"Spheric Guardian","floor":18,"turns":4},{"damage":23,"enemies":"3 Byrds","floor":21,"turns":4},{"damage":4,"enemies":"Cultist and Chosen","floor":22,"turns":6},{"damage":30,"enemies":"Shelled Parasite and Fungi","floor":27,"turns":3},{"damage":11,"enemies":"Sentry and Sphere","floor":29,"turns":3},{"damage":21,"enemies":"Snecko","floor":31,"turns":4},{"damage":21,"enemies":"Collector","floor":33,"turns":6},{"damage":34,"enemies":"3 Darklings","floor":35,"turns":4},{"damage":71,"enemies":"2 Orb Walkers","floor":39,"turns":4}],"seed_played":"634640201632462843","potions_obtained":[{"floor":2,"key":"FocusPotion"},{"floor":5,"key":"Energy Potion"},{"floor":8,"key":"Fire Potion"},{"floor":14,"key":"Regen Potion"},{"floor":27,"key":"Block Potion"},{"floor":29,"key":"Ancient Potion"}],"is_trial":false,"path_per_floor":["M","?","M","?","M","?","?","?","?","T","?"],"character_chosen":"DEFECT","items_purchased":["Conserve Battery","Lockon"],"campfire_rested":6,"item_purchase_floors":[6,20],"current_hp_per_floor":[67,66,63,63,38,38,25,10,10,7,29,29,23,22,44,2,57,44,44,44,21,31,53,53,75,75,45,29,18,40,19,41,20,61,27,27,66,66,0],"gold":277,"neow_bonus":"UPGRADE_CARD","is_prod":false,"is_daily":false,"chose_seed":false,"campfire_upgraded":0,"win_rate":0,"timestamp":1553313845,"path_taken":["M","?","M","?","M","$","?","E","T","M","R","M","M","M","R","BOSS","M","?","$","?","M","R","?","R","T","M","?","M","R","M","R","BOSS","M","?","?","?","?"],"build_version":"2019-01-23","purchased_purges":2,"victory":false,"max_hp_per_floor":[75,75,75,75,75,75,75,75,75,75,75,75,75,75,75,75,75,75,75,75,75,75,75,75,75,75,75,75,75,75,75,75,75,75,75,75,66,66,66],"card_choices":[{"not_picked":["Compile Driver","Turbo"],"picked":"Conserve Battery","floor":1},{"not_picked":["Steam","Redo","Sweeping Beam"],"picked":"SKIP","floor":2},{"not_picked":["Seek","Recycle"],"picked":"Ball Lightning","floor":3},{"not_picked":["Consume","Hologram","Sweeping Beam"],"picked":"SKIP","floor":5},{"not_picked":["Hologram","Beam Cell"],"picked":"Go for the Eyes","floor":7},{"not_picked":["Rainbow","Steam","Darkness"],"picked":"SKIP","floor":8},{"not_picked":["Turbo","Gash"],"picked":"Melter","floor":10},{"not_picked":["Barrage","Lockon","Cold Snap"],"picked":"SKIP","floor":12},{"not_picked":["Coolheaded","Stack"],"picked":"Go for the Eyes","floor":13},{"not_picked":["Stack","Heatsinks"],"picked":"Machine Learning","floor":14},{"not_picked":["Core Surge","Fission"],"picked":"Electrodynamics","floor":16},{"not_picked":["Ball Lightning","Barrage"],"picked":"Loop","floor":18},{"not_picked":["Streamline","Sweeping Beam"],"picked":"Leap","floor":21},{"not_picked":["Streamline","Compile Driver","Double Energy"],"picked":"SKIP","floor":22},{"not_picked":["Streamline+1","Barrage","Rebound"],"picked":"SKIP","floor":27},{"not_picked":["Compile Driver+1","Redo","Beam Cell+1"],"picked":"SKIP","floor":29},{"not_picked":["Go for the Eyes","FTL+1","Beam Cell+1"],"picked":"SKIP","floor":31},{"not_picked":["Fission","Seek"],"picked":"Echo Form","floor":33},{"not_picked":["FTL+1","Recycle+1","Gash+1"],"picked":"SKIP","floor":35}],"player_experience":909100,"relics_obtained":[{"floor":8,"key":"Matryoshka"},{"floor":9,"key":"Art of War"},{"floor":9,"key":"Boot"},{"floor":26,"key":"Ancient Tea Set"},{"floor":26,"key":"Bottled Lightning"},{"floor":28,"key":"Enchiridion"}],"event_choices":[{"damage_healed":0,"gold_gain":0,"player_choice":"Rummage","damage_taken":0,"relics_obtained":["WarpedTongs"],"max_hp_gain":0,"max_hp_loss":0,"event_name":"Accursed Blacksmith","floor":4,"gold_loss":0,"cards_obtained":["Pain"]},{"damage_healed":0,"gold_gain":0,"cards_transformed":["Strike_B"],"player_choice":"Transformed","damage_taken":0,"max_hp_gain":0,"max_hp_loss":0,"event_name":"Transmorgrifier","floor":19,"gold_loss":0,"cards_obtained":["Blizzard"]},{"damage_healed":0,"gold_gain":0,"player_choice":"Obtained Relic","damage_taken":0,"relics_obtained":["Potion Belt"],"max_hp_gain":0,"max_hp_loss":0,"event_name":"Addict","floor":24,"gold_loss":85},{"damage_healed":0,"gold_gain":0,"player_choice":"Obtained Book","damage_taken":16,"max_hp_gain":0,"max_hp_loss":0,"event_name":"Cursed Tome","floor":28,"gold_loss":0},{"damage_healed":0,"gold_gain":0,"player_choice":"Memory 1","damage_taken":0,"max_hp_gain":0,"max_hp_loss":0,"event_name":"SensoryStone","floor":36,"gold_loss":0},{"damage_healed":66,"gold_gain":0,"player_choice":"Heal","damage_taken":0,"max_hp_gain":0,"max_hp_loss":9,"event_name":"The Moai Head","floor":37,"gold_loss":0},{"damage_healed":0,"gold_gain":0,"player_choice":"Fight","damage_taken":0,"max_hp_gain":0,"max_hp_loss":0,"event_name":"Mysterious Sphere","floor":39,"gold_loss":0}],"is_beta":false,"boss_relics":[{"not_picked":["Sozu","Coffee Dripper"],"picked":"Velvet Choker"},{"not_picked":["Runic Dome","Tiny House"],"picked":"Inserter"}],"items_purged_floors":[6,20],"is_endless":false,"potions_floor_spawned":[2,5,8,13,14,21,27,29],"killed_by":"2 Orb Walkers","ascension_level":7}