{"gold_per_floor":[113,3,13,13,38,38,59,59,82,332,132,150,175,33,33,154,154,173,187,187,65,65,98,118,118,118,118,41,60,60,60],"floor_reached":31,"playtime":1636,"items_purged":["Regret","Writhe"],"score":270,"play_id":"864535a7-9b50-4058-8a61-23dd995de4c7","local_time":"20180804175020","is_ascension_mode":false,"campfire_choices":[{"data":"Defragment","floor":6,"key":"SMITH"},{"data":"Beam Cell","floor":8,"key":"SMITH"},{"floor":15,"key":"REST"},{"floor":25,"key":"REST"},{"data":"Rainbow","floor":27,"key":"SMITH"},{"data":"Machine Learning","floor":30,"key":"SMITH"}],"neow_cost":"","seed_source_timestamp":287157770139307,"circlet_count":0,"master_deck":["Strike_B","Defend_B","Defend_B","Defend_B","Defend_B","Zap","Dualcast","Beam Cell+1","Blizzard","Defragment+1","Gash","Defragment","Conserve Battery","Defragment","Thunder Strike","Cold Snap","Ball Lightning","Defragment","Machine Learning+1","Lockon+1","Hologram+1","Hello World+1","Go for the Eyes","Redo","Ball Lightning","Tempest","Static Discharge","Rainbow+1","Sunder","BootSequence"],"relics":["Cracked Core","Art of War","Golden Idol","Centennial Puzzle","Astrolabe","Lantern","Darkstone Periapt","Happy Flower"],"potions_floor_usage":[],"damage_taken":[{"damage":7,"enemies":"2 Louse","floor":1,"turns":3},{"damage":0,"enemies":"Cultist","floor":3,"turns":2},{"damage":6,"enemies":"Jaw Worm","floor":5,"turns":4},{"damage":13,"enemies":"2 Fungi Beasts","floor":7,"turns":3},{"damage":3,"enemies":"Red Slaver","floor":12,"turns":3},{"damage":13,"enemies":"Lots of Slimes","floor":13,"turns":3},{"damage":20,"enemies":"Slime Boss","floor":16,"turns":9},{"damage":8,"enemies":"Spheric Guardian","floor":18,"turns":5},{"damage":16,"enemies":"Shell Parasite","floor":19,"turns":5},{"damage":24,"enemies":"Book of Stabbing","floor":23,"turns":6},{"damage":26,"enemies":"Snake Plant","floor":24,"turns":4},{"damage":2,"enemies":"Snecko","floor":29,"turns":4},{"damage":26,"enemies":"3 Cultists","floor":31,"turns":3}],"seed_played":"1854629055243978268","potions_obtained":[{"floor":3,"key":"FocusPotion"},{"floor":5,"key":"Strength Potion"},{"floor":12,"key":"SmokeBomb"}],"is_trial":false,"path_per_floor":["M","?","M","?","M","R","M","R","T","?","$","M","M","$","R","B",null,"M","M","?","$","?","E","M","R","T","R","$","M","R"],"character_chosen":"DEFECT","items_purchased":["Defragment","Conserve Battery","Cold Snap","Ball Lightning","Defragment","Ball Lightning","Sunder"],"campfire_rested":2,"item_purchase_floors":[11,11,14,14,14,21,28],"current_hp_per_floor":[68,68,68,50,44,44,31,31,31,31,31,28,15,15,37,17,75,67,51,51,51,51,27,1,23,23,23,23,21,21,0],"gold":60,"neow_bonus":"","is_prod":false,"is_daily":false,"chose_seed":false,"campfire_upgraded":4,"win_rate":0,"timestamp":1533426620,"path_taken":["M","?","?","?","?","R","M","R","T","?","$","M","?","?","R","BOSS","M","M","?","$","?","E","?","R","T","R","$","M","R","M"],"build_version":"2018-08-02","purchased_purges":2,"victory":false,"max_hp_per_floor":[75,75,75,75,75,75,75,75,75,75,75,75,75,75,75,75,75,75,75,75,75,75,75,75,75,75,75,75,75,75,75],"card_choices":[{"not_picked":["Rebound","FTL"],"picked":"Beam Cell","floor":1},{"not_picked":["Steam","Conserve Battery"],"picked":"Blizzard","floor":3},{"not_picked":["Loop","Lockon"],"picked":"Defragment","floor":5},{"not_picked":["Rebound","Leap"],"picked":"Gash","floor":7},{"not_picked":["Storm","Steam Power"],"picked":"Defragment","floor":12},{"not_picked":["Coolheaded","Turbo"],"picked":"Thunder Strike","floor":13},{"not_picked":["Thunder Strike","Creative AI"],"picked":"Machine Learning","floor":16},{"not_picked":["Recycle","Beam Cell"],"picked":"Go for the Eyes","floor":18},{"not_picked":["Barrage","Rebound"],"picked":"Redo","floor":19},{"not_picked":["Barrage","Lockon"],"picked":"Static Discharge","floor":23},{"not_picked":["Chill","Heatsinks"],"picked":"Rainbow","floor":24},{"not_picked":["Compile Driver+1","Cold Snap"],"picked":"BootSequence","floor":29}],"player_experience":190439,"relics_obtained":[{"floor":9,"key":"Centennial Puzzle"},{"floor":23,"key":"Darkstone Periapt"},{"floor":26,"key":"Happy Flower"}],"event_choices":[{"event_name":"WeMeetAgain","player_choice":"Gold","floor":2,"damage_taken":0},{"event_name":"Golden Idol","player_choice":"Take Damage","floor":4,"damage_taken":0},{"event_name":"Golden Shrine","player_choice":"Desecrate","floor":10,"damage_taken":0},{"event_name":"The Mausoleum","player_choice":"Yes","floor":20,"damage_taken":0},{"event_name":"The Library","player_choice":"Read","floor":22,"damage_taken":0}],"is_beta":false,"boss_relics":[{"not_picked":["Philosopher\u0027s Stone","Nuclear Battery"],"picked":"Astrolabe"}],"items_purged_floors":[11,21],"is_endless":false,"potions_floor_spawned":[3,5,12,24],"killed_by":"3 Cultists","ascension_level":0}