{"gold_per_floor":[367,367,23,38,55,55,55,55,55,74,22,22,22,33,33,110,110,127,127,158,171,184,184,59,72,72,105,105,105,123,134,134,206,206,216,236,251,3,14,14,33,33,33,133,23,54,71,81,81,81,81,81,0,29,29],"floor_reached":55,"playtime":4231,"items_purged":["Strike_G"],"score":1533,"play_id":"2701c7b2-0d4b-41b3-ac82-a2e69723f8f0","local_time":"20190410024244","is_ascension_mode":true,"campfire_choices":[{"data":"Footwork","floor":6.0,"key":"SMITH"},{"data":"Adrenaline","floor":8.0,"key":"SMITH"},{"data":"Acrobatics","floor":12.0,"key":"SMITH"},{"data":"Calculated Gamble","floor":15.0,"key":"SMITH"},{"data":"Skewer","floor":23.0,"key":"SMITH"},{"data":"Well Laid Plans","floor":28.0,"key":"SMITH"},{"data":"Corpse Explosion","floor":32.0,"key":"SMITH"},{"data":"Malaise","floor":40.0,"key":"SMITH"},{"data":"Tactician","floor":42.0,"key":"SMITH"},{"floor":49.0,"key":"RECALL"},{"data":"Caltrops","floor":52.0,"key":"SMITH"}],"neow_cost":"TEN_PERCENT_HP_LOSS","seed_source_timestamp":17224939674199,"circlet_count":0,"master_deck":["AscendersBane","Defend_G","Defend_G","Defend_G","Defend_G+1","Defend_G","Survivor","Neutralize","Backflip","Adrenaline+1","Grand Finale+1","Footwork+1","Calculated Gamble+1","Acrobatics+1","Burst+1","Prepared+1","Blur+1","Concentrate+1","Deadly Poison+1","Skewer+1","Well Laid Plans+1","Expertise","Corpse Explosion+1","Quick Slash+1","Malaise+1","Acrobatics+1","Tactician+1","Flechettes","Caltrops+1"],"special_seed":0,"relics":["Ring of the Serpent","Mercury Hourglass","Astrolabe","Red Mask","Vajra","Lantern","Incense Burner","Turnip","Anchor","Bag of Preparation"],"potions_floor_usage":[],"damage_taken":[{"damage":3.0,"enemies":"Small Slimes","floor":1.0,"turns":4.0},{"damage":2.0,"enemies":"2 Louse","floor":4.0,"turns":3.0},{"damage":0.0,"enemies":"Cultist","floor":5.0,"turns":6.0},{"damage":0.0,"enemies":"Exordium Wildlife","floor":10.0,"turns":4.0},{"damage":11.0,"enemies":"Exordium Thugs","floor":14.0,"turns":7.0},{"damage":8.0,"enemies":"Slime Boss","floor":16.0,"turns":8.0},{"damage":0.0,"enemies":"2 Thieves","floor":18.0,"turns":1.0},{"damage":0.0,"enemies":"Masked Bandits","floor":20.0,"turns":1.0},{"damage":19.0,"enemies":"Chosen","floor":21.0,"turns":9.0},{"damage":3.0,"enemies":"Shelled Parasite and Fungi","floor":22.0,"turns":5.0},{"damage":0.0,"enemies":"3 Cultists","floor":25.0,"turns":3.0},{"damage":1.0,"enemies":"Book of Stabbing","floor":27.0,"turns":5.0},{"damage":0.0,"enemies":"Snake Plant","floor":30.0,"turns":4.0},{"damage":0.0,"enemies":"Centurion and Healer","floor":31.0,"turns":3.0},{"damage":21.0,"enemies":"Automaton","floor":33.0,"turns":9.0},{"damage":0.0,"enemies":"3 Darklings","floor":35.0,"turns":2.0},{"damage":0.0,"enemies":"Orb Walker","floor":36.0,"turns":4.0},{"damage":7.0,"enemies":"Spire Growth","floor":37.0,"turns":7.0},{"damage":0.0,"enemies":"Jaw Worm Horde","floor":39.0,"turns":1.0},{"damage":0.0,"enemies":"3 Darklings","floor":41.0,"turns":2.0},{"damage":0.0,"enemies":"Mind Bloom Boss Battle","floor":44.0,"turns":8.0},{"damage":0.0,"enemies":"Reptomancer","floor":46.0,"turns":4.0},{"damage":7.0,"enemies":"Maw","floor":47.0,"turns":7.0},{"damage":0.0,"enemies":"Sphere and 2 Shapes","floor":48.0,"turns":3.0},{"damage":0.0,"enemies":"Awakened One","floor":50.0,"turns":12.0},{"damage":19.0,"enemies":"Shield and Spear","floor":54.0,"turns":4.0},{"damage":67,"enemies":"The Heart","floor":55,"turns":2}],"seed_played":"-3929952457298988835","potions_obtained":[{"floor":1.0,"key":"Energy Potion"},{"floor":4.0,"key":"Weak Potion"},{"floor":20.0,"key":"Dexterity Potion"},{"floor":37.0,"key":"Block Potion"},{"floor":48.0,"key":"Ancient Potion"}],"is_trial":false,"path_per_floor":["M","?","$","M","M","R","?","R","T","M","$","R","?","M","R","B",null,"M","?","?","M","M","R","$","M","T","E","R","?","M","M","R","B",null,"M","M","M","$","M","R","M","R","T","?","?","E","M","M","R","B",null,"R","$","E","B"],"character_chosen":"THE_SILENT","items_purchased":["Adrenaline","Grand Finale","Acrobatics","Well Laid Plans","Expertise","Lantern","GhostInAJar"],"campfire_rested":0,"item_purchase_floors":[3,3,11,24,24,38,53],"current_hp_per_floor":[56,56,56,54,54,54,59,59,59,59,59,59,39,28,28,20,54,54,54,54,35,32,32,32,32,32,31,31,31,31,31,31,10,51,51,51,44,44,44,44,44,44,44,44,44,44,37,37,37,37,58,58,58,39,0],"gold":29,"neow_bonus":"TWO_FIFTY_GOLD","is_prod":false,"is_daily":false,"chose_seed":false,"campfire_upgraded":10,"win_rate":0,"timestamp":1554889364,"path_taken":["M","?","$","M","M","R","?","R","T","M","$","R","?","M","R","BOSS","M","?","?","M","M","R","$","M","T","E","R","?","M","M","R","BOSS","M","M","M","$","M","R","M","R","T","?","?","E","M","?","R","BOSS","R","$","E","BOSS"],"build_version":"2019-01-23","purchased_purges":1,"victory":false,"max_hp_per_floor":[60,60,60,60,60,60,65,65,65,65,65,65,65,65,65,65,65,65,65,65,65,65,65,65,65,65,65,65,65,65,65,65,65,65,65,65,65,65,65,65,65,65,65,65,65,65,65,65,65,65,65,65,65,65,65],"card_choices":[{"not_picked":["Choke","PiercingWail"],"picked":"Backflip","floor":1.0},{"not_picked":["PiercingWail","Flechettes"],"picked":"Footwork","floor":4.0},{"not_picked":["Flying Knee","Infinite Blades","Bane"],"picked":"SKIP","floor":5.0},{"not_picked":["Die Die Die","Catalyst"],"picked":"Calculated Gamble","floor":10.0},{"not_picked":["Flying Knee","Backstab","Masterful Stab"],"picked":"SKIP","floor":14.0},{"not_picked":["Infinite Blades","PiercingWail","Choke"],"picked":"SKIP","floor":18.0},{"not_picked":["Terror+1","Sucker Punch"],"picked":"Concentrate","floor":20.0},{"not_picked":["Blade Dance","Deflect"],"picked":"Deadly Poison","floor":21.0},{"not_picked":["Deadly Poison","Infinite Blades"],"picked":"Skewer","floor":22.0},{"not_picked":["Finisher","Cloak And Dagger","Skewer"],"picked":"SKIP","floor":25.0},{"not_picked":["Finisher","Cloak And Dagger","Skewer"],"picked":"SKIP","floor":25.0},{"not_picked":["Terror","Deadly Poison"],"picked":"Corpse Explosion","floor":27.0},{"not_picked":["Bane","Flying Knee","Deflect"],"picked":"SKIP","floor":30.0},{"not_picked":["Outmaneuver","Eviscerate"],"picked":"Quick Slash+1","floor":31.0},{"not_picked":["Doppelganger","Unload"],"picked":"Malaise","floor":33.0},{"not_picked":["Dagger Spray","Flying Knee+1"],"picked":"Acrobatics+1","floor":35.0},{"not_picked":["Sucker Punch","Slice+1","PiercingWail"],"picked":"SKIP","floor":36.0},{"not_picked":["Heel Hook","Sucker Punch","Dagger Spray"],"picked":"SKIP","floor":37.0},{"not_picked":["Bane+1","Skewer","Slice"],"picked":"SKIP","floor":39.0},{"not_picked":["Cloak And Dagger","Setup+1"],"picked":"Tactician","floor":41.0},{"not_picked":["Terror","Dagger Spray"],"picked":"Flechettes","floor":46.0},{"not_picked":["Crippling Poison","Outmaneuver","Wraith Form v2"],"picked":"SKIP","floor":47.0},{"not_picked":["Backflip","Cloak And Dagger"],"picked":"Caltrops","floor":48.0},{"not_picked":["Cloak And Dagger","Outmaneuver","Expertise"],"picked":"SKIP","floor":54.0}],"player_experience":509905,"relics_obtained":[{"floor":9.0,"key":"Mercury Hourglass"},{"floor":20.0,"key":"Red Mask"},{"floor":27.0,"key":"Vajra"},{"floor":43.0,"key":"Incense Burner"},{"floor":44.0,"key":"Turnip"},{"floor":46.0,"key":"Anchor"},{"floor":54.0,"key":"Bag of Preparation"}],"event_choices":[{"damage_healed":0.0,"max_hp_gain":0.0,"max_hp_loss":0.0,"gold_gain":0.0,"event_name":"Liars Game","player_choice":"Ignored","floor":2.0,"gold_loss":0.0,"damage_taken":0.0},{"damage_healed":0.0,"max_hp_gain":5.0,"max_hp_loss":0.0,"gold_gain":0.0,"event_name":"Big Fish","player_choice":"Donut","floor":7.0,"gold_loss":0.0,"damage_taken":0.0},{"damage_healed":0.0,"max_hp_gain":0.0,"max_hp_loss":0.0,"gold_gain":0.0,"event_name":"Shining Light","player_choice":"Entered Light","floor":13.0,"gold_loss":0.0,"damage_taken":20.0,"cards_upgraded":["Defend_G","Grand Finale"]},{"damage_healed":0.0,"max_hp_gain":0.0,"max_hp_loss":0.0,"gold_gain":0.0,"event_name":"Cursed Tome","player_choice":"Ignored","floor":19.0,"gold_loss":0.0,"damage_taken":0.0},{"damage_healed":0.0,"max_hp_gain":0.0,"max_hp_loss":0.0,"gold_gain":0.0,"event_name":"Masked Bandits","player_choice":"Fought Bandits","floor":20.0,"gold_loss":0.0,"damage_taken":0.0},{"damage_healed":0.0,"max_hp_gain":0.0,"max_hp_loss":0.0,"gold_gain":0.0,"event_name":"Upgrade Shrine","player_choice":"Upgraded","floor":29.0,"gold_loss":0.0,"damage_taken":0.0,"cards_upgraded":["Concentrate"]},{"damage_healed":0.0,"max_hp_gain":0.0,"max_hp_loss":0.0,"gold_gain":0.0,"event_name":"MindBloom","player_choice":"Fight","floor":44.0,"gold_loss":0.0,"damage_taken":0.0},{"cards_removed":["Strike_G"],"damage_healed":0.0,"max_hp_gain":0.0,"max_hp_loss":0.0,"gold_gain":0.0,"event_name":"Designer","player_choice":"Upgrade and Remove","floor":45.0,"gold_loss":110.0,"damage_taken":0.0,"cards_upgraded":["Deadly Poison"]}],"is_beta":false,"boss_relics":[{"not_picked":["Lizard Tail","Fusion Hammer"],"picked":"Astrolabe"},{"not_picked":["Eternal Feather","Snecko Eye"],"picked":"Ring of the Serpent"}],"items_purged_floors":[38],"is_endless":false,"potions_floor_spawned":[1,4,20,25,27,31,37,39,46,47,48,54],"killed_by":"The Heart","ascension_level":19}