{"gold_per_floor":[109,126,136,136,151,151,176,156,180,180,196,38,53,83,83,160,160,178,190,203,221,79,109,109,109,109,109,119,19,31,66,66,66],"floor_reached":33,"playtime":1643,"items_purged":["Strike_R","Pain"],"score":523,"play_id":"7ac58458-ad83-41b6-878a-a7de20d774a6","local_time":"20190408225716","is_ascension_mode":true,"campfire_choices":[{"data":"Bash","floor":6,"key":"SMITH"},{"data":"Bludgeon","floor":10,"key":"SMITH"},{"floor":15,"key":"REST"},{"data":"True Grit","floor":24,"key":"SMITH"},{"data":"Whirlwind","floor":27,"key":"SMITH"},{"floor":32,"key":"REST"}],"neow_cost":"NONE","seed_source_timestamp":2070905247298938,"circlet_count":0,"master_deck":["AscendersBane","Strike_R","Strike_R","Strike_R","Strike_R","Defend_R","Defend_R","Defend_R","Defend_R","Bash+1","Bludgeon+1","Armaments","Thunderclap","Dropkick","Dropkick","Anger","Whirlwind+1","Spot Weakness","Shrug It Off","Thunderclap","Uppercut","Metallicize","Offering","True Grit+1","Thunderclap","Havoc+1","Feel No Pain","Battle Trance","Clumsy","Whirlwind+1"],"relics":["Burning Blood","Art of War","Vajra","Dream Catcher","Cursed Key","Anchor","WarpedTongs","Mummified Hand","Blood Vial"],"potions_floor_usage":[33,33],"damage_taken":[{"damage":0,"enemies":"Cultist","floor":1,"turns":2},{"damage":3,"enemies":"2 Louse","floor":2,"turns":4},{"damage":0,"enemies":"Small Slimes","floor":3,"turns":4},{"damage":10,"enemies":"2 Fungi Beasts","floor":5,"turns":3},{"damage":8,"enemies":"Gremlin Nob","floor":7,"turns":3},{"damage":39,"enemies":"Gremlin Gang","floor":11,"turns":6},{"damage":8,"enemies":"Exordium Thugs","floor":13,"turns":3},{"damage":20,"enemies":"3 Sentries","floor":14,"turns":5},{"damage":26,"enemies":"The Guardian","floor":16,"turns":12},{"damage":0,"enemies":"Shell Parasite","floor":18,"turns":2},{"damage":16,"enemies":"2 Thieves","floor":19,"turns":3},{"damage":6,"enemies":"Snecko","floor":20,"turns":2},{"damage":13,"enemies":"Chosen and Byrds","floor":21,"turns":4},{"damage":31,"enemies":"Slavers","floor":23,"turns":6},{"damage":14,"enemies":"Sentry and Sphere","floor":28,"turns":3},{"damage":8,"enemies":"3 Cultists","floor":30,"turns":4},{"damage":13,"enemies":"Book of Stabbing","floor":31,"turns":3},{"damage":59,"enemies":"Collector","floor":33,"turns":7}],"seed_played":"-518006744920196873","potions_obtained":[{"floor":2,"key":"Ancient Potion"},{"floor":5,"key":"AttackPotion"},{"floor":8,"key":"SpeedPotion"}],"is_trial":false,"path_per_floor":["M","?","?","M","?","M"],"character_chosen":"IRONCLAD","items_purchased":["Whirlwind","Spot Weakness","Shrug It Off","Feel No Pain"],"campfire_rested":2,"item_purchase_floors":[12,12,12,22],"current_hp_per_floor":[74,75,75,80,76,76,74,74,74,74,41,41,39,25,49,29,67,73,63,63,56,56,31,31,31,31,31,23,23,21,14,38,0],"gold":66,"neow_bonus":"ONE_RANDOM_RARE_CARD","is_prod":false,"is_daily":false,"chose_seed":false,"campfire_upgraded":4,"win_rate":0,"timestamp":1554778636,"path_taken":["M","M","?","?","M","R","E","?","T","R","M","$","M","E","R","BOSS","M","?","M","M","$","E","R","?","T","R","M","$","?","E","R","BOSS"],"build_version":"2019-01-23","purchased_purges":2,"victory":false,"max_hp_per_floor":[75,75,75,80,80,80,80,80,80,80,80,80,80,80,80,80,80,80,80,80,80,80,80,80,80,80,80,80,80,80,80,80,80],"card_choices":[{"not_picked":["Warcry","Cleave"],"picked":"Armaments","floor":1},{"not_picked":["Cleave","Rage"],"picked":"Thunderclap","floor":2},{"not_picked":["Anger","Shockwave"],"picked":"Dropkick","floor":3},{"not_picked":["Heavy Blade","Burning Pact"],"picked":"Dropkick","floor":5},{"not_picked":["Iron Wave","Wild Strike","Clash"],"picked":"SKIP","floor":7},{"not_picked":["Armaments","Intimidate"],"picked":"Anger","floor":11},{"not_picked":["Armaments","Hemokinesis"],"picked":"Thunderclap","floor":13},{"not_picked":["Dark Embrace","Flex"],"picked":"Uppercut","floor":14},{"not_picked":["Havoc","Rage"],"picked":"Metallicize","floor":15},{"not_picked":["Demon Form","Dark Embrace"],"picked":"Offering","floor":16},{"not_picked":["Pommel Strike","Sword Boomerang","Ghostly Armor"],"picked":"SKIP","floor":18},{"not_picked":["Blood for Blood+1","Pommel Strike+1"],"picked":"True Grit","floor":19},{"not_picked":["Clash","Blood for Blood"],"picked":"Thunderclap","floor":20},{"not_picked":["Wild Strike","Burning Pact"],"picked":"Havoc+1","floor":21},{"not_picked":["Second Wind","Sentinel"],"picked":"Battle Trance","floor":23},{"not_picked":["Bloodletting","Fire Breathing"],"picked":"Whirlwind+1","floor":28},{"not_picked":["Pommel Strike","Havoc","Cleave"],"picked":"SKIP","floor":30},{"not_picked":["Warcry","Headbutt","Havoc"],"picked":"SKIP","floor":31}],"player_experience":1641313,"relics_obtained":[{"floor":7,"key":"Art of War"},{"floor":9,"key":"Vajra"},{"floor":14,"key":"Dream Catcher"},{"floor":23,"key":"Anchor"},{"floor":26,"key":"Mummified Hand"},{"floor":31,"key":"Blood Vial"}],"event_choices":[{"damage_healed":0,"gold_gain":0,"player_choice":"Donut","damage_taken":0,"max_hp_gain":5,"max_hp_loss":0,"event_name":"Big Fish","floor":4,"gold_loss":0},{"damage_healed":0,"gold_gain":0,"player_choice":"Bought 1 Potion","damage_taken":0,"max_hp_gain":0,"max_hp_loss":0,"event_name":"The Woman in Blue","floor":8,"gold_loss":0},{"damage_healed":0,"gold_gain":0,"player_choice":"Rummage","damage_taken":0,"relics_obtained":["WarpedTongs"],"max_hp_gain":0,"max_hp_loss":0,"event_name":"Accursed Blacksmith","floor":25,"gold_loss":0,"cards_obtained":["Pain"]}],"is_beta":false,"boss_relics":[{"not_picked":["Black Star","Pandora\u0027s Box"],"picked":"Cursed Key"}],"items_purged_floors":[22,29],"is_endless":false,"potions_floor_spawned":[2,5,14,16,19,23],"killed_by":"Collector","ascension_level":15}