{"gold_per_floor":[361,377,394,394,413,438,438,438,465,478,498,210,244,419,419,419],"floor_reached":16,"playtime":810,"items_purged":["Injury"],"score":185,"play_id":"63b10e67-6ea6-45b2-a7ad-942b60ae151a","local_time":"20190331161116","is_ascension_mode":true,"campfire_choices":[{"floor":7,"key":"REST"},{"floor":15,"key":"REST"}],"neow_cost":"PERCENT_DAMAGE","seed_source_timestamp":1356178971965064,"circlet_count":0,"master_deck":["AscendersBane","Defend_G","Defend_G+1","Defend_G","Defend_G","Defend_G","Strike_G","Strike_G","Strike_G","Strike_G","Strike_G","Survivor+1","Neutralize","Dagger Throw","Poisoned Stab","Sucker Punch","Backflip","Backflip","PiercingWail","Wraith Form v2","Bandage Up","Dagger Spray","Doubt"],"relics":["Ring of the Snake","Smiling Mask","Golden Idol","PreservedInsect","Blood Vial"],"potions_floor_usage":[6,6,13,16],"damage_taken":[{"damage":1,"enemies":"2 Louse","floor":1,"turns":4},{"damage":0,"enemies":"Jaw Worm","floor":2,"turns":4},{"damage":0,"enemies":"Small Slimes","floor":3,"turns":4},{"damage":18,"enemies":"Exordium Thugs","floor":5,"turns":4},{"damage":11,"enemies":"Lagavulin","floor":6,"turns":6},{"damage":6,"enemies":"3 Louse","floor":10,"turns":5},{"damage":0,"enemies":"Red Slaver","floor":11,"turns":5},{"damage":8,"enemies":"Gremlin Nob","floor":13,"turns":3},{"damage":55,"enemies":"The Guardian","floor":16,"turns":13}],"seed_played":"6555947703470059688","potions_obtained":[{"floor":3,"key":"AttackPotion"},{"floor":5,"key":"AttackPotion"},{"floor":6,"key":"Fire Potion"},{"floor":11,"key":"Fire Potion"},{"floor":13,"key":"Dexterity Potion"}],"is_trial":false,"path_per_floor":["?","?","?"],"character_chosen":"THE_SILENT","items_purchased":["Wraith Form v2","Bandage Up"],"campfire_rested":2,"item_purchase_floors":[12,12],"current_hp_per_floor":[44,44,44,30,12,1,22,22,22,16,16,16,12,12,33,0],"gold":419,"neow_bonus":"TWO_FIFTY_GOLD","is_prod":false,"is_daily":false,"chose_seed":false,"campfire_upgraded":0,"win_rate":0,"timestamp":1554063076,"path_taken":["M","M","M","?","M","E","R","?","T","M","M","$","E","?","R","BOSS"],"build_version":"2019-01-23","purchased_purges":1,"victory":false,"max_hp_per_floor":[70,70,70,70,70,70,70,70,70,70,70,70,70,70,70,70],"card_choices":[{"not_picked":["Quick Slash","Flechettes"],"picked":"Dagger Throw","floor":1},{"not_picked":["Escape Plan","Acrobatics","Catalyst"],"picked":"SKIP","floor":2},{"not_picked":["Blade Dance","Night Terror"],"picked":"Poisoned Stab","floor":3},{"not_picked":["Terror","Concentrate"],"picked":"Sucker Punch","floor":5},{"not_picked":["Deadly Poison","Acrobatics"],"picked":"Backflip","floor":6},{"not_picked":["Accuracy","Bane"],"picked":"Backflip","floor":10},{"not_picked":["Flying Knee","Deadly Poison"],"picked":"PiercingWail","floor":11},{"not_picked":["Tools of the Trade","Bane"],"picked":"Dagger Spray","floor":13}],"player_experience":1336465,"relics_obtained":[{"floor":6,"key":"Smiling Mask"},{"floor":9,"key":"PreservedInsect"},{"floor":13,"key":"Blood Vial"}],"event_choices":[{"damage_healed":0,"gold_gain":0,"player_choice":"Entered Light","damage_taken":14,"max_hp_gain":0,"max_hp_loss":0,"event_name":"Shining Light","floor":4,"gold_loss":0,"cards_upgraded":["Survivor","Defend_G"]},{"damage_healed":0,"gold_gain":0,"player_choice":"Take Wound","damage_taken":0,"relics_obtained":["Golden Idol"],"max_hp_gain":0,"max_hp_loss":0,"event_name":"Golden Idol","floor":8,"gold_loss":0,"cards_obtained":["Injury"]},{"damage_healed":0,"gold_gain":175,"player_choice":"AGREE","damage_taken":0,"max_hp_gain":0,"max_hp_loss":0,"event_name":"Liars Game","floor":14,"gold_loss":0,"cards_obtained":["Doubt"]}],"is_beta":false,"boss_relics":[],"items_purged_floors":[12],"is_endless":false,"potions_floor_spawned":[3,5,6,11,13],"killed_by":"The Guardian","ascension_level":13}