{"gold_per_floor":[118,136,136,149,160,195,195,228,228,240,240,275,275,285,285,383,383,394,394,187,205,218,218,246,196,196,211,231,244,279,313,313,412,412],"floor_reached":34,"playtime":2103,"items_purged":["Writhe","Strike_R"],"score":414,"play_id":"ac515699-38fc-4cdc-90e3-d496902213a1","local_time":"20190210112605","is_ascension_mode":false,"campfire_choices":[{"floor":7.0,"key":"REST"},{"floor":13.0,"key":"REST"},{"floor":15.0,"key":"REST"},{"data":"True Grit","floor":23,"key":"SMITH"},{"floor":32,"key":"RECALL"}],"neow_cost":"NONE","seed_source_timestamp":0,"circlet_count":0,"master_deck":["Strike_R","Strike_R","Strike_R","Strike_R","Defend_R","Defend_R","Defend_R","Defend_R","Bash","Blind","Clash","True Grit+1","Shrug It Off","Cleave+1","Juggernaut","Clash+1","Iron Wave+1","Iron Wave+1","Shrug It Off","Doubt","Twin Strike+1","Armaments+1"],"special_seed":0,"relics":["Burning Blood","Smiling Mask","Blue Candle","Bag of Marbles","Shuriken","Molten Egg 2","Cursed Key","Bronze Scales","Vajra","Anchor","Toxic Egg 2","Orichalcum","Red Mask","Black Star"],"potions_floor_usage":[22,30,33],"damage_taken":[{"damage":3.0,"enemies":"Jaw Worm","floor":1.0,"turns":4.0},{"damage":0.0,"enemies":"Small Slimes","floor":2.0,"turns":4.0},{"damage":4.0,"enemies":"2 Louse","floor":4.0,"turns":4.0},{"damage":17.0,"enemies":"Exordium Thugs","floor":5.0,"turns":7.0},{"damage":27.0,"enemies":"Lagavulin","floor":6.0,"turns":9.0},{"damage":37.0,"enemies":"Gremlin Nob","floor":8.0,"turns":5.0},{"damage":14.0,"enemies":"Gremlin Gang","floor":10.0,"turns":5.0},{"damage":35.0,"enemies":"3 Sentries","floor":12.0,"turns":13.0},{"damage":0.0,"enemies":"Blue Slaver","floor":14.0,"turns":3.0},{"damage":45.0,"enemies":"The Guardian","floor":16.0,"turns":14.0},{"damage":13.0,"enemies":"3 Byrds","floor":18.0,"turns":5.0},{"damage":0.0,"enemies":"Spheric Guardian","floor":21.0,"turns":3.0},{"damage":0,"enemies":"Cultist and Chosen","floor":22,"turns":4},{"damage":4,"enemies":"Gremlin Leader","floor":24,"turns":5},{"damage":1,"enemies":"Centurion and Healer","floor":27,"turns":3},{"damage":0,"enemies":"Chosen and Byrds","floor":28,"turns":4},{"damage":2,"enemies":"3 Cultists","floor":29,"turns":4},{"damage":11,"enemies":"Slavers","floor":30,"turns":4},{"damage":0,"enemies":"Masked Bandits","floor":31,"turns":3},{"damage":26,"enemies":"Automaton","floor":33,"turns":9}],"seed_played":"-2478225491513991003","potions_obtained":[{"floor":2.0,"key":"AttackPotion"},{"floor":5.0,"key":"Regen Potion"},{"floor":14.0,"key":"EntropicBrew"},{"floor":22,"key":"Block Potion"},{"floor":28,"key":"SkillPotion"},{"floor":30,"key":"Explosive Potion"}],"is_trial":false,"path_per_floor":["?","?","?","?"],"character_chosen":"IRONCLAD","items_purchased":["Vajra"],"campfire_rested":3,"item_purchase_floors":[20],"current_hp_per_floor":[80,80,80,80,69,48,72,46,46,38,38,9,33,39,63,24,80,73,73,73,79,80,80,80,80,80,80,80,80,75,80,80,60,80],"gold":412,"neow_bonus":"RANDOM_COLORLESS","is_prod":false,"is_daily":false,"chose_seed":false,"campfire_upgraded":1,"win_rate":0,"timestamp":1549815965,"path_taken":["M","M","?","M","M","E","R","E","T","M","?","E","R","M","R","BOSS","M","?","$","M","M","R","E","$","T","M","M","M","E","?","R","BOSS"],"build_version":"2019-01-23","purchased_purges":2,"victory":false,"max_hp_per_floor":[80,80,80,80,80,80,80,80,80,80,80,80,80,80,80,80,80,80,80,80,80,80,80,80,80,80,80,80,80,80,80,80,80,80],"card_choices":[{"not_picked":["Clothesline","Twin Strike"],"picked":"Clash","floor":1.0},{"not_picked":["Shockwave","Thunderclap","Spot Weakness"],"picked":"SKIP","floor":2.0},{"not_picked":["Thunderclap","Perfected Strike"],"picked":"True Grit","floor":4.0},{"not_picked":["Combust","Warcry","Offering"],"picked":"SKIP","floor":5.0},{"not_picked":["Double Tap","Pommel Strike","Heavy Blade"],"picked":"SKIP","floor":6.0},{"not_picked":["Clothesline","Body Slam","Wild Strike"],"picked":"SKIP","floor":8.0},{"not_picked":["Wild Strike","Perfected Strike","Seeing Red"],"picked":"SKIP","floor":10.0},{"not_picked":["Blood for Blood","Combust"],"picked":"Shrug It Off","floor":12.0},{"not_picked":["Carnage+1","Perfected Strike+1"],"picked":"Cleave+1","floor":14.0},{"not_picked":["Demon Form","Dark Embrace"],"picked":"Juggernaut","floor":16.0},{"not_picked":["Shockwave","Pommel Strike+1"],"picked":"Clash+1","floor":18.0},{"not_picked":["Battle Trance","Uppercut+1"],"picked":"Iron Wave+1","floor":21},{"not_picked":["Twin Strike+1","Armaments+1"],"picked":"Iron Wave+1","floor":22},{"not_picked":["Searing Blow+1","Blood for Blood+1"],"picked":"Shrug It Off","floor":24},{"not_picked":["Rampage+1","Inflame+1"],"picked":"Twin Strike+1","floor":27},{"not_picked":["Cleave+1","Sword Boomerang+1"],"picked":"Armaments+1","floor":28},{"not_picked":["Wild Strike+1","Perfected Strike+1","Searing Blow+1"],"picked":"SKIP","floor":29},{"not_picked":["Berserk","Headbutt+1","Sentinel+1"],"picked":"SKIP","floor":30}],"player_experience":365920,"relics_obtained":[{"floor":6.0,"key":"Blue Candle"},{"floor":8.0,"key":"Bag of Marbles"},{"floor":9.0,"key":"Shuriken"},{"floor":12.0,"key":"Molten Egg 2"},{"floor":24,"key":"Anchor"},{"floor":26,"key":"Toxic Egg 2"},{"floor":30,"key":"Orichalcum"},{"floor":31,"key":"Red Mask"}],"event_choices":[{"damage_healed":0.0,"max_hp_gain":0.0,"max_hp_loss":0.0,"gold_gain":0.0,"event_name":"Big Fish","player_choice":"Box","floor":3.0,"gold_loss":0.0,"damage_taken":0.0,"relics_obtained":["Smiling Mask"],"cards_obtained":["Regret"]},{"cards_removed":["Regret"],"damage_healed":0.0,"max_hp_gain":0.0,"max_hp_loss":0.0,"gold_gain":0.0,"event_name":"Living Wall","player_choice":"Forget","floor":11.0,"gold_loss":0.0,"damage_taken":0.0},{"damage_healed":0.0,"max_hp_gain":0.0,"max_hp_loss":0.0,"gold_gain":0.0,"event_name":"The Mausoleum","player_choice":"Opened","floor":19.0,"gold_loss":0.0,"damage_taken":0.0,"relics_obtained":["Bronze Scales"],"cards_obtained":["Writhe"]},{"damage_healed":0,"gold_gain":0,"player_choice":"Fought Bandits","damage_taken":0,"max_hp_gain":0,"max_hp_loss":0,"event_name":"Masked Bandits","floor":31,"gold_loss":0}],"is_beta":false,"boss_relics":[{"not_picked":["Snecko Eye","Runic Dome"],"picked":"Cursed Key"},{"not_picked":["Velvet Choker","Eternal Feather"],"picked":"Black Star"}],"items_purged_floors":[20,25],"is_endless":false,"potions_floor_spawned":[2,5,14,21,22,28,30],"ascension_level":0}