{"gold_per_floor":[109,126,139,139,159,174,174,187,213,213,230,240,415,426,426,524,524,536,536,546,320,320,320,320,340,340,340,352,362,362,378,378,378],"floor_reached":33,"playtime":1702,"items_purged":["Doubt"],"score":245,"play_id":"ba466f6e-c3f9-4d71-9bb4-8fc2c1d97cb1","local_time":"20190325150232","is_ascension_mode":false,"campfire_choices":[{"data":"Caltrops","floor":7.0,"key":"SMITH"},{"data":"Backflip","floor":10.0,"key":"SMITH"},{"data":"Die Die Die","floor":15.0,"key":"SMITH"},{"data":"Venomology","floor":23.0,"key":"SMITH"},{"data":"Tactician","floor":27.0,"key":"SMITH"},{"floor":30,"key":"REST"},{"floor":32,"key":"REST"}],"neow_cost":"NONE","seed_source_timestamp":455880313845294,"circlet_count":0,"master_deck":["Defend_G","Defend_G","Defend_G","Defend_G","Defend_G","Strike_G","Strike_G","Strike_G","Strike_G","Strike_G","Survivor","Neutralize","Die Die Die+1","Backflip+1","Cloak And Dagger+1","Prepared","Dagger Throw","Caltrops+1","Well Laid Plans","Endless Agony","Backflip","Calculated Gamble","Doppelganger","Dash","Backflip+1","Venomology+1","RitualDagger","Tactician+1","Leg Sweep","Infinite Blades+1"],"special_seed":0,"relics":["Ring of the Snake"],"potions_floor_usage":[29,31,31,33,33],"damage_taken":[{"damage":1.0,"enemies":"Cultist","floor":1.0,"turns":3.0},{"damage":0.0,"enemies":"2 Louse","floor":2.0,"turns":1.0},{"damage":0.0,"enemies":"Jaw Worm","floor":3.0,"turns":3.0},{"damage":1.0,"enemies":"Looter","floor":5.0,"turns":3.0},{"damage":0.0,"enemies":"3 Louse","floor":6.0,"turns":1.0},{"damage":3.0,"enemies":"Exordium Wildlife","floor":8.0,"turns":3.0},{"damage":0.0,"enemies":"Lots of Slimes","floor":11.0,"turns":1.0},{"damage":3.0,"enemies":"Large Slime","floor":12.0,"turns":6.0},{"damage":0.0,"enemies":"3 Louse","floor":14.0,"turns":2.0},{"damage":21.0,"enemies":"Hexaghost","floor":16.0,"turns":11.0},{"damage":0.0,"enemies":"Chosen","floor":18.0,"turns":6.0},{"damage":14.0,"enemies":"Shell Parasite","floor":20.0,"turns":8.0},{"damage":6.0,"enemies":"Snake Plant","floor":25.0,"turns":3.0},{"damage":16.0,"enemies":"Centurion and Healer","floor":28.0,"turns":7.0},{"damage":18,"enemies":"Sentry and Sphere","floor":29,"turns":5},{"damage":8,"enemies":"Shelled Parasite and Fungi","floor":31,"turns":6},{"damage":53,"enemies":"Collector","floor":33,"turns":7}],"seed_played":"2231816531743376450","potions_obtained":[{"floor":3.0,"key":"AttackPotion"},{"floor":6.0,"key":"AttackPotion"},{"floor":8.0,"key":"SkillPotion"},{"floor":16.0,"key":"LiquidBronze"},{"floor":28.0,"key":"EssenceOfSteel"}],"is_trial":false,"path_per_floor":["M","M","M","?","M","M","R","M","T","R","M","M","?","M","R","B",null,"M","?","M","$","?","R","?","M","T","R","M","M","R","M","R","B"],"character_chosen":"THE_SILENT","items_purchased":["Venomology"],"campfire_rested":2,"item_purchase_floors":[21],"current_hp_per_floor":[69,69,69,69,68,68,68,65,65,65,65,62,62,62,62,41,70,70,70,56,56,56,56,50,44,44,44,28,10,31,23,44,0],"gold":378,"neow_bonus":"ONE_RANDOM_RARE_CARD","is_prod":false,"is_daily":false,"chose_seed":false,"campfire_upgraded":5,"win_rate":0,"timestamp":1553547752,"path_taken":["M","M","M","?","M","M","R","M","T","R","M","M","?","M","R","BOSS","M","?","M","$","?","R","?","M","T","R","M","M","R","M","R","BOSS"],"build_version":"2019-01-23","purchased_purges":1,"victory":false,"max_hp_per_floor":[70,70,70,70,70,70,70,70,70,70,70,70,70,70,70,70,70,70,70,70,70,70,70,70,70,70,70,70,70,70,70,70,70],"card_choices":[{"not_picked":["Slice","Quick Slash"],"picked":"Backflip","floor":1.0},{"not_picked":["Dagger Throw","Quick Slash"],"picked":"Cloak And Dagger","floor":2.0},{"not_picked":["Quick Slash","Underhanded Strike"],"picked":"Prepared","floor":3.0},{"not_picked":["Deadly Poison","Reflex"],"picked":"Dagger Throw","floor":5.0},{"not_picked":["Poisoned Stab","Predator"],"picked":"Caltrops","floor":6.0},{"not_picked":["Prepared","Venomology"],"picked":"Well Laid Plans","floor":8.0},{"not_picked":["Distraction","Flying Knee"],"picked":"Endless Agony","floor":11.0},{"not_picked":["Dodge and Roll","Flying Knee"],"picked":"Backflip","floor":12.0},{"not_picked":["Riddle With Holes","Catalyst"],"picked":"Calculated Gamble","floor":14.0},{"not_picked":["Phantasmal Killer","Venomology"],"picked":"Doppelganger","floor":16.0},{"not_picked":["PiercingWail+1","Acrobatics+1"],"picked":"Dash","floor":18.0},{"not_picked":["Quick Slash","Finisher"],"picked":"Backflip+1","floor":20.0},{"not_picked":["Sucker Punch","All Out Attack"],"picked":"Tactician","floor":25.0},{"not_picked":["Masterful Stab","Dagger Spray"],"picked":"Leg Sweep","floor":28.0},{"not_picked":["Dagger Spray","Choke","Underhanded Strike+1"],"picked":"SKIP","floor":29},{"not_picked":["Choke+1","Flechettes"],"picked":"Infinite Blades+1","floor":31}],"player_experience":1692861,"relics_obtained":[],"event_choices":[{"damage_healed":0.0,"max_hp_gain":0.0,"max_hp_loss":0.0,"gold_gain":0.0,"event_name":"Living Wall","player_choice":"Grow","floor":4.0,"gold_loss":0.0,"damage_taken":0.0,"cards_upgraded":["Cloak And Dagger"]},{"damage_healed":0.0,"max_hp_gain":0.0,"max_hp_loss":0.0,"gold_gain":175.0,"event_name":"Liars Game","player_choice":"AGREE","floor":13.0,"gold_loss":0.0,"damage_taken":0.0,"cards_obtained":["Doubt"]},{"damage_healed":0.0,"max_hp_gain":0.0,"max_hp_loss":0.0,"gold_gain":0.0,"event_name":"Vampires","player_choice":"Ignored","floor":19.0,"gold_loss":0.0,"damage_taken":0.0},{"damage_healed":0.0,"max_hp_gain":0.0,"max_hp_loss":0.0,"gold_gain":0.0,"event_name":"The Mausoleum","player_choice":"Ignored","floor":22.0,"gold_loss":0.0,"damage_taken":0.0},{"damage_healed":0.0,"max_hp_gain":0.0,"max_hp_loss":0.0,"gold_gain":0.0,"event_name":"Nest","player_choice":"Joined the Cult","floor":24.0,"gold_loss":0.0,"damage_taken":6.0,"cards_obtained":["RitualDagger"]}],"is_beta":false,"boss_relics":[{"not_picked":["Ectoplasm","Eternal Feather","Snecko Eye"]}],"items_purged_floors":[21],"is_endless":false,"potions_floor_spawned":[3,6,8,14,16,28],"killed_by":"Collector","ascension_level":0}