{"gold_per_floor":[114,125,145,163,179,208,208,235,235,248,248,258,289,289,289,365,365,376,301,301,112,122,154,154,154],"floor_reached":25,"playtime":3159,"items_purged":["Strike_R"],"score":437,"play_id":"43a30794-fff8-4400-9108-ce3a937399ac","local_time":"20190411115239","is_ascension_mode":true,"campfire_choices":[{"data":"Immolate","floor":7,"key":"SMITH"},{"data":"Disarm","floor":15,"key":"SMITH"},{"data":"True Grit","floor":24,"key":"SMITH"}],"neow_cost":"TEN_PERCENT_HP_LOSS","seed_source_timestamp":2288714920465037,"circlet_count":0,"master_deck":["AscendersBane","Strike_R","Strike_R+1","Defend_R","Defend_R","Defend_R+1","Defend_R","Bash","Immolate+1","Flame Barrier","Spot Weakness","Clothesline","Anger","Shockwave","Exhume","Anger","Evolve","Disarm+1","Limit Break","True Grit+1","Feel No Pain","True Grit","Sword Boomerang","Dark Embrace"],"relics":["Burning Blood","Pen Nib","Smiling Mask","Meat on the Bone","Paper Frog","Velvet Choker","Darkstone Periapt"],"potions_floor_usage":[4,8,13,13,13,23,25],"damage_taken":[{"damage":0,"enemies":"2 Louse","floor":1,"turns":1},{"damage":0,"enemies":"Small Slimes","floor":2,"turns":2},{"damage":12,"enemies":"Jaw Worm","floor":3,"turns":6},{"damage":18,"enemies":"Large Slime","floor":4,"turns":4},{"damage":8,"enemies":"Exordium Wildlife","floor":5,"turns":3},{"damage":29,"enemies":"Lagavulin","floor":6,"turns":7},{"damage":17,"enemies":"Gremlin Nob","floor":8,"turns":4},{"damage":10,"enemies":"3 Louse","floor":10,"turns":4},{"damage":6,"enemies":"Looter","floor":12,"turns":3},{"damage":15,"enemies":"3 Sentries","floor":13,"turns":4},{"damage":6,"enemies":"Hexaghost","floor":16,"turns":10},{"damage":1,"enemies":"Chosen","floor":18,"turns":6},{"damage":14,"enemies":"2 Thieves","floor":22,"turns":3},{"damage":41,"enemies":"Slavers","floor":23,"turns":5},{"damage":34,"enemies":"Book of Stabbing","floor":25,"turns":4}],"seed_played":"4574062740286505883","potions_obtained":[{"floor":1,"key":"SpeedPotion"},{"floor":3,"key":"BloodPotion"},{"floor":4,"key":"EntropicBrew"},{"floor":13,"key":"AttackPotion"},{"floor":18,"key":"Weak Potion"}],"is_trial":false,"path_per_floor":["?","?","?","?"],"character_chosen":"IRONCLAD","items_purchased":["Feel No Pain","True Grit"],"campfire_rested":0,"item_purchase_floors":[21,21],"current_hp_per_floor":[68,68,62,56,54,31,31,20,20,28,8,20,23,16,16,28,58,63,63,63,63,55,32,32,0],"gold":154,"neow_bonus":"THREE_RARE_CARDS","is_prod":false,"is_daily":false,"chose_seed":false,"campfire_upgraded":3,"win_rate":0,"timestamp":1554997959,"path_taken":["M","M","M","M","M","E","R","E","T","M","?","M","E","?","R","BOSS","M","?","?","$","M","E","R","E"],"build_version":"2019-01-23","purchased_purges":1,"victory":false,"max_hp_per_floor":[68,68,68,68,68,68,68,68,68,68,68,68,68,68,68,68,68,68,68,68,68,68,68,68,68],"card_choices":[{"not_picked":["Reaper","Exhume"],"picked":"Immolate","floor":0},{"not_picked":["Spot Weakness","Havoc"],"picked":"Flame Barrier","floor":1},{"not_picked":["True Grit","Entrench"],"picked":"Spot Weakness","floor":2},{"not_picked":["Heavy Blade","Havoc"],"picked":"Clothesline","floor":3},{"not_picked":["Havoc","Armaments"],"picked":"Anger","floor":4},{"not_picked":["Havoc","Sever Soul"],"picked":"Shockwave","floor":5},{"not_picked":["Cleave","Dropkick"],"picked":"Exhume","floor":6},{"not_picked":["Twin Strike","Hemokinesis"],"picked":"Anger","floor":8},{"not_picked":["Ghostly Armor","Carnage"],"picked":"Evolve","floor":10},{"not_picked":["Cleave","Flex","Havoc"],"picked":"SKIP","floor":12},{"not_picked":["Rampage","Flex"],"picked":"Disarm","floor":13},{"not_picked":["Offering","Juggernaut"],"picked":"Limit Break","floor":16},{"not_picked":["Body Slam","Second Wind","Fire Breathing"],"picked":"SKIP","floor":18},{"not_picked":["Body Slam","Shockwave","Sword Boomerang"],"picked":"SKIP","floor":22},{"not_picked":["Body Slam","Shockwave"],"picked":"Sword Boomerang","floor":22},{"not_picked":["Pommel Strike","Dual Wield"],"picked":"Dark Embrace","floor":23}],"player_experience":1801445,"relics_obtained":[{"floor":6,"key":"Pen Nib"},{"floor":8,"key":"Smiling Mask"},{"floor":9,"key":"Meat on the Bone"},{"floor":13,"key":"Paper Frog"},{"floor":23,"key":"Darkstone Periapt"}],"event_choices":[{"damage_healed":0,"gold_gain":0,"player_choice":"Entered Light","damage_taken":20,"max_hp_gain":0,"max_hp_loss":0,"event_name":"Shining Light","floor":11,"gold_loss":0,"cards_upgraded":["Defend_R","Strike_R"]},{"cards_removed":["Strike_R"],"damage_healed":0,"gold_gain":0,"player_choice":"Card Removal","damage_taken":7,"max_hp_gain":0,"max_hp_loss":0,"event_name":"Golden Wing","floor":14,"gold_loss":0},{"cards_removed":["Strike_R"],"damage_healed":0,"gold_gain":0,"player_choice":"Gave Gold","damage_taken":0,"max_hp_gain":0,"max_hp_loss":0,"event_name":"Beggar","floor":19,"gold_loss":75},{"damage_healed":0,"gold_gain":0,"player_choice":"Read","damage_taken":0,"max_hp_gain":0,"max_hp_loss":0,"event_name":"The Library","floor":20,"gold_loss":0,"cards_obtained":["True Grit"]}],"is_beta":false,"boss_relics":[{"not_picked":["Busted Crown","Lizard Tail"],"picked":"Velvet Choker"}],"items_purged_floors":[21],"is_endless":false,"potions_floor_spawned":[1,3,4,13,18],"killed_by":"Book of Stabbing","ascension_level":16}