{"gold_per_floor":[12,12,26,44,54,54,79,79,159,159,176,233,253,285,285,360,360,379,391,405,405,87,112,127,158,158,183,183,98,118,138,138,215,215,230,33,49,404,404],"floor_reached":39,"playtime":3617,"items_purged":["Strike_G"],"score":855,"play_id":"0aec5003-de3a-4351-976e-04b3c83e10e6","local_time":"20190403214243","is_ascension_mode":true,"campfire_choices":[{"data":"Glass Knife","floor":6,"key":"SMITH"},{"data":"Deadly Poison","floor":8,"key":"SMITH"},{"data":"Noxious Fumes","floor":15,"key":"SMITH"},{"floor":28,"key":"REST"},{"data":"Bouncing Flask","floor":32,"key":"SMITH"}],"neow_cost":"NO_GOLD","seed_source_timestamp":1632460458072471,"circlet_count":0,"master_deck":["AscendersBane","Defend_G","Defend_G","Defend_G","Defend_G","Defend_G","Strike_G","Strike_G","Strike_G","Strike_G","Survivor","Neutralize","Glass Knife+1","Dash","Deadly Poison+1","Leg Sweep","Deadly Poison","Crippling Poison","Noxious Fumes+1","Sucker Punch","Bouncing Flask","Bullet Time","Dagger Throw","Dagger Throw","Leg Sweep+1","Backflip","Dash","Bouncing Flask+1","Eviscerate+1","Underhanded Strike","Dash","Skewer","Backflip","Night Terror","Acrobatics","Footwork","Acrobatics+1"],"relics":["Ring of the Snake","Ice Cream","Pear","NlothsMask","Tiny Chest","Regal Pillow","Snecko Eye","Bottled Tornado","Blood Vial","Boot","Tough Bandages","Juzu Bracelet","Orrery","Old Coin"],"potions_floor_usage":[25,33],"damage_taken":[{"damage":0,"enemies":"Cultist","floor":1,"turns":4},{"damage":0,"enemies":"Small Slimes","floor":3,"turns":3},{"damage":0,"enemies":"Jaw Worm","floor":4,"turns":3},{"damage":0,"enemies":"3 Louse","floor":5,"turns":4},{"damage":16,"enemies":"Lagavulin","floor":7,"turns":7},{"damage":0,"enemies":"2 Fungi Beasts","floor":11,"turns":5},{"damage":18,"enemies":"Gremlin Nob","floor":12,"turns":5},{"damage":15,"enemies":"Large Slime","floor":13,"turns":6},{"damage":5,"enemies":"Lagavulin","floor":14,"turns":6},{"damage":16,"enemies":"Hexaghost","floor":16,"turns":8},{"damage":0,"enemies":"Spheric Guardian","floor":18,"turns":3},{"damage":8,"enemies":"Shell Parasite","floor":19,"turns":4},{"damage":15,"enemies":"Shelled Parasite and Fungi","floor":20,"turns":4},{"damage":5,"enemies":"Slavers","floor":23,"turns":5},{"damage":8,"enemies":"Snake Plant","floor":24,"turns":3},{"damage":3,"enemies":"Gremlin Leader","floor":25,"turns":6},{"damage":0,"enemies":"Book of Stabbing","floor":27,"turns":5},{"damage":0,"enemies":"3 Cultists","floor":30,"turns":5},{"damage":11,"enemies":"Snecko","floor":31,"turns":4},{"damage":27,"enemies":"Champ","floor":33,"turns":10},{"damage":0,"enemies":"3 Shapes","floor":35,"turns":5},{"damage":0,"enemies":"Orb Walker","floor":37,"turns":4},{"damage":41,"enemies":"2 Orb Walkers","floor":38,"turns":5},{"damage":39,"enemies":"Spire Growth","floor":39,"turns":3}],"seed_played":"-8194476318795048005","potions_obtained":[{"floor":3,"key":"PowerPotion"},{"floor":5,"key":"GamblersBrew"},{"floor":14,"key":"SmokeBomb"},{"floor":23,"key":"Swift Potion"},{"floor":25,"key":"SkillPotion"},{"floor":30,"key":"Swift Potion"},{"floor":38,"key":"Fire Potion"}],"is_trial":false,"path_per_floor":["$","?","M","?","?","?"],"character_chosen":"THE_SILENT","items_purchased":["Bottled Tornado","Night Terror","Acrobatics"],"campfire_rested":1,"item_purchase_floors":[22,36,36],"current_hp_per_floor":[63,63,63,63,63,63,47,47,57,57,57,39,24,19,19,3,61,61,53,38,38,38,33,27,26,26,28,67,67,69,60,60,35,69,71,71,73,34,0],"gold":404,"neow_bonus":"THREE_RARE_CARDS","is_prod":false,"is_daily":false,"chose_seed":false,"campfire_upgraded":4,"win_rate":0,"timestamp":1554342163,"path_taken":["M","?","M","M","M","R","E","R","T","?","?","E","M","E","R","BOSS","M","M","M","?","$","E","M","E","T","E","R","?","M","M","R","BOSS","M","$","M","?","M"],"build_version":"2019-01-23","purchased_purges":1,"victory":false,"max_hp_per_floor":[70,70,70,70,70,70,70,70,80,80,80,80,80,80,80,80,80,80,80,80,80,80,80,80,80,80,80,80,80,80,80,80,80,80,80,80,80,80,80],"card_choices":[{"not_picked":["Bullet Time","Wraith Form v2"],"picked":"Glass Knife","floor":0},{"not_picked":["Dagger Spray","PiercingWail"],"picked":"Dash","floor":1},{"not_picked":["PiercingWail","Dodge and Roll"],"picked":"Deadly Poison","floor":3},{"not_picked":["Crippling Poison","Underhanded Strike"],"picked":"Leg Sweep","floor":4},{"not_picked":["Riddle With Holes","Expertise"],"picked":"Deadly Poison","floor":5},{"not_picked":["Acrobatics","Deflect"],"picked":"Crippling Poison","floor":7},{"not_picked":["Prepared","Bane","Setup"],"picked":"SKIP","floor":11},{"not_picked":["Sucker Punch","Poisoned Stab"],"picked":"Noxious Fumes","floor":12},{"not_picked":["Wraith Form v2","Bane"],"picked":"Sucker Punch","floor":13},{"not_picked":["Blade Dance","Choke"],"picked":"Bouncing Flask","floor":14},{"not_picked":["After Image","Burst"],"picked":"Bullet Time","floor":16},{"not_picked":["Backstab","Deflect"],"picked":"Dagger Throw","floor":18},{"not_picked":["Deflect","Cloak And Dagger"],"picked":"Dagger Throw","floor":19},{"not_picked":["Dagger Spray","Cloak And Dagger","Distraction"],"picked":"SKIP","floor":20},{"not_picked":["Deadly Poison","Dagger Throw"],"picked":"Leg Sweep+1","floor":23},{"not_picked":["Dodge and Roll","Flying Knee"],"picked":"Backflip","floor":24},{"not_picked":["Caltrops","Skewer"],"picked":"Dash","floor":25},{"not_picked":["Venomology","Prepared","Blade Dance"],"picked":"SKIP","floor":27},{"not_picked":["Concentrate","Deadly Poison","Dagger Spray"],"picked":"SKIP","floor":30},{"not_picked":["Deadly Poison","Acrobatics"],"picked":"Bouncing Flask","floor":31},{"not_picked":["Poisoned Stab","Quick Slash"],"picked":"Eviscerate+1","floor":34},{"not_picked":["Poisoned Stab","Dagger Spray+1"],"picked":"Underhanded Strike","floor":34},{"not_picked":["Prepared+1","Tactician+1"],"picked":"Dash","floor":34},{"not_picked":["Reflex","Flechettes"],"picked":"Skewer","floor":34},{"not_picked":["Setup","Quick Slash"],"picked":"Backflip","floor":35},{"not_picked":["Tools of the Trade","PiercingWail+1"],"picked":"Footwork","floor":37},{"not_picked":["Flying Knee+1","Well Laid Plans"],"picked":"Acrobatics+1","floor":38}],"player_experience":1441493,"relics_obtained":[{"floor":7,"key":"Ice Cream"},{"floor":9,"key":"Pear"},{"floor":12,"key":"Tiny Chest"},{"floor":14,"key":"Regal Pillow"},{"floor":23,"key":"Blood Vial"},{"floor":25,"key":"Boot"},{"floor":27,"key":"Tough Bandages"},{"floor":38,"key":"Old Coin"}],"event_choices":[{"damage_healed":0,"gold_gain":0,"player_choice":"Trade","damage_taken":0,"relics_obtained":["NlothsMask"],"max_hp_gain":0,"max_hp_loss":0,"event_name":"FaceTrader","floor":10,"gold_loss":0},{"damage_healed":0,"gold_gain":0,"player_choice":"Ignored","damage_taken":0,"max_hp_gain":0,"max_hp_loss":0,"event_name":"Ghosts","floor":21,"gold_loss":0},{"damage_healed":0,"gold_gain":0,"player_choice":"Obtained Relic","damage_taken":0,"relics_obtained":["Juzu Bracelet"],"max_hp_gain":0,"max_hp_loss":0,"event_name":"Addict","floor":29,"gold_loss":85},{"damage_healed":0,"gold_gain":0,"player_choice":"Fight","damage_taken":0,"max_hp_gain":0,"max_hp_loss":0,"event_name":"Mysterious Sphere","floor":38,"gold_loss":0}],"is_beta":false,"boss_relics":[{"not_picked":["Philosopher\u0027s Stone","Ectoplasm"],"picked":"Snecko Eye"},{"not_picked":["Velvet Choker","Cursed Key"],"picked":"Orrery"}],"items_purged_floors":[22],"is_endless":false,"potions_floor_spawned":[3,5,7,13,14,19,23,24,25,30,38],"killed_by":"Spire Growth","ascension_level":13}