{"gold_per_floor":[110,110,121,71,88,88,100,27,27,82,98,98,132,151,151,252,252,264,283,283,283,283,283,299,325,325,325,4,4,14,25,25,120,120,133,146,71,84,103,103,133,133,133,133,133,151,51,151,151,151],"floor_reached":51,"playtime":4935,"items_purged":["Writhe","Strike_G"],"score":731,"play_id":"cbd07be7-2293-4324-aa7c-5f59c4ce71a5","local_time":"20190103153750","is_ascension_mode":true,"campfire_choices":[{"data":"Neutralize","floor":6.0,"key":"SMITH"},{"data":"After Image","floor":12.0,"key":"SMITH"},{"data":"Well Laid Plans","floor":15.0,"key":"SMITH"},{"data":"Burst","floor":23.0,"key":"SMITH"},{"data":"Apotheosis","floor":29.0,"key":"SMITH"},{"floor":32.0,"key":"REST"},{"floor":40.0,"key":"REST"},{"data":"Tools of the Trade","floor":44,"key":"SMITH"},{"floor":49,"key":"REST"}],"neow_cost":"NONE","seed_source_timestamp":0,"circlet_count":0,"master_deck":["Defend_G","Defend_G","Defend_G","Strike_G","Strike_G","Strike_G","Survivor","Neutralize+1","Crippling Poison","Backflip","Endless Agony","PiercingWail","Poisoned Stab","Noxious Fumes","After Image+1","Well Laid Plans+1","Underhanded Strike","Tools of the Trade+1","Deadly Poison","Burst+1","Prepared","Prepared","Flechettes","Flying Knee+1","Backflip","Blur","Bane","Underhanded Strike","Apotheosis+1","Catalyst","Blade Dance","A Thousand Cuts+1","Underhanded Strike+1","Bouncing Flask+1","PiercingWail+1"],"special_seed":0,"relics":["Ring of the Snake","Gremlin Horn","Regal Pillow","Bag of Preparation","Orrery","Letter Opener","Strawberry","Ninja Scroll","Frozen Egg 2","Anchor","Busted Crown","Mummified Hand"],"potions_floor_usage":[50,50,50],"damage_taken":[{"damage":0.0,"enemies":"2 Louse","floor":1.0,"turns":4.0},{"damage":1.0,"enemies":"Cultist","floor":3.0,"turns":4.0},{"damage":0.0,"enemies":"Jaw Worm","floor":5.0,"turns":5.0},{"damage":0.0,"enemies":"Exordium Thugs","floor":7.0,"turns":5.0},{"damage":5.0,"enemies":"Blue Slaver","floor":11.0,"turns":4.0},{"damage":5.0,"enemies":"3 Sentries","floor":13.0,"turns":8.0},{"damage":19.0,"enemies":"Gremlin Gang","floor":14.0,"turns":4.0},{"damage":18.0,"enemies":"Hexaghost","floor":16.0,"turns":12.0},{"damage":7.0,"enemies":"3 Byrds","floor":18.0,"turns":6.0},{"damage":9.0,"enemies":"Shell Parasite","floor":19.0,"turns":7.0},{"damage":3.0,"enemies":"Centurion and Healer","floor":24.0,"turns":8.0},{"damage":28.0,"enemies":"Slavers","floor":25.0,"turns":9.0},{"damage":6.0,"enemies":"3 Cultists","floor":30.0,"turns":5.0},{"damage":0.0,"enemies":"Cultist and Chosen","floor":31.0,"turns":6.0},{"damage":22.0,"enemies":"Champ","floor":33.0,"turns":12.0},{"damage":0.0,"enemies":"3 Shapes","floor":35.0,"turns":3.0},{"damage":11.0,"enemies":"Orb Walker","floor":36.0,"turns":4.0},{"damage":36.0,"enemies":"Writhing Mass","floor":38.0,"turns":7.0},{"damage":0.0,"enemies":"Sphere and 2 Shapes","floor":39.0,"turns":4.0},{"damage":26.0,"enemies":"Giant Head","floor":41.0,"turns":6.0},{"damage":17,"enemies":"Maw","floor":46,"turns":6},{"damage":42,"enemies":"Awakened One","floor":50,"turns":13}],"seed_played":"5509460623128700953","potions_obtained":[{"floor":3.0,"key":"LiquidBronze"},{"floor":5.0,"key":"FearPotion"},{"floor":7.0,"key":"AttackPotion"},{"floor":36.0,"key":"Dexterity Potion"}],"is_trial":false,"path_per_floor":["M","?","M","?","M","R","M","$","T","T","M","R","E","M","R","B",null,"M","M","?","?","?","R","M","E","T","T","$","R","M","M","R","B",null,"M","M","$","M","M","R","E","?","T","R","?","M","$","?","R","B",null],"character_chosen":"THE_SILENT","items_purchased":["Noxious Fumes","Apotheosis","Anchor"],"campfire_rested":3,"item_purchase_floors":[8,28,28],"current_hp_per_floor":[70,70,69,69,69,69,69,69,69,69,64,64,59,40,40,22,70,63,54,54,54,54,54,51,30,30,30,30,30,24,24,62,40,77,77,66,66,30,30,68,42,42,42,42,42,25,25,25,63,21],"gold":151,"neow_bonus":"THREE_CARDS","is_prod":false,"is_daily":false,"chose_seed":false,"campfire_upgraded":6,"win_rate":0,"timestamp":1546558670,"path_taken":["M","?","?","?","M","R","M","?","T","?","?","R","E","M","R","BOSS","M","?","?","?","?","R","M","E","T","?","$","R","M","M","R","BOSS","M","M","$","M","M","R","E","?","T","R","?","M","$","?","R","BOSS"],"build_version":"2018-12-20","purchased_purges":2,"victory":true,"max_hp_per_floor":[70,70,70,70,70,70,70,70,70,70,70,70,70,70,70,70,70,70,70,70,70,70,70,70,77,77,77,77,77,77,77,77,77,77,77,77,77,77,77,77,77,77,77,77,77,77,77,77,77,77],"card_choices":[{"not_picked":["PiercingWail","Poisoned Stab"],"picked":"Crippling Poison","floor":0.0},{"not_picked":["Flying Knee","Outmaneuver"],"picked":"Backflip","floor":1.0},{"not_picked":["Underhanded Strike","Sucker Punch"],"picked":"Endless Agony","floor":3.0},{"not_picked":["Flying Knee","Slice"],"picked":"PiercingWail","floor":5.0},{"not_picked":["Masterful Stab","All Out Attack"],"picked":"Poisoned Stab","floor":7.0},{"not_picked":["Dagger Throw","Backflip"],"picked":"After Image","floor":11.0},{"not_picked":["Expertise","Sucker Punch"],"picked":"Well Laid Plans","floor":13.0},{"not_picked":["Heel Hook","Prepared"],"picked":"Underhanded Strike","floor":14.0},{"not_picked":["Adrenaline","Phantasmal Killer"],"picked":"Tools of the Trade","floor":16.0},{"not_picked":["Prepared","Reflex"],"picked":"Deadly Poison","floor":17.0},{"not_picked":["PiercingWail","Infinite Blades"],"picked":"Burst","floor":17.0},{"not_picked":["Dagger Spray","Quick Slash"],"picked":"Prepared","floor":17.0},{"not_picked":["Tactician","Slice"],"picked":"Prepared","floor":17.0},{"not_picked":["Outmaneuver","Distraction"],"picked":"Flechettes","floor":17.0},{"not_picked":["Dodge and Roll","Flechettes"],"picked":"Flying Knee+1","floor":18.0},{"not_picked":["Slice","Poisoned Stab"],"picked":"Backflip","floor":19.0},{"not_picked":["Expertise","Deadly Poison"],"picked":"Bane","floor":24.0},{"not_picked":["Calculated Gamble+1","Bullet Time"],"picked":"Underhanded Strike","floor":25.0},{"not_picked":["Riddle With Holes","Flying Knee"],"picked":"Catalyst","floor":30.0},{"not_picked":["Backflip","Expertise+1"],"picked":"Blade Dance","floor":31.0},{"not_picked":["Malaise","Night Terror"],"picked":"A Thousand Cuts+1","floor":33.0},{"not_picked":[],"picked":"Underhanded Strike+1","floor":35.0},{"not_picked":["Poisoned Stab"],"picked":"SKIP","floor":36.0},{"not_picked":[],"picked":"Bouncing Flask+1","floor":38.0},{"not_picked":[],"picked":"PiercingWail+1","floor":39.0},{"not_picked":["Dash+1"],"picked":"SKIP","floor":41.0},{"not_picked":["Dagger Throw+1"],"picked":"SKIP","floor":46}],"player_experience":54528,"relics_obtained":[{"floor":9.0,"key":"Gremlin Horn"},{"floor":10.0,"key":"Regal Pillow"},{"floor":13.0,"key":"Bag of Preparation"},{"floor":25.0,"key":"Strawberry"},{"floor":26.0,"key":"Ninja Scroll"},{"floor":27.0,"key":"Frozen Egg 2"},{"floor":41.0,"key":"Mummified Hand"}],"event_choices":[{"cards_removed":["Defend_G"],"damage_healed":0.0,"max_hp_gain":0.0,"max_hp_loss":0.0,"gold_gain":0.0,"event_name":"Bonfire Elementals","player_choice":"Offered Basic","floor":2.0,"gold_loss":0.0,"damage_taken":0.0},{"cards_removed":["Strike_G"],"damage_healed":0.0,"max_hp_gain":0.0,"max_hp_loss":0.0,"gold_gain":0.0,"event_name":"The Cleric","player_choice":"Card Removal","floor":4.0,"gold_loss":50.0,"damage_taken":0.0},{"damage_healed":0.0,"max_hp_gain":0.0,"max_hp_loss":0.0,"gold_gain":0.0,"event_name":"The Library","player_choice":"Read","floor":20.0,"gold_loss":0.0,"damage_taken":0.0,"cards_obtained":["Blur"]},{"damage_healed":0.0,"max_hp_gain":0.0,"max_hp_loss":0.0,"gold_gain":0.0,"event_name":"Ghosts","player_choice":"Ignored","floor":21.0,"gold_loss":0.0,"damage_taken":0.0},{"damage_healed":0.0,"max_hp_gain":0.0,"max_hp_loss":0.0,"gold_gain":0.0,"event_name":"The Mausoleum","player_choice":"Opened","floor":22.0,"gold_loss":0.0,"damage_taken":0.0,"relics_obtained":["Letter Opener"],"cards_obtained":["Writhe"]},{"damage_healed":0.0,"max_hp_gain":0.0,"max_hp_loss":0.0,"gold_gain":0.0,"event_name":"SensoryStone","player_choice":"Memory 1","floor":42.0,"gold_loss":0.0,"damage_taken":0.0},{"cards_removed":["Defend_G"],"damage_healed":0,"gold_gain":0,"player_choice":"Removed Skill","damage_taken":0,"max_hp_gain":0,"max_hp_loss":0,"event_name":"Falling","floor":45,"gold_loss":0},{"damage_healed":0,"gold_gain":100,"player_choice":"Pray","damage_taken":0,"max_hp_gain":0,"max_hp_loss":0,"event_name":"Golden Shrine","floor":48,"gold_loss":0}],"is_beta":false,"boss_relics":[{"not_picked":["Lizard Tail","Snecko Eye"],"picked":"Orrery"},{"not_picked":["HoveringKite","Empty Cage"],"picked":"Busted Crown"}],"items_purged_floors":[37,47],"is_endless":false,"potions_floor_spawned":[3,5,7,24,25,30,31,36,38,41],"ascension_level":1}