{"gold_per_floor":[110,110,123,88,14,14,14,31,58,78,90,90,109,120,120,218,218,236,236,247,64,163,163,163],"floor_reached":24,"playtime":892,"items_purged":[],"score":242,"play_id":"ca280b3d-f0f4-44e3-9729-578eacc9ce36","local_time":"20190121161531","is_ascension_mode":true,"campfire_choices":[{"data":"Creative AI","floor":6,"key":"SMITH"},{"floor":15,"key":"REST"},{"floor":23,"key":"REST"}],"neow_cost":"NONE","seed_source_timestamp":8942147529892,"circlet_count":0,"master_deck":["Strike_B","Strike_B","Strike_B","Defend_B","Defend_B","Defend_B","Defend_B","Zap","Dualcast","Creative AI+1","Recycle","Leap","Conserve Battery","Leap","Regret","Coolheaded","Doom and Gloom+1","Hologram","Steam","Stack","Amplify","Chill","Chill+1","BootSequence","Ball Lightning+1","Turbo"],"relics":["FrozenCore","Molten Egg 2","Happy Flower","Odd Mushroom","Regal Pillow"],"potions_floor_usage":[8,20,24],"damage_taken":[{"damage":5,"enemies":"2 Louse","floor":1,"turns":2},{"damage":8,"enemies":"Jaw Worm","floor":3,"turns":4},{"damage":0,"enemies":"Small Slimes","floor":8,"turns":2},{"damage":12,"enemies":"The Mushroom Lair","floor":10,"turns":4},{"damage":12,"enemies":"Blue Slaver","floor":11,"turns":4},{"damage":6,"enemies":"2 Fungi Beasts","floor":13,"turns":4},{"damage":29,"enemies":"Exordium Wildlife","floor":14,"turns":5},{"damage":5,"enemies":"Hexaghost","floor":16,"turns":11},{"damage":18,"enemies":"Spheric Guardian","floor":18,"turns":7},{"damage":22,"enemies":"Colosseum Slavers","floor":19,"turns":10},{"damage":11,"enemies":"Shell Parasite","floor":20,"turns":6},{"damage":60,"enemies":"Book of Stabbing","floor":24,"turns":6}],"seed_played":"7704228219348258263","potions_obtained":[{"floor":1,"key":"Explosive Potion"},{"floor":11,"key":"Ancient Potion"},{"floor":13,"key":"SteroidPotion"},{"floor":16,"key":"Poison Potion"}],"is_trial":false,"path_per_floor":["M","?","M","?","$","R","?","M","T","?","M","T","M","M","R","B",null,"M","?","M","$","?","R","E"],"character_chosen":"DEFECT","items_purchased":["Conserve Battery","Leap","BootSequence","Ball Lightning+1","Turbo"],"campfire_rested":2,"item_purchase_floors":[5,5,21,21,21],"current_hp_per_floor":[63,56,48,66,66,66,66,66,66,54,42,42,36,7,44,39,66,48,26,15,15,15,52,0],"gold":163,"neow_bonus":"ONE_RANDOM_RARE_CARD","is_prod":false,"is_daily":false,"chose_seed":false,"campfire_upgraded":1,"win_rate":0,"timestamp":1548112531,"path_taken":["M","?","M","?","?","R","?","?","T","?","M","?","M","M","R","BOSS","M","?","M","$","?","R","E"],"build_version":"2019-01-17v2","purchased_purges":0,"victory":false,"max_hp_per_floor":[75,75,75,75,75,75,75,75,75,75,75,75,75,75,75,75,75,75,75,75,75,75,75,75],"card_choices":[{"not_picked":["Blizzard","Sweeping Beam"],"picked":"Recycle","floor":1},{"not_picked":["Barrage","Redo"],"picked":"Leap","floor":3},{"not_picked":["Skim","Stack"],"picked":"Coolheaded","floor":8},{"not_picked":["Aggregate","Reinforced Body"],"picked":"Doom and Gloom+1","floor":10},{"not_picked":["Hyperbeam+1","Redo"],"picked":"Hologram","floor":11},{"not_picked":["Ball Lightning+1","Reinforced Body"],"picked":"Steam","floor":13},{"not_picked":["Sweeping Beam+1","Fusion"],"picked":"Stack","floor":14},{"not_picked":["Creative AI","Multi-Cast"],"picked":"Amplify","floor":16},{"not_picked":["Tempest","Reprogram"],"picked":"Chill","floor":18},{"not_picked":["Hologram","Skim+1"],"picked":"Chill+1","floor":20}],"player_experience":1265102,"relics_obtained":[{"floor":9,"key":"Happy Flower"},{"floor":10,"key":"Odd Mushroom"},{"floor":12,"key":"Regal Pillow"}],"event_choices":[{"cards_removed":["Strike_B"],"damage_healed":0,"gold_gain":0,"player_choice":"Card Removal","damage_taken":7,"max_hp_gain":0,"max_hp_loss":0,"event_name":"Golden Wing","floor":2,"gold_loss":0},{"damage_healed":18,"gold_gain":0,"player_choice":"Healed","damage_taken":0,"max_hp_gain":0,"max_hp_loss":0,"event_name":"The Cleric","floor":4,"gold_loss":35},{"damage_healed":0,"gold_gain":0,"player_choice":"Box","damage_taken":0,"relics_obtained":["Molten Egg 2"],"max_hp_gain":0,"max_hp_loss":0,"event_name":"Big Fish","floor":7,"gold_loss":0,"cards_obtained":["Regret"]},{"damage_healed":0,"gold_gain":0,"player_choice":"Fought Mushrooms","damage_taken":0,"max_hp_gain":0,"max_hp_loss":0,"event_name":"Mushrooms","floor":10,"gold_loss":0},{"damage_healed":0,"gold_gain":0,"player_choice":"Fight","damage_taken":0,"max_hp_gain":0,"max_hp_loss":0,"event_name":"Colosseum","floor":19,"gold_loss":0},{"damage_healed":0,"gold_gain":0,"player_choice":"Fled From Nobs","damage_taken":0,"max_hp_gain":0,"max_hp_loss":0,"event_name":"Colosseum","floor":19,"gold_loss":0},{"damage_healed":0,"gold_gain":99,"player_choice":"Stole From Cult","damage_taken":0,"max_hp_gain":0,"max_hp_loss":0,"event_name":"Nest","floor":22,"gold_loss":0}],"is_beta":false,"boss_relics":[{"not_picked":["Philosopher\u0027s Stone","Lizard Tail"],"picked":"FrozenCore"}],"items_purged_floors":[],"is_endless":false,"potions_floor_spawned":[1,11,13,16],"killed_by":"Book of Stabbing","ascension_level":6}