{"gold_per_floor":[116,116,188,201,161,161,176,196,196,222,232,247,260,286,286,391,391,408,408,422,474,486,486,521,537,563,598,284,129,129,142,142,242,242,254,272,16,27,40,72,83,113,113,113,127,127,127,147,147,147],"floor_reached":51,"playtime":2943,"items_purged":[],"score":839,"play_id":"1ddc8def-a1b4-4c2e-b747-f81a8bab165e","local_time":"20180824175657","is_ascension_mode":true,"campfire_choices":[{"data":"Cloak And Dagger","floor":6,"key":"SMITH"},{"floor":15,"key":"REST"},{"data":"Adrenaline","floor":23,"key":"SMITH"},{"data":"Bouncing Flask","floor":30,"key":"SMITH"},{"floor":32,"key":"REST"},{"floor":46,"key":"REST"},{"data":"Enlightenment","floor":49,"key":"SMITH"}],"neow_cost":"NONE","seed_source_timestamp":662254933315295,"circlet_count":0,"master_deck":["Survivor","Neutralize","Cloak And Dagger+1","Tactician","Poisoned Stab","Predator","Bouncing Flask+1","Sucker Punch","Riddle With Holes","Blade Dance","Caltrops","Adrenaline+1","Deadly Poison","Distraction","Backflip","Flechettes","Flying Knee","Slice","Poisoned Stab","Deadly Poison","Poisoned Stab","Bouncing Flask+1","Flying Knee","Quick Slash","Dash+1","Noxious Fumes+1","Footwork","Predator","Footwork","Poisoned Stab+1","Storm of Steel","Prepared+1","PiercingWail","Apotheosis","Blade Dance","Crippling Poison","Bane","Blade Dance+1","Cloak And Dagger","Predator","Dodge and Roll+1","Deep Breath","Enlightenment+1","Discovery","Flying Knee"],"relics":["Snecko Eye","Shuriken","Ginger","Ancient Tea Set","Orichalcum","Pandora\u0027s Box","MutagenicStrength","Strawberry","Snake Skull","Omamori","Bird Faced Urn","Ice Cream","Eternal Feather","The Specimen","Meat on the Bone","Regal Pillow"],"potions_floor_usage":[6,10,10,16,16,24,24,38,40,50],"damage_taken":[{"damage":0,"enemies":"Small Slimes","floor":1,"turns":4},{"damage":4,"enemies":"Cultist","floor":4,"turns":4},{"damage":3,"enemies":"Jaw Worm","floor":7,"turns":4},{"damage":7,"enemies":"3 Louse","floor":8,"turns":3},{"damage":1,"enemies":"Gremlin Nob","floor":10,"turns":3},{"damage":11,"enemies":"Gremlin Gang","floor":11,"turns":5},{"damage":0,"enemies":"Large Slime","floor":12,"turns":3},{"damage":7,"enemies":"Blue Slaver","floor":13,"turns":2},{"damage":17,"enemies":"Slime Boss","floor":16,"turns":7},{"damage":2,"enemies":"3 Byrds","floor":18,"turns":3},{"damage":0,"enemies":"Spheric Guardian","floor":20,"turns":1},{"damage":7,"enemies":"Snecko","floor":22,"turns":3},{"damage":6,"enemies":"Gremlin Leader","floor":24,"turns":5},{"damage":6,"enemies":"3 Cultists","floor":25,"turns":4},{"damage":0,"enemies":"Slavers","floor":27,"turns":3},{"damage":12,"enemies":"Centurion and Healer","floor":31,"turns":4},{"damage":57,"enemies":"Collector","floor":33,"turns":8},{"damage":0,"enemies":"Flame Bruiser 1 Orb","floor":35,"turns":3},{"damage":0,"enemies":"3 Shapes","floor":36,"turns":3},{"damage":11,"enemies":"3 Darklings","floor":38,"turns":4},{"damage":0,"enemies":"Transient","floor":39,"turns":5},{"damage":49,"enemies":"Nemesis","floor":40,"turns":7},{"damage":24,"enemies":"Spire Growth","floor":41,"turns":4},{"damage":4,"enemies":"Giant Head","floor":42,"turns":6},{"damage":0,"enemies":"Sphere and 2 Shapes","floor":45,"turns":4},{"damage":19,"enemies":"Flame Bruiser 2 Orb","floor":48,"turns":5},{"damage":74,"enemies":"Time Eater","floor":50,"turns":9}],"seed_played":"-2653185567008373855","potions_obtained":[{"floor":5,"key":"SneckoOil"},{"floor":5,"key":"Fruit Juice"},{"floor":5,"key":"Poison Potion"},{"floor":7,"key":"PowerPotion"},{"floor":12,"key":"SteroidPotion"},{"floor":13,"key":"Weak Potion"},{"floor":16,"key":"Strength Potion"},{"floor":18,"key":"FairyPotion"},{"floor":22,"key":"Energy Potion"},{"floor":33,"key":"SkillPotion"},{"floor":35,"key":"LiquidBronze"},{"floor":42,"key":"AttackPotion"}],"is_trial":false,"path_per_floor":["M","?","T","M","?","R","M","M","T","E","M","M","M","T","R","B",null,"M","?","M","T","M","R","E","M","T","E","$","$","R","M","R","B",null,"M","M","$","M","M","E","M","E","T","?","M","R","?","M","R","B"],"character_chosen":"THE_SILENT","items_purchased":["Ice Cream","Predator","Footwork","Apotheosis","Blade Dance"],"campfire_rested":3,"item_purchase_floors":[28,29,29,37,37],"current_hp_per_floor":[70,70,70,66,66,71,68,61,61,60,49,49,42,42,64,47,75,73,73,73,80,73,73,67,61,61,61,61,61,61,53,77,28,82,82,82,82,73,79,34,14,14,14,14,32,82,72,59,82,22],"gold":147,"neow_bonus":"BOSS_RELIC","is_prod":false,"is_daily":false,"chose_seed":false,"campfire_upgraded":4,"win_rate":0,"timestamp":1535155017,"path_taken":["M","?","?","M","?","R","M","M","T","E","?","M","M","?","R","BOSS","M","?","M","?","M","R","E","M","T","E","?","$","R","M","R","BOSS","M","M","$","M","M","E","M","E","T","?","M","R","?","M","R","BOSS"],"build_version":"2018-08-23v2","purchased_purges":0,"victory":true,"max_hp_per_floor":[70,70,70,70,70,75,75,75,75,75,75,75,75,75,75,75,75,75,75,75,82,82,82,82,82,82,82,82,82,82,82,82,82,82,82,82,82,82,82,82,82,82,82,82,82,82,82,82,82,82],"card_choices":[{"not_picked":["Flying Knee","Underhanded Strike"],"picked":"Cloak And Dagger","floor":1},{"not_picked":["Underhanded Strike","Masterful Stab"],"picked":"Poisoned Stab","floor":4},{"not_picked":["Masterful Stab","Flying Knee"],"picked":"Predator","floor":7},{"not_picked":["Deflect","Cloak And Dagger"],"picked":"Bouncing Flask","floor":8},{"not_picked":["Terror","Well Laid Plans"],"picked":"Sucker Punch","floor":10},{"not_picked":["Expertise","Setup"],"picked":"Riddle With Holes","floor":11},{"not_picked":["Sucker Punch","Doppelganger"],"picked":"Blade Dance","floor":12},{"not_picked":["Tactician","Backflip"],"picked":"Caltrops","floor":13},{"not_picked":["Envenom","Malaise"],"picked":"Adrenaline","floor":16},{"not_picked":["Backflip","Slice"],"picked":"Bouncing Flask+1","floor":18},{"not_picked":["Backflip","Prepared"],"picked":"Flying Knee","floor":20},{"not_picked":["Caltrops","Escape Plan"],"picked":"Quick Slash","floor":22},{"not_picked":["Quick Slash+1","Choke"],"picked":"Dash+1","floor":24},{"not_picked":["Poisoned Stab+1","Backflip+1"],"picked":"Noxious Fumes+1","floor":25},{"not_picked":["Leg Sweep","Dash"],"picked":"Footwork","floor":27},{"not_picked":["Underhanded Strike","Sucker Punch"],"picked":"Poisoned Stab+1","floor":31},{"not_picked":["Tools of the Trade","Night Terror"],"picked":"Storm of Steel","floor":33},{"not_picked":["Dodge and Roll","Endless Agony+1"],"picked":"Prepared+1","floor":35},{"not_picked":["Cloak And Dagger","Quick Slash+1"],"picked":"PiercingWail","floor":36},{"not_picked":["Choke","Acrobatics+1"],"picked":"Crippling Poison","floor":38},{"not_picked":["Flying Knee+1","Backflip"],"picked":"Bane","floor":39},{"not_picked":["Footwork","Distraction"],"picked":"Blade Dance+1","floor":40},{"not_picked":["Acrobatics+1","Setup+1"],"picked":"Cloak And Dagger","floor":41},{"not_picked":["Skewer+1","Quick Slash"],"picked":"Predator","floor":42},{"not_picked":["Prepared","Underhanded Strike"],"picked":"Dodge and Roll+1","floor":45},{"not_picked":["Swift Strike","Flash of Steel"],"picked":"Deep Breath","floor":47},{"not_picked":["Apotheosis","Purity"],"picked":"Enlightenment","floor":47},{"not_picked":["Finesse","Forethought"],"picked":"Discovery","floor":47},{"not_picked":["Reflex","Dagger Spray"],"picked":"Flying Knee","floor":48}],"player_experience":334604,"relics_obtained":[{"floor":3,"key":"Shuriken"},{"floor":9,"key":"Ginger"},{"floor":10,"key":"Ancient Tea Set"},{"floor":14,"key":"Orichalcum"},{"floor":21,"key":"Strawberry"},{"floor":24,"key":"Snake Skull"},{"floor":26,"key":"Omamori"},{"floor":27,"key":"Bird Faced Urn"},{"floor":40,"key":"The Specimen"},{"floor":42,"key":"Meat on the Bone"},{"floor":43,"key":"Regal Pillow"}],"event_choices":[{"event_name":"Transmorgrifier","player_choice":"Transform","floor":2,"damage_taken":0},{"event_name":"The Woman in Blue","player_choice":"Bought 3 Potions","floor":5,"damage_taken":0},{"event_name":"Drug Dealer","player_choice":"Inject Mutagens","floor":19,"damage_taken":0},{"event_name":"Mysterious Sphere","player_choice":"Ignore","floor":44,"damage_taken":0},{"event_name":"SensoryStone","player_choice":"Memory 3","floor":47,"damage_taken":0}],"is_beta":false,"boss_relics":[{"not_picked":["White Beast Statue","Ectoplasm"],"picked":"Pandora\u0027s Box"},{"not_picked":["Orrery","Philosopher\u0027s Stone"],"picked":"Eternal Feather"}],"items_purged_floors":[],"is_endless":false,"potions_floor_spawned":[7,12,13,16,18,22,33,35,36,42],"ascension_level":1}