{"gold_per_floor":[99,99,99,99,99,99,99,99,99,99,99,66,66,66,66,66,66,66,66,66,66,66,66,66,66,66,66,66,66,66,66,66,66],"floor_reached":33,"playtime":62523,"items_purged":[],"score":427,"play_id":"cbd5ed48-a1ba-431c-ba1b-4ac98204d912","local_time":"20190330114035","is_ascension_mode":true,"campfire_choices":[{"floor":7,"key":"REST"},{"floor":15,"key":"REST"},{"floor":23,"key":"REST"},{"floor":25,"key":"REST"},{"data":"1","floor":27,"key":"LIFT"},{"data":"2","floor":30,"key":"LIFT"},{"floor":32,"key":"REST"}],"neow_cost":"NONE","seed_source_timestamp":1190160032158181,"circlet_count":0,"master_deck":["AscendersBane","Defend_G","Defend_G","Defend_G","Defend_G","Strike_G","Strike_G","Survivor","Neutralize","Dagger Spray","All Out Attack","Well Laid Plans","Envenom","Blade Dance","Dash","Footwork","Bullet Time","Glass Knife","Concentrate+1","Cloak And Dagger+1","Endless Agony+1","Acrobatics","Bouncing Flask","PiercingWail","Footwork","Cloak And Dagger","Adrenaline"],"relics":["Ectoplasm","Letter Opener","Tough Bandages","Orichalcum","WingedGreaves","Snake Skull","Astrolabe","Girya"],"potions_floor_usage":[6,13,16,21,33],"damage_taken":[{"damage":5,"enemies":"2 Louse","floor":1,"turns":4},{"damage":4,"enemies":"Jaw Worm","floor":2,"turns":4},{"damage":4,"enemies":"Small Slimes","floor":4,"turns":3},{"damage":35,"enemies":"Gremlin Nob","floor":6,"turns":6},{"damage":16,"enemies":"Exordium Thugs","floor":8,"turns":4},{"damage":14,"enemies":"3 Sentries","floor":11,"turns":6},{"damage":12,"enemies":"Gremlin Nob","floor":13,"turns":6},{"damage":21,"enemies":"Slime Boss","floor":16,"turns":9},{"damage":0,"enemies":"Chosen","floor":18,"turns":4},{"damage":0,"enemies":"3 Byrds","floor":19,"turns":4},{"damage":37,"enemies":"Snake Plant","floor":20,"turns":6},{"damage":8,"enemies":"Chosen and Byrds","floor":21,"turns":5},{"damage":1,"enemies":"Centurion and Healer","floor":24,"turns":6},{"damage":21,"enemies":"Cultist and Chosen","floor":28,"turns":7},{"damage":14,"enemies":"Snecko","floor":29,"turns":6},{"damage":44,"enemies":"Champ","floor":33,"turns":8}],"seed_played":"-2337077469153608930","potions_obtained":[{"floor":1,"key":"Regen Potion"},{"floor":11,"key":"Weak Potion"},{"floor":13,"key":"SteroidPotion"},{"floor":14,"key":"SmokeBomb"},{"floor":14,"key":"EssenceOfSteel"},{"floor":16,"key":"Fire Potion"}],"is_trial":false,"path_per_floor":["?","T","?","?","M"],"character_chosen":"THE_SILENT","items_purchased":["Footwork"],"campfire_rested":5,"item_purchase_floors":[12],"current_hp_per_floor":[58,54,47,43,43,22,43,27,27,27,13,13,1,1,22,1,53,53,53,16,8,8,29,28,49,49,49,28,14,14,14,35,0],"gold":66,"neow_bonus":"BOSS_RELIC","is_prod":false,"is_daily":false,"chose_seed":false,"campfire_upgraded":0,"win_rate":0,"timestamp":1553960435,"path_taken":["M","M","?","M","?","E","R","M","T","$","E","$","E","?","R","BOSS","M","M","M","M","?","R","M","R","T","R","?","M","R","$","R","BOSS"],"build_version":"2019-01-23","purchased_purges":0,"victory":false,"max_hp_per_floor":[70,70,70,70,70,70,70,70,70,70,70,70,70,70,70,70,70,70,70,70,70,70,70,70,70,70,70,70,70,70,70,70,70],"card_choices":[{"not_picked":["Finisher","Sucker Punch"],"picked":"Dagger Spray","floor":1},{"not_picked":["Prepared","Blur"],"picked":"All Out Attack","floor":2},{"not_picked":["Poisoned Stab","Deadly Poison"],"picked":"Well Laid Plans","floor":4},{"not_picked":["Sucker Punch","Accuracy"],"picked":"Envenom","floor":6},{"not_picked":["Underhanded Strike","Terror"],"picked":"Blade Dance","floor":8},{"not_picked":["Masterful Stab","Backflip"],"picked":"Dash","floor":11},{"not_picked":["Bullet Time","Reflex","Prepared"],"picked":"SKIP","floor":13},{"not_picked":["Reflex","Prepared"],"picked":"Bullet Time","floor":13},{"not_picked":["Tools of the Trade","Phantasmal Killer"],"picked":"Glass Knife","floor":16},{"not_picked":["Prepared","Underhanded Strike"],"picked":"Acrobatics","floor":18},{"not_picked":["Riddle With Holes","Catalyst"],"picked":"Bouncing Flask","floor":19},{"not_picked":["Acrobatics","All Out Attack"],"picked":"PiercingWail","floor":20},{"not_picked":["Expertise","Flechettes"],"picked":"Cloak And Dagger","floor":24},{"not_picked":["PiercingWail","Prepared"],"picked":"Adrenaline","floor":28},{"not_picked":["Underhanded Strike","Sucker Punch","Dagger Spray"],"picked":"SKIP","floor":29}],"player_experience":1218818,"relics_obtained":[{"floor":5,"key":"Letter Opener"},{"floor":6,"key":"Tough Bandages"},{"floor":9,"key":"Orichalcum"},{"floor":11,"key":"WingedGreaves"},{"floor":13,"key":"Snake Skull"},{"floor":26,"key":"Girya"}],"event_choices":[{"cards_removed":["Strike_G"],"damage_healed":0,"gold_gain":0,"player_choice":"Card Removal","damage_taken":7,"max_hp_gain":0,"max_hp_loss":0,"event_name":"Golden Wing","floor":3,"gold_loss":0},{"damage_healed":0,"gold_gain":0,"player_choice":"Got Potions","damage_taken":0,"max_hp_gain":0,"max_hp_loss":0,"event_name":"Lab","floor":14,"gold_loss":0},{"damage_healed":0,"gold_gain":0,"player_choice":"Copied","damage_taken":0,"max_hp_gain":0,"max_hp_loss":0,"event_name":"Duplicator","floor":22,"gold_loss":0,"cards_obtained":["Footwork"]}],"is_beta":false,"boss_relics":[{"not_picked":["Fusion Hammer","Runic Dome"],"picked":"Astrolabe"}],"items_purged_floors":[],"is_endless":false,"potions_floor_spawned":[1,11,13,16,18,21],"killed_by":"Champ","ascension_level":12}