{"gold_per_floor":[113,113,127,147,165,206,171,215,515,515,52,52,71,109,109,232,232,246,246,261,386,400,438,473,513,513,534,572,588,186,206,206,329,329,342,35,54,70,89,89,89,89,112,148,161,161,174,174,174,174],"floor_reached":51,"playtime":5800,"items_purged":["Dualcast","Defend_B","Turbo+1"],"score":794,"play_id":"9cc399a3-4c7d-4bb0-a7c3-55f8c224f080","local_time":"20190201025549","is_ascension_mode":false,"campfire_choices":[{"floor":12,"key":"REST"},{"floor":15,"key":"REST"},{"floor":32,"key":"REST"},{"floor":40,"key":"DIG"},{"floor":42,"key":"DIG"},{"floor":46,"key":"DIG"},{"floor":49,"key":"REST"}],"neow_cost":"NONE","seed_source_timestamp":269026242485098,"circlet_count":0,"master_deck":["Defend_B","Rebound","FTL","Rebound","Self Repair+1","Gash","Rebound","Biased Cognition+1","Gash","Bite","Bite","Bite","Bite","Bite","Sweeping Beam+1","Ball Lightning","Genetic Algorithm","Sweeping Beam+1","Biased Cognition+1","Gash","Loop+1","FTL","Machine Learning+1","Defragment+1","Core Surge+1","FTL","Dramatic Entrance","Buffer+1","Rebound+1","Static Discharge+1","Loop+1","White Noise","Mind Blast","Transmutation"],"relics":["Cracked Core","Golden Idol","Anchor","Frozen Egg 2","Old Coin","FaceOfCleric","Shovel","Odd Mushroom","Fusion Hammer","WingedGreaves","Pear","Bird Faced Urn","Ancient Tea Set","Omamori","Bottled Tornado","The Courier","Mummified Hand","Astrolabe","Dodecahedron","Pocketwatch","Pen Nib","Vajra","Torii"],"potions_floor_usage":[16,25,28,33,33,50,50],"damage_taken":[{"damage":0,"enemies":"Small Slimes","floor":1,"turns":3},{"damage":0,"enemies":"2 Louse","floor":3,"turns":2},{"damage":1,"enemies":"Cultist","floor":4,"turns":3},{"damage":6,"enemies":"3 Louse","floor":5,"turns":3},{"damage":36,"enemies":"Lagavulin","floor":6,"turns":7},{"damage":32,"enemies":"Gremlin Nob","floor":8,"turns":4},{"damage":0,"enemies":"Looter","floor":13,"turns":3},{"damage":16,"enemies":"The Mushroom Lair","floor":14,"turns":4},{"damage":54,"enemies":"The Guardian","floor":16,"turns":9},{"damage":22,"enemies":"3 Byrds","floor":18,"turns":4},{"damage":0,"enemies":"Chosen","floor":20,"turns":3},{"damage":19,"enemies":"Colosseum Slavers","floor":21,"turns":4},{"damage":13,"enemies":"Colosseum Nobs","floor":21,"turns":4},{"damage":10,"enemies":"3 Cultists","floor":22,"turns":4},{"damage":8,"enemies":"Gremlin Leader","floor":23,"turns":6},{"damage":45,"enemies":"Book of Stabbing","floor":24,"turns":5},{"damage":38,"enemies":"Slavers","floor":25,"turns":4},{"damage":25,"enemies":"Sentry and Sphere","floor":27,"turns":4},{"damage":33,"enemies":"Book of Stabbing","floor":28,"turns":5},{"damage":12,"enemies":"Shelled Parasite and Fungi","floor":29,"turns":4},{"damage":21,"enemies":"Snake Plant","floor":31,"turns":3},{"damage":74,"enemies":"Champ","floor":33,"turns":8},{"damage":5,"enemies":"Orb Walker","floor":35,"turns":3},{"damage":22,"enemies":"3 Darklings","floor":37,"turns":4},{"damage":3,"enemies":"Transient","floor":38,"turns":5},{"damage":19,"enemies":"4 Shapes","floor":39,"turns":5},{"damage":58,"enemies":"Nemesis","floor":44,"turns":5},{"damage":16,"enemies":"3 Darklings","floor":45,"turns":4},{"damage":32,"enemies":"Spire Growth","floor":47,"turns":4},{"damage":67,"enemies":"Donu and Deca","floor":50,"turns":6}],"seed_played":"6976623045817240904","potions_obtained":[{"floor":1,"key":"Strength Potion"},{"floor":5,"key":"GamblersBrew"},{"floor":6,"key":"SpeedPotion"},{"floor":8,"key":"FocusPotion"},{"floor":16,"key":"Weak Potion"},{"floor":23,"key":"SkillPotion"},{"floor":27,"key":"Weak Potion"},{"floor":29,"key":"SpeedPotion"},{"floor":33,"key":"FearPotion"},{"floor":38,"key":"AttackPotion"},{"floor":45,"key":"EssenceOfSteel"}],"is_trial":false,"path_per_floor":["?","?","?","M","?","?","?","?","?"],"character_chosen":"DEFECT","items_purchased":["Self Repair+1","Shovel","Loop+1","Mummified Hand","FTL","FTL","Dramatic Entrance","Buffer+1"],"campfire_rested":4,"item_purchase_floors":[11,11,30,30,30,36,36,36],"current_hp_per_floor":[82,62,62,61,55,19,39,7,7,7,7,31,42,37,62,19,85,64,60,61,69,74,71,47,30,30,30,28,45,45,33,57,16,82,83,83,74,85,86,86,82,82,82,45,62,62,61,56,81,45],"gold":174,"neow_bonus":"TEN_PERCENT_HP_BONUS","is_prod":false,"is_daily":false,"chose_seed":false,"campfire_upgraded":0,"win_rate":0.0,"timestamp":1549007749,"path_taken":["M","?","M","M","M","E","?","E","T","?","$","R","?","?","R","BOSS","M","?","M","?","M","E","E","E","T","M","E","M","$","M","R","BOSS","M","$","M","M","M","R","?","R","T","E","M","R","M","?","R","BOSS"],"build_version":"2019-01-23","purchased_purges":3,"victory":true,"max_hp_per_floor":[82,82,82,82,82,82,82,82,82,82,82,82,83,84,84,85,85,86,60,61,73,74,75,76,77,77,78,79,80,80,81,81,82,82,83,83,84,85,86,86,82,82,82,83,84,84,85,85,85,86],"card_choices":[{"not_picked":["Sunder","Steam"],"picked":"Rebound","floor":1},{"not_picked":["Lockon","Coolheaded","Melter"],"picked":"SKIP","floor":3},{"not_picked":["Lockon","Barrage"],"picked":"FTL","floor":4},{"not_picked":["Barrage","Loop","Reprogram"],"picked":"SKIP","floor":5},{"not_picked":["Capacitor","BootSequence"],"picked":"Rebound","floor":6},{"not_picked":["Reinforced Body","Auto Shields","Hologram"],"picked":"SKIP","floor":8},{"not_picked":["Blizzard","Lockon"],"picked":"Gash","floor":13},{"not_picked":["Glacier","Cold Snap"],"picked":"Rebound","floor":14},{"not_picked":["Echo Form+1","Creative AI+1"],"picked":"Biased Cognition+1","floor":16},{"not_picked":["Reprogram","Capacitor+1"],"picked":"Gash","floor":18},{"not_picked":["Double Energy","Hologram"],"picked":"Sweeping Beam+1","floor":20},{"not_picked":["Conserve Battery+1","Stack"],"picked":"Ball Lightning","floor":21},{"not_picked":["Turbo","Skim"],"picked":"Genetic Algorithm","floor":22},{"not_picked":["Reprogram","Melter","Barrage"],"picked":"SKIP","floor":23},{"not_picked":["Compile Driver","Conserve Battery"],"picked":"Sweeping Beam+1","floor":24},{"not_picked":["Steam Power","Leap"],"picked":"Biased Cognition+1","floor":25},{"not_picked":["Leap+1","Streamline"],"picked":"Gash","floor":27},{"not_picked":["Fusion","Darkness","Sweeping Beam"],"picked":"SKIP","floor":28},{"not_picked":["Go for the Eyes","Turbo","Auto Shields+1"],"picked":"SKIP","floor":29},{"not_picked":["Rebound","Hologram","Compile Driver"],"picked":"SKIP","floor":31},{"not_picked":["Echo Form+1","Multi-Cast"],"picked":"Machine Learning+1","floor":33},{"not_picked":["Heatsinks+1","Coolheaded","Cold Snap+1"],"picked":"SKIP","floor":35},{"not_picked":["Sweeping Beam","Sunder","Streamline+1"],"picked":"SKIP","floor":37},{"not_picked":["Hologram","Auto Shields"],"picked":"Rebound+1","floor":38},{"not_picked":["Redo","Compile Driver"],"picked":"Static Discharge+1","floor":39},{"not_picked":["Steam+1","Consume","Recycle"],"picked":"SKIP","floor":44},{"not_picked":["BootSequence","Compile Driver+1"],"picked":"Loop+1","floor":45},{"not_picked":["Conserve Battery+1","Sweeping Beam+1"],"picked":"White Noise","floor":47},{"not_picked":["Dramatic Entrance","Master of Strategy"],"picked":"Mind Blast","floor":48},{"not_picked":["Finesse","Jack Of All Trades"],"picked":"Transmutation","floor":48}],"player_experience":116596,"relics_obtained":[{"floor":6,"key":"Anchor"},{"floor":8,"key":"Frozen Egg 2"},{"floor":9,"key":"Old Coin"},{"floor":14,"key":"Odd Mushroom"},{"floor":21,"key":"WingedGreaves"},{"floor":21,"key":"Pear"},{"floor":23,"key":"Bird Faced Urn"},{"floor":24,"key":"Ancient Tea Set"},{"floor":25,"key":"Omamori"},{"floor":26,"key":"Bottled Tornado"},{"floor":28,"key":"The Courier"},{"floor":40,"key":"Dodecahedron"},{"floor":42,"key":"Pocketwatch"},{"floor":43,"key":"Pen Nib"},{"floor":44,"key":"Vajra"},{"floor":46,"key":"Torii"}],"event_choices":[{"damage_healed":0,"gold_gain":0,"player_choice":"Take Damage","damage_taken":20,"relics_obtained":["Golden Idol"],"max_hp_gain":0,"max_hp_loss":0,"event_name":"Golden Idol","floor":2,"gold_loss":0},{"damage_healed":20,"gold_gain":0,"player_choice":"Healed","damage_taken":0,"max_hp_gain":0,"max_hp_loss":0,"event_name":"The Cleric","floor":7,"gold_loss":35},{"damage_healed":0,"gold_gain":0,"player_choice":"Trade","damage_taken":0,"relics_obtained":["FaceOfCleric"],"max_hp_gain":0,"max_hp_loss":0,"event_name":"FaceTrader","floor":10,"gold_loss":0},{"damage_healed":0,"gold_gain":0,"player_choice":"Fought Mushrooms","damage_taken":0,"max_hp_gain":0,"max_hp_loss":0,"event_name":"Mushrooms","floor":14,"gold_loss":0},{"damage_healed":0,"gold_gain":0,"player_choice":"Became a vampire","damage_taken":0,"max_hp_gain":0,"max_hp_loss":26,"event_name":"Vampires","floor":19,"gold_loss":0,"cards_obtained":["Bite","Bite","Bite","Bite","Bite"]},{"damage_healed":0,"gold_gain":0,"player_choice":"Fight","damage_taken":0,"max_hp_gain":0,"max_hp_loss":0,"event_name":"Colosseum","floor":21,"gold_loss":0},{"damage_healed":0,"gold_gain":0,"player_choice":"Fought Nobs","damage_taken":0,"max_hp_gain":0,"max_hp_loss":0,"event_name":"Colosseum","floor":21,"gold_loss":0},{"damage_healed":0,"gold_gain":0,"player_choice":"Max HP","damage_taken":0,"max_hp_gain":0,"max_hp_loss":4,"event_name":"Winding Halls","floor":41,"gold_loss":0},{"damage_healed":0,"gold_gain":0,"player_choice":"Memory 2","damage_taken":5,"max_hp_gain":0,"max_hp_loss":0,"event_name":"SensoryStone","floor":48,"gold_loss":0}],"is_beta":false,"boss_relics":[{"not_picked":["Busted Crown","Orrery"],"picked":"Fusion Hammer"},{"not_picked":["Empty Cage","Eternal Feather"],"picked":"Astrolabe"}],"items_purged_floors":[11,30,36],"is_endless":false,"potions_floor_spawned":[1,5,6,8,16,21,22,23,24,27,29,33,38,39,45],"ascension_level":0}