{"gold_per_floor":[111,186,186,361,361,361,380,380,380,414,414,414,414,217,217,319,319,336,336,336,347,347,347,375,375,375,41,74,74,84,109,109,212,262,275,302,402,43,57,85,105,32,59,59,59,0,15,29,29,29],"floor_reached":50,"playtime":1422,"items_purged":["Decay"],"score":674,"play_id":"dda08e0e-cf18-4160-baeb-d9a8d951687c","local_time":"20181111164103","is_ascension_mode":true,"campfire_choices":[{"data":"Zap","floor":6.0,"key":"SMITH"},{"floor":8.0,"key":"REST"},{"data":"Hologram","floor":11.0,"key":"SMITH"},{"floor":13,"key":"REST"},{"data":"Dualcast","floor":15,"key":"SMITH"},{"data":"Conserve Battery","floor":23,"key":"SMITH"},{"floor":25,"key":"REST"},{"floor":32,"key":"REST"},{"floor":49,"key":"REST"}],"neow_cost":"NONE","seed_source_timestamp":287443336489627,"circlet_count":0,"master_deck":["Strike_B","Strike_B","Defend_B","Defend_B","Defend_B","Zap+1","Dualcast+1","Stack+1","Defragment+1","Storm+1","Hologram+1","Sweeping Beam+1","Storm+1","Magnetism+1","Conserve Battery+1","Electrodynamics+1","Conserve Battery","Echo Form+1","Conserve Battery+1","Defragment+1","Storm+1","Writhe"],"special_seed":0,"relics":["Frozen Egg 2","Darkstone Periapt","Pantograph","Busted Crown","Anchor","Cables","Bottled Lightning","Meat on the Bone","Bag of Marbles","Nloth\u0027s Gift","Pear","Tiny House","Vajra","Thread and Needle","DollysMirror","Pen Nib","Smiling Mask","Red Mask"],"potions_floor_usage":[50,50],"damage_taken":[{"damage":18.0,"enemies":"Small Slimes","floor":1.0,"turns":3.0},{"damage":12.0,"enemies":"Jaw Worm","floor":7.0,"turns":3.0},{"damage":57.0,"enemies":"Gremlin Nob","floor":10.0,"turns":6.0},{"damage":15,"enemies":"The Guardian","floor":16,"turns":9},{"damage":12,"enemies":"Shell Parasite","floor":18,"turns":4},{"damage":7,"enemies":"2 Thieves","floor":21,"turns":2},{"damage":24,"enemies":"Gremlin Leader","floor":24,"turns":6},{"damage":19,"enemies":"Slavers","floor":28,"turns":3},{"damage":18,"enemies":"Centurion and Healer","floor":30,"turns":3},{"damage":24,"enemies":"Gremlin Leader","floor":31,"turns":4},{"damage":41,"enemies":"Champ","floor":33,"turns":7},{"damage":19,"enemies":"3 Shapes","floor":35,"turns":3},{"damage":39,"enemies":"Mind Bloom Boss Battle","floor":37,"turns":4},{"damage":0,"enemies":"Orb Walker","floor":39,"turns":2},{"damage":7,"enemies":"Nemesis","floor":40,"turns":3},{"damage":15,"enemies":"3 Darklings","floor":41,"turns":3},{"damage":8,"enemies":"Sphere and 2 Shapes","floor":47,"turns":4},{"damage":10,"enemies":"Jaw Worm Horde","floor":48,"turns":2},{"damage":110,"enemies":"Awakened One","floor":50,"turns":5}],"seed_played":"8599055564970519447","potions_obtained":[{"floor":7.0,"key":"EssenceOfSteel"},{"floor":18,"key":"Strength Potion"},{"floor":24,"key":"FearPotion"},{"floor":33,"key":"Strength Potion"},{"floor":34,"key":"SneckoOil"},{"floor":41,"key":"SkillPotion"},{"floor":47,"key":"FocusPotion"},{"floor":48,"key":"FocusPotion"}],"is_trial":false,"path_per_floor":["M","?","?","?","?","R","M","R","T","E","R","?","R","$","R","B",null,"M","?","?","M","?","R","E","R","T","$","E","?","M","E","R","B",null,"M","T","?","$","M","E","M","$","T","?","?","?","M","M","R","B"],"character_chosen":"DEFECT","items_purchased":["Magnetism+1","Conserve Battery","Echo Form+1","Meat on the Bone","Defragment+1","DollysMirror","Lockon"],"campfire_rested":5,"item_purchase_floors":[14,14,27,27,38,38,42],"current_hp_per_floor":[57,46,34,34,59,59,47,69,69,12,12,5,27,27,27,37,75,63,63,63,56,62,62,38,62,62,62,43,43,37,35,62,46,96,77,77,57,57,57,50,47,47,47,47,77,77,69,59,89,0],"gold":29,"neow_bonus":"BOSS_RELIC","is_prod":false,"is_daily":false,"chose_seed":false,"campfire_upgraded":4,"win_rate":0,"timestamp":1541972463,"path_taken":["M","?","?","?","?","R","?","R","T","E","R","?","R","?","R","BOSS","M","?","?","?","?","R","E","R","T","$","E","?","M","E","R","BOSS","M","?","?","$","M","E","M","$","T","?","?","?","?","M","R","BOSS"],"build_version":"2018-11-08","purchased_purges":1,"victory":false,"max_hp_per_floor":[75,75,75,75,75,75,75,75,75,75,75,75,75,75,75,75,75,75,75,75,75,81,81,81,81,81,81,81,81,81,91,91,91,96,96,96,96,96,96,96,96,96,96,96,102,102,102,102,102,102],"card_choices":[{"not_picked":["Go for the Eyes","Tempest"],"picked":"Hologram","floor":1.0},{"not_picked":["BootSequence","Go for the Eyes"],"picked":"Sweeping Beam","floor":7.0},{"not_picked":["Machine Learning+1","Fusion"],"picked":"Storm+1","floor":10.0},{"not_picked":["Thunder Strike","Meteor Strike"],"picked":"Electrodynamics+1","floor":16},{"not_picked":[],"picked":"Conserve Battery","floor":18},{"not_picked":["FTL"],"picked":"SKIP","floor":21},{"not_picked":["Static Discharge+1"],"picked":"SKIP","floor":24},{"not_picked":["Reprogram+1"],"picked":"SKIP","floor":28},{"not_picked":["Scrape"],"picked":"SKIP","floor":30},{"not_picked":["Consume"],"picked":"SKIP","floor":31},{"not_picked":["Compile Driver"],"picked":"SKIP","floor":35},{"not_picked":[],"picked":"Conserve Battery+1","floor":37},{"not_picked":["Steam"],"picked":"SKIP","floor":39},{"not_picked":["Streamline+1"],"picked":"SKIP","floor":40},{"not_picked":["Doom and Gloom+1"],"picked":"SKIP","floor":41},{"not_picked":["Chill+1"],"picked":"SKIP","floor":47},{"not_picked":["Self Repair+1"],"picked":"SKIP","floor":48}],"player_experience":445627,"relics_obtained":[{"floor":9.0,"key":"Darkstone Periapt"},{"floor":10.0,"key":"Pantograph"},{"floor":24,"key":"Cables"},{"floor":26,"key":"Bottled Lightning"},{"floor":28,"key":"Bag of Marbles"},{"floor":31,"key":"Pear"},{"floor":36,"key":"Vajra"},{"floor":37,"key":"Thread and Needle"},{"floor":40,"key":"Pen Nib"},{"floor":43,"key":"Smiling Mask"}],"event_choices":[{"damage_healed":0.0,"max_hp_gain":0.0,"max_hp_loss":0.0,"gold_gain":75.0,"event_name":"World of Goop","player_choice":"Gather Gold","floor":2.0,"gold_loss":0.0,"damage_taken":11.0},{"damage_healed":0.0,"max_hp_gain":0.0,"max_hp_loss":0.0,"gold_gain":0.0,"event_name":"Scrap Ooze","player_choice":"Success","floor":3.0,"gold_loss":0.0,"damage_taken":12.0,"relics_obtained":["Frozen Egg 2"]},{"damage_healed":0.0,"max_hp_gain":0.0,"max_hp_loss":0.0,"gold_gain":175.0,"event_name":"Liars Game","player_choice":"AGREE","floor":4.0,"gold_loss":0.0,"damage_taken":0.0,"cards_obtained":["Doubt"]},{"damage_healed":25.0,"max_hp_gain":0.0,"max_hp_loss":0.0,"gold_gain":0.0,"event_name":"Big Fish","player_choice":"Banana","floor":5.0,"gold_loss":0.0,"damage_taken":0.0},{"cards_removed":["Doubt"],"damage_healed":0,"gold_gain":0,"player_choice":"Card Removal","damage_taken":7,"max_hp_gain":0,"max_hp_loss":0,"event_name":"Golden Wing","floor":12,"gold_loss":0},{"damage_healed":0,"gold_gain":0,"player_choice":"Ignored","damage_taken":0,"max_hp_gain":0,"max_hp_loss":0,"event_name":"Ghosts","floor":19,"gold_loss":0},{"damage_healed":0,"gold_gain":0,"player_choice":"Gave Potion","damage_taken":0,"relics_obtained":["Anchor"],"max_hp_gain":0,"max_hp_loss":0,"event_name":"WeMeetAgain","floor":20,"gold_loss":0},{"damage_healed":0,"gold_gain":0,"player_choice":"Smashed Altar","damage_taken":0,"max_hp_gain":0,"max_hp_loss":0,"event_name":"Forgotten Altar","floor":22,"gold_loss":0,"cards_obtained":["Decay"]},{"damage_healed":0,"gold_gain":0,"player_choice":"Traded Relic","damage_taken":0,"relics_obtained":["Nloth\u0027s Gift"],"max_hp_gain":0,"max_hp_loss":0,"event_name":"N\u0027loth","floor":29,"relics_lost":["Astrolabe"],"gold_loss":0},{"damage_healed":0,"gold_gain":0,"player_choice":"Fight","damage_taken":0,"max_hp_gain":0,"max_hp_loss":0,"event_name":"MindBloom","floor":37,"gold_loss":0},{"cards_removed":["Lockon"],"damage_healed":0,"gold_gain":0,"player_choice":"Removed Attack","damage_taken":0,"max_hp_gain":0,"max_hp_loss":0,"event_name":"Falling","floor":44,"gold_loss":0},{"damage_healed":24,"gold_gain":0,"player_choice":"Writhe","damage_taken":0,"max_hp_gain":0,"max_hp_loss":0,"event_name":"Winding Halls","floor":45,"gold_loss":0,"cards_obtained":["Writhe"]},{"damage_healed":0,"gold_gain":0,"player_choice":"Paid","damage_taken":0,"relics_obtained":["Red Mask"],"max_hp_gain":0,"max_hp_loss":0,"event_name":"Tomb of Lord Red Mask","floor":46,"gold_loss":59}],"is_beta":true,"boss_relics":[{"not_picked":["Black Star","Inserter"],"picked":"Busted Crown"},{"not_picked":["Snecko Eye","White Beast Statue"],"picked":"Tiny House"}],"items_purged_floors":[38],"is_endless":false,"potions_floor_spawned":[7,18,24,33,41,47,48],"killed_by":"Awakened One","ascension_level":4}