{"gold_per_floor":[113,113,133,147,147,147,168,201,201,201,227,6,6,35,35,35],"floor_reached":16,"playtime":787,"items_purged":["Strike_G"],"score":197,"play_id":"83a2d059-d93b-47f7-8f2c-25b25c487957","local_time":"20190404133919","is_ascension_mode":true,"campfire_choices":[{"data":"Footwork","floor":6,"key":"SMITH"},{"floor":10,"key":"REST"},{"floor":15,"key":"REST"}],"neow_cost":"NONE","seed_source_timestamp":1692685380815377,"circlet_count":0,"master_deck":["AscendersBane","Defend_G","Defend_G","Defend_G","Defend_G","Defend_G","Strike_G","Strike_G","Strike_G","Strike_G","Survivor","Neutralize","All Out Attack","Footwork+1","Noxious Fumes+1","Deflect","Corpse Explosion","Crippling Poison","Caltrops"],"relics":["Ring of the Snake","Blue Candle","Odd Mushroom","Happy Flower","Centennial Puzzle","Singing Bowl","Matryoshka"],"potions_floor_usage":[0,4,11,14,14],"damage_taken":[{"damage":0,"enemies":"2 Louse","floor":1,"turns":3},{"damage":0,"enemies":"Small Slimes","floor":3,"turns":3},{"damage":8,"enemies":"Jaw Worm","floor":4,"turns":7},{"damage":20,"enemies":"The Mushroom Lair","floor":7,"turns":5},{"damage":13,"enemies":"Lagavulin","floor":8,"turns":7},{"damage":31,"enemies":"Gremlin Nob","floor":11,"turns":6},{"damage":10,"enemies":"Lagavulin","floor":14,"turns":8},{"damage":52,"enemies":"Slime Boss","floor":16,"turns":8}],"seed_played":"676979647215600095","potions_obtained":[{"floor":0,"key":"Fruit Juice"},{"floor":0,"key":"Weak Potion"},{"floor":0,"key":"FearPotion"},{"floor":1,"key":"AttackPotion"},{"floor":8,"key":"Regen Potion"},{"floor":11,"key":"AttackPotion"}],"is_trial":false,"path_per_floor":["?","?","?","$"],"character_chosen":"THE_SILENT","items_purchased":["Crippling Poison","Caltrops"],"campfire_rested":2,"item_purchase_floors":[12,12],"current_hp_per_floor":[64,61,61,53,53,53,33,20,20,41,12,12,12,19,41,0],"gold":35,"neow_bonus":"THREE_SMALL_POTIONS","is_prod":false,"is_daily":false,"chose_seed":false,"campfire_upgraded":1,"win_rate":0,"timestamp":1554399559,"path_taken":["M","?","M","M","?","R","?","E","T","R","E","?","$","E","R","BOSS"],"build_version":"2019-01-23","purchased_purges":1,"victory":false,"max_hp_per_floor":[71,71,71,71,71,71,71,71,71,71,73,73,73,75,75,75],"card_choices":[{"not_picked":["Bane","Outmaneuver"],"picked":"All Out Attack","floor":1},{"not_picked":["Accuracy","Bouncing Flask"],"picked":"Footwork","floor":3},{"not_picked":["Quick Slash","Blur"],"picked":"Noxious Fumes","floor":4},{"not_picked":["Underhanded Strike","Accuracy"],"picked":"Deflect","floor":7},{"not_picked":["Outmaneuver","Cloak And Dagger"],"picked":"Corpse Explosion","floor":8},{"not_picked":["Corpse Explosion","Blade Dance","Underhanded Strike"],"picked":"Singing Bowl","floor":11},{"not_picked":["PiercingWail","Flechettes","Slice"],"picked":"Singing Bowl","floor":14}],"player_experience":1477583,"relics_obtained":[{"floor":7,"key":"Odd Mushroom"},{"floor":8,"key":"Happy Flower"},{"floor":9,"key":"Centennial Puzzle"},{"floor":11,"key":"Singing Bowl"},{"floor":14,"key":"Matryoshka"}],"event_choices":[{"damage_healed":0,"gold_gain":0,"player_choice":"Success","damage_taken":3,"relics_obtained":["Blue Candle"],"max_hp_gain":0,"max_hp_loss":0,"event_name":"Scrap Ooze","floor":2,"gold_loss":0},{"damage_healed":0,"gold_gain":0,"player_choice":"Grow","damage_taken":0,"max_hp_gain":0,"max_hp_loss":0,"event_name":"Living Wall","floor":5,"gold_loss":0,"cards_upgraded":["Noxious Fumes"]},{"damage_healed":0,"gold_gain":0,"player_choice":"Fought Mushrooms","damage_taken":0,"max_hp_gain":0,"max_hp_loss":0,"event_name":"Mushrooms","floor":7,"gold_loss":0}],"is_beta":false,"boss_relics":[],"items_purged_floors":[12],"is_endless":false,"potions_floor_spawned":[1,8,11],"killed_by":"Slime Boss","ascension_level":14}