{"gold_per_floor":[369,381,381,396,114,114,165,165,165,165,42,85,47,71,71,192,192,208,222,237,237,41,79,79,119,119,143,163,213,233,246,246,246],"floor_reached":33,"playtime":1346,"items_purged":[],"score":401,"play_id":"e4207494-7b48-42fd-807e-c0e6ea759f92","local_time":"20181013215900","is_ascension_mode":true,"campfire_choices":[{"data":"Transmutation","floor":6.0,"key":"SMITH"},{"floor":8.0,"key":"REST"},{"floor":10.0,"key":"REST"},{"floor":15.0,"key":"REST"},{"data":"Jack Of All Trades","floor":24,"key":"SMITH"},{"floor":32,"key":"REST"}],"neow_cost":"PERCENT_DAMAGE","seed_source_timestamp":0,"circlet_count":0,"master_deck":["Defend_G","Defend_G","Defend_G","Defend_G","Defend_G","Strike_G","Strike_G","Strike_G","Strike_G","Strike_G","Survivor","Neutralize","Crippling Poison","Bouncing Flask","Acrobatics","Transmutation+1","Jack Of All Trades+1","Noxious Fumes","Bouncing Flask","Glass Knife+1","Catalyst","Adrenaline","Acrobatics+1","Backflip","BootSequence","Panacea","Turbo","Skim","Bouncing Flask","Blur+1"],"special_seed":0,"relics":["Ring of the Snake","Golden Idol","Smiling Mask","Molten Egg 2","Snake Skull","Runic Dome","MutagenicStrength","PrismaticShard","Bronze Scales","Omamori","Pantograph"],"potions_floor_usage":[23,23,33,33,33],"damage_taken":[{"damage":0.0,"enemies":"2 Louse","floor":1.0,"turns":4.0},{"damage":2.0,"enemies":"Small Slimes","floor":2.0,"turns":3.0},{"damage":2.0,"enemies":"Cultist","floor":4.0,"turns":4.0},{"damage":38.0,"enemies":"3 Sentries","floor":7.0,"turns":9.0},{"damage":20.0,"enemies":"Lagavulin","floor":12.0,"turns":5.0},{"damage":3.0,"enemies":"Looter","floor":14.0,"turns":2.0},{"damage":10.0,"enemies":"The Guardian","floor":16.0,"turns":6.0},{"damage":7.0,"enemies":"Chosen","floor":18.0,"turns":3.0},{"damage":0.0,"enemies":"3 Byrds","floor":19.0,"turns":3.0},{"damage":2.0,"enemies":"Snecko","floor":20.0,"turns":3.0},{"damage":7,"enemies":"Book of Stabbing","floor":23,"turns":4},{"damage":27,"enemies":"Slavers","floor":25,"turns":4},{"damage":0,"enemies":"3 Cultists","floor":27,"turns":4},{"damage":0,"enemies":"Chosen and Byrds","floor":28,"turns":3},{"damage":8,"enemies":"Snake Plant","floor":30,"turns":2},{"damage":0,"enemies":"Snecko","floor":31,"turns":3},{"damage":72,"enemies":"Automaton","floor":33,"turns":8}],"seed_played":"9169027529976304433","potions_obtained":[{"floor":4.0,"key":"Weak Potion"},{"floor":14.0,"key":"Ancient Potion"},{"floor":16.0,"key":"PowerPotion"},{"floor":23,"key":"Ancient Potion"},{"floor":27,"key":"Regen Potion"},{"floor":28,"key":"LiquidBronze"},{"floor":30,"key":"Block Potion"}],"is_trial":false,"path_per_floor":["M","M","?","M","$","R","E","R","T","R","$","E","?","M","R","B",null,"M","M","M","?","$","E","R","E","T","M","M","?","M","M","R"],"character_chosen":"THE_SILENT","items_purchased":["Transmutation","Jack Of All Trades","Bouncing Flask","SkillPotion","PrismaticShard"],"campfire_rested":4,"item_purchase_floors":[5,5,11,11,22],"current_hp_per_floor":[45,43,43,41,41,41,3,22,22,41,41,21,21,18,37,27,56,49,49,47,47,47,40,40,13,13,13,13,13,5,5,24,0],"gold":246,"neow_bonus":"TWO_FIFTY_GOLD","is_prod":false,"is_daily":false,"chose_seed":false,"campfire_upgraded":2,"win_rate":0,"timestamp":1539482340,"path_taken":["M","M","?","?","$","R","E","R","T","R","$","E","?","M","R","BOSS","M","M","M","?","$","E","R","E","T","M","?","?","M","M","R","BOSS"],"build_version":"2018-10-11","purchased_purges":0,"victory":false,"max_hp_per_floor":[70,70,65,65,65,65,65,65,65,65,65,65,65,65,65,65,65,65,65,65,65,65,65,65,65,65,65,65,65,65,65,65,65],"card_choices":[{"not_picked":["Blade Dance","Backflip"],"picked":"Crippling Poison","floor":1.0},{"not_picked":["Outmaneuver","Dodge and Roll"],"picked":"Bouncing Flask","floor":2.0},{"not_picked":["PiercingWail","Dagger Throw"],"picked":"Acrobatics","floor":4.0},{"not_picked":["Blade Dance","Riddle With Holes"],"picked":"Noxious Fumes","floor":7.0},{"not_picked":["Outmaneuver","Dagger Throw+1"],"picked":"Glass Knife+1","floor":12.0},{"not_picked":["Tactician","Slice+1"],"picked":"Catalyst","floor":14.0},{"not_picked":["Doppelganger","Unload+1"],"picked":"Adrenaline","floor":16.0},{"not_picked":["Poisoned Stab+1","Quick Slash+1"],"picked":"Acrobatics+1","floor":18.0},{"not_picked":["Endless Agony+1","Slice+1","Poisoned Stab+1"],"picked":"SKIP","floor":19.0},{"not_picked":["Quick Slash+1","Burst"],"picked":"Backflip","floor":20.0},{"not_picked":["Headbutt+1","Demon Form"],"picked":"BootSequence","floor":23},{"not_picked":["Lockon+1","Compile Driver+1"],"picked":"Panacea","floor":25},{"not_picked":["Go for the Eyes+1","Thunderclap+1"],"picked":"Turbo","floor":27},{"not_picked":["Clash+1","Fusion"],"picked":"Skim","floor":28},{"not_picked":["Second Wind","Infinite Blades"],"picked":"Bouncing Flask","floor":30},{"not_picked":["Flex","Slice+1"],"picked":"Blur+1","floor":31}],"player_experience":329796,"relics_obtained":[{"floor":7.0,"key":"Smiling Mask"},{"floor":9.0,"key":"Molten Egg 2"},{"floor":12.0,"key":"Snake Skull"},{"floor":23,"key":"Bronze Scales"},{"floor":25,"key":"Omamori"},{"floor":26,"key":"Pantograph"}],"event_choices":[{"event_name":"Golden Idol","player_choice":"Lose Max HP","floor":3.0,"damage_taken":0.0},{"event_name":"World of Goop","player_choice":"Left","floor":13.0,"damage_taken":0.0},{"event_name":"Drug Dealer","player_choice":"Inject Mutagens","floor":21.0,"damage_taken":0.0},{"event_name":"The Joust","player_choice":"Bet on Murderer","floor":29,"damage_taken":0}],"is_beta":true,"boss_relics":[{"not_picked":["Philosopher\u0027s Stone","Fusion Hammer"],"picked":"Runic Dome"}],"items_purged_floors":[],"is_endless":false,"potions_floor_spawned":[4,14,16,20,23,27,28,30],"killed_by":"Automaton","ascension_level":7}