{"gold_per_floor":[114,133,144,35,55,55,68,80,80,97,97,113,136,154,154,259,259,279,298,315,144,158,158,185,185,185,218,93,93,93,104,104,202,202,222,322,172,190,15,15,30,30,55,86,86,86,118,118,118,118],"floor_reached":51,"playtime":15207,"items_purged":["Strike_G","Strike_G","Strike_G","Defend_G","Defend_G+1"],"score":801,"play_id":"a0acff8b-509e-4076-a8f1-fa7213155f91","local_time":"20190409220051","is_ascension_mode":true,"campfire_choices":[{"data":"Footwork","floor":6.0,"key":"SMITH"},{"data":"Bouncing Flask","floor":11.0,"key":"SMITH"},{"floor":15.0,"key":"REST"},{"floor":23.0,"key":"REST"},{"data":"Catalyst","floor":25.0,"key":"SMITH"},{"floor":32.0,"key":"REST"},{"data":"Adrenaline","floor":40,"key":"SMITH"},{"data":"Adrenaline","floor":42,"key":"SMITH"},{"data":"Footwork","floor":45,"key":"SMITH"},{"data":"Tools of the Trade","floor":49,"key":"SMITH"}],"neow_cost":"NONE","seed_source_timestamp":394240358739703,"circlet_count":0,"master_deck":["Defend_G","Defend_G","Defend_G","Survivor","Neutralize+1","Tactician","Prepared","Dodge and Roll","Catalyst+1","Footwork+1","Dodge and Roll","Bouncing Flask+1","Poisoned Stab","Adrenaline+1","Die Die Die","Footwork+1","Masterful Stab","Crippling Poison+1","Terror+1","Escape Plan","Adrenaline+1","Noxious Fumes+1","Deadly Poison+1","Catalyst+1","Tools of the Trade+1"],"special_seed":0,"relics":["Ring of the Snake","Anchor","Bag of Preparation","Velvet Choker","Molten Egg 2","Bottled Lightning","War Paint","Empty Cage","Pen Nib","Toxic Egg 2","Peace Pipe"],"potions_floor_usage":[44,50],"damage_taken":[{"damage":4.0,"enemies":"Cultist","floor":1.0,"turns":4.0},{"damage":0.0,"enemies":"2 Louse","floor":2.0,"turns":3.0},{"damage":0.0,"enemies":"Jaw Worm","floor":3.0,"turns":4.0},{"damage":1.0,"enemies":"Red Slaver","floor":5.0,"turns":7.0},{"damage":10.0,"enemies":"Lots of Slimes","floor":7.0,"turns":9.0},{"damage":1.0,"enemies":"Exordium Wildlife","floor":8.0,"turns":8.0},{"damage":3.0,"enemies":"Blue Slaver","floor":10.0,"turns":4.0},{"damage":3.0,"enemies":"Large Slime","floor":12.0,"turns":7.0},{"damage":0.0,"enemies":"3 Louse","floor":14.0,"turns":5.0},{"damage":18.0,"enemies":"Slime Boss","floor":16.0,"turns":13.0},{"damage":20.0,"enemies":"Chosen","floor":18.0,"turns":5.0},{"damage":2.0,"enemies":"2 Thieves","floor":19.0,"turns":5.0},{"damage":9.0,"enemies":"3 Cultists","floor":20.0,"turns":6.0},{"damage":6.0,"enemies":"Snake Plant","floor":22.0,"turns":4.0},{"damage":0.0,"enemies":"Gremlin Leader","floor":24.0,"turns":5.0},{"damage":3.0,"enemies":"Book of Stabbing","floor":27.0,"turns":4.0},{"damage":0.0,"enemies":"Centurion and Healer","floor":31.0,"turns":4.0},{"damage":22.0,"enemies":"Collector","floor":33.0,"turns":4.0},{"damage":5,"enemies":"3 Darklings","floor":35,"turns":4},{"damage":10,"enemies":"3 Shapes","floor":38,"turns":4},{"damage":1,"enemies":"Transient","floor":41,"turns":5},{"damage":2,"enemies":"Nemesis","floor":44,"turns":5},{"damage":3,"enemies":"Giant Head","floor":47,"turns":4},{"damage":26,"enemies":"Time Eater","floor":50,"turns":5}],"seed_played":"-4951409923024919998","potions_obtained":[{"floor":3.0,"key":"FearPotion"},{"floor":5.0,"key":"Energy Potion"},{"floor":7.0,"key":"Weak Potion"},{"floor":19.0,"key":"AttackPotion"},{"floor":22.0,"key":"Fruit Juice"},{"floor":24.0,"key":"SpeedPotion"},{"floor":30.0,"key":"Fruit Juice"},{"floor":35,"key":"PowerPotion"},{"floor":41,"key":"Regen Potion"},{"floor":44,"key":"Fruit Juice"}],"is_trial":false,"path_per_floor":["M","M","M","$","M","R","M","M","T","M","R","M","T","M","R","B",null,"M","M","M","$","M","R","E","R","T","E","$","?","?","M","R","B",null,"M","?","$","M","$","R","M","R","T","E","R","?","E","$","R","B",null],"character_chosen":"THE_SILENT","items_purchased":["Catalyst","Crippling Poison"],"campfire_rested":3,"item_purchase_floors":[4,21],"current_hp_per_floor":[66,66,66,66,65,65,55,54,54,51,51,48,48,48,69,51,70,50,48,39,39,33,54,59,59,59,56,56,56,56,56,75,58,80,75,75,75,65,65,65,64,64,64,67,67,67,64,64,64,52],"gold":118,"neow_bonus":"UPGRADE_CARD","is_prod":false,"is_daily":false,"chose_seed":false,"campfire_upgraded":7,"win_rate":0,"timestamp":1554865251,"path_taken":["M","?","M","$","M","R","M","M","T","M","R","?","?","M","R","BOSS","M","?","M","$","M","R","E","R","T","E","?","?","?","?","R","BOSS","M","?","$","M","$","R","?","R","T","E","R","?","E","$","R","BOSS"],"build_version":"2019-01-23","purchased_purges":5,"victory":true,"max_hp_per_floor":[70,70,70,70,70,70,70,70,70,70,70,70,70,70,70,70,70,70,70,70,70,70,70,75,75,75,75,75,75,75,75,75,80,80,80,80,80,80,80,80,80,80,80,85,85,85,85,85,85,85],"card_choices":[{"not_picked":["Deflect","Outmaneuver"],"picked":"Tactician","floor":1.0},{"not_picked":["Expertise","PiercingWail"],"picked":"Prepared","floor":2.0},{"not_picked":["PiercingWail","Poisoned Stab"],"picked":"Dodge and Roll","floor":3.0},{"not_picked":["Cloak And Dagger","PiercingWail"],"picked":"Footwork","floor":5.0},{"not_picked":["Caltrops","Acrobatics"],"picked":"Dodge and Roll","floor":7.0},{"not_picked":["Dodge and Roll","Endless Agony"],"picked":"Bouncing Flask","floor":8.0},{"not_picked":["Tactician","Finisher","Skewer"],"picked":"SKIP","floor":10.0},{"not_picked":["Prepared","Choke"],"picked":"Poisoned Stab","floor":12.0},{"not_picked":["Backflip","Outmaneuver"],"picked":"Adrenaline","floor":14.0},{"not_picked":["Bullet Time","Envenom"],"picked":"Die Die Die","floor":16.0},{"not_picked":["Distraction","Bouncing Flask"],"picked":"Footwork","floor":18.0},{"not_picked":["Slice","Footwork","Dagger Spray"],"picked":"SKIP","floor":19.0},{"not_picked":["Backflip+1","Choke"],"picked":"Masterful Stab","floor":20.0},{"not_picked":["Dagger Throw+1","Accuracy+1"],"picked":"Terror+1","floor":22.0},{"not_picked":["Cloak And Dagger","Expertise","PiercingWail"],"picked":"SKIP","floor":24.0},{"not_picked":["Choke+1","Accuracy","Storm of Steel"],"picked":"SKIP","floor":27.0},{"not_picked":["Caltrops","Skewer+1"],"picked":"Escape Plan","floor":31.0},{"not_picked":["Night Terror","Wraith Form v2"],"picked":"Adrenaline","floor":33.0},{"not_picked":["Dodge and Roll","Prepared"],"picked":"Noxious Fumes+1","floor":35},{"not_picked":["Eviscerate+1","Flying Knee+1","Reflex+1"],"picked":"SKIP","floor":38},{"not_picked":["Crippling Poison","Bouncing Flask"],"picked":"Deadly Poison+1","floor":41},{"not_picked":["Noxious Fumes+1","Escape Plan"],"picked":"Catalyst","floor":44},{"not_picked":["Caltrops+1","Acrobatics+1"],"picked":"Tools of the Trade","floor":47}],"player_experience":216990,"relics_obtained":[{"floor":9.0,"key":"Anchor"},{"floor":13.0,"key":"Bag of Preparation"},{"floor":24.0,"key":"Molten Egg 2"},{"floor":26.0,"key":"Bottled Lightning"},{"floor":27.0,"key":"War Paint"},{"floor":43,"key":"Pen Nib"},{"floor":44,"key":"Toxic Egg 2"},{"floor":47,"key":"Peace Pipe"}],"event_choices":[{"damage_healed":0.0,"max_hp_gain":0.0,"max_hp_loss":0.0,"gold_gain":0.0,"event_name":"Ghosts","player_choice":"Ignored","floor":29.0,"gold_loss":0.0,"damage_taken":0.0},{"damage_healed":0.0,"max_hp_gain":0.0,"max_hp_loss":0.0,"gold_gain":0.0,"event_name":"Lab","player_choice":"Got Potions","floor":30.0,"gold_loss":0.0,"damage_taken":0.0},{"damage_healed":0,"gold_gain":100,"player_choice":"Pray","damage_taken":0,"max_hp_gain":0,"max_hp_loss":0,"event_name":"Golden Shrine","floor":36,"gold_loss":0},{"damage_healed":0,"gold_gain":0,"player_choice":"Bought 0 Potions","damage_taken":0,"max_hp_gain":0,"max_hp_loss":0,"event_name":"The Woman in Blue","floor":46,"gold_loss":0}],"is_beta":false,"boss_relics":[{"not_picked":["Calling Bell","Fusion Hammer"],"picked":"Velvet Choker"},{"not_picked":["Cursed Key","Philosopher\u0027s Stone"],"picked":"Empty Cage"}],"items_purged_floors":[4,21,28,37,39],"is_endless":false,"potions_floor_spawned":[3,5,7,19,22,24,27,35,41,44],"ascension_level":1}