{"gold_per_floor":[115,115,115,40,115,115,155,168,195,195,233,233,269,288,288,387,387,401,416,440,455,493,493,72,112,112,148,163,233,233],"floor_reached":30,"playtime":1682,"items_purged":["Regret"],"score":659,"play_id":"03f357ba-de4b-4a2c-893b-26f82d2bafb7","local_time":"20190407192213","is_ascension_mode":true,"campfire_choices":[{"data":"Neutralize","floor":6,"key":"SMITH"},{"data":"Infinite Blades","floor":10,"key":"SMITH"},{"data":"A Thousand Cuts","floor":15,"key":"SMITH"},{"floor":23,"key":"REST"}],"neow_cost":"NONE","seed_source_timestamp":1971562914228391,"circlet_count":0,"master_deck":["AscendersBane","Defend_G","Defend_G","Defend_G","Defend_G","Defend_G","Strike_G","Strike_G","Strike_G","Strike_G","Survivor","Neutralize+1","Sucker Punch","Infinite Blades+1","A Thousand Cuts+1","Malaise","PiercingWail","Burst","Calculated Gamble","Escape Plan","Endless Agony","Backflip","Endless Agony","Calculated Gamble","Blade Dance","Infinite Blades"],"relics":["Ring of the Snake","NeowsBlessing","Golden Idol","Dead Branch","Pocketwatch","Bronze Scales","Strawberry","Darkstone Periapt","WristBlade","Red Mask","Letter Opener","Art of War","Ornamental Fan","Toxic Egg 2","Tiny Chest"],"potions_floor_usage":[16,30,30],"damage_taken":[{"damage":0,"enemies":"Small Slimes","floor":1,"turns":1},{"damage":0,"enemies":"Gremlin Nob","floor":7,"turns":1},{"damage":0,"enemies":"2 Louse","floor":8,"turns":1},{"damage":12,"enemies":"3 Sentries","floor":11,"turns":6},{"damage":24,"enemies":"Gremlin Nob","floor":13,"turns":4},{"damage":0,"enemies":"Cultist","floor":14,"turns":3},{"damage":1,"enemies":"Hexaghost","floor":16,"turns":8},{"damage":15,"enemies":"2 Thieves","floor":18,"turns":5},{"damage":0,"enemies":"3 Byrds","floor":19,"turns":3},{"damage":4,"enemies":"Snecko","floor":20,"turns":5},{"damage":0,"enemies":"3 Cultists","floor":21,"turns":3},{"damage":22,"enemies":"Masked Bandits","floor":22,"turns":3},{"damage":18,"enemies":"Gremlin Leader","floor":25,"turns":6},{"damage":0,"enemies":"Book of Stabbing","floor":27,"turns":6},{"damage":0,"enemies":"Centurion and Healer","floor":28,"turns":3},{"damage":11,"enemies":"Slavers","floor":29,"turns":4},{"damage":7,"enemies":"Shelled Parasite and Fungi","floor":30,"turns":3}],"seed_played":"-9218876241683072763","potions_obtained":[{"floor":7,"key":"SteroidPotion"},{"floor":11,"key":"PowerPotion"},{"floor":19,"key":"SpeedPotion"},{"floor":25,"key":"Weak Potion"}],"is_trial":false,"path_per_floor":["?","?","?","?","M","?"],"character_chosen":"THE_SILENT","items_purchased":["Endless Agony","Calculated Gamble","Letter Opener"],"campfire_rested":1,"item_purchase_floors":[24,24,24],"current_hp_per_floor":[59,59,59,59,48,48,48,48,48,48,43,43,19,19,19,18,55,40,40,36,36,14,34,34,16,16,16,16,5,0],"gold":233,"neow_bonus":"THREE_ENEMY_KILL","is_prod":false,"is_daily":false,"chose_seed":false,"campfire_upgraded":3,"win_rate":0,"timestamp":1554679333,"path_taken":["M","?","?","$","?","R","E","M","T","R","E","?","E","?","R","BOSS","M","M","M","M","?","R","$","E","T","E","M","E","M"],"build_version":"2019-01-23","purchased_purges":1,"victory":false,"max_hp_per_floor":[66,60,60,60,60,60,60,60,60,60,67,67,67,67,67,67,67,67,67,67,67,67,67,67,67,67,67,67,67,67],"card_choices":[{"not_picked":["Acrobatics","Prepared","Eviscerate"],"picked":"SKIP","floor":1},{"not_picked":["Prepared","Poisoned Stab"],"picked":"Sucker Punch","floor":7},{"not_picked":["Flying Knee","Dagger Spray"],"picked":"Infinite Blades","floor":8},{"not_picked":["Glass Knife","Deadly Poison"],"picked":"A Thousand Cuts","floor":11},{"not_picked":["Blur","Acrobatics"],"picked":"Malaise","floor":13},{"not_picked":["Underhanded Strike","Blur"],"picked":"PiercingWail","floor":14},{"not_picked":["Grand Finale","Phantasmal Killer"],"picked":"Burst","floor":16},{"not_picked":["Underhanded Strike","Masterful Stab","Bane"],"picked":"SKIP","floor":18},{"not_picked":["Poisoned Stab","Footwork"],"picked":"Calculated Gamble","floor":19},{"not_picked":["Outmaneuver","Quick Slash"],"picked":"Escape Plan","floor":20},{"not_picked":["Slice","Expertise"],"picked":"Endless Agony","floor":21},{"not_picked":["Bouncing Flask","Deadly Poison"],"picked":"Backflip","floor":22},{"not_picked":["Tactician","Setup"],"picked":"Blade Dance","floor":25},{"not_picked":["Bouncing Flask","Unload","Setup"],"picked":"SKIP","floor":27},{"not_picked":["Bane","Underhanded Strike","All Out Attack"],"picked":"SKIP","floor":28},{"not_picked":["Sucker Punch","Poisoned Stab"],"picked":"Infinite Blades","floor":29}],"player_experience":1599637,"relics_obtained":[{"floor":7,"key":"Pocketwatch"},{"floor":9,"key":"Bronze Scales"},{"floor":11,"key":"Strawberry"},{"floor":13,"key":"Darkstone Periapt"},{"floor":22,"key":"Red Mask"},{"floor":25,"key":"Art of War"},{"floor":26,"key":"Ornamental Fan"},{"floor":27,"key":"Toxic Egg 2"},{"floor":29,"key":"Tiny Chest"}],"event_choices":[{"damage_healed":0,"gold_gain":0,"player_choice":"Lose Max HP","damage_taken":0,"relics_obtained":["Golden Idol"],"max_hp_gain":0,"max_hp_loss":6,"event_name":"Golden Idol","floor":2,"gold_loss":0},{"damage_healed":0,"gold_gain":0,"player_choice":"Box","damage_taken":0,"relics_obtained":["Dead Branch"],"max_hp_gain":0,"max_hp_loss":0,"event_name":"Big Fish","floor":3,"gold_loss":0,"cards_obtained":["Regret"]},{"damage_healed":0,"gold_gain":75,"player_choice":"Gather Gold","damage_taken":11,"max_hp_gain":0,"max_hp_loss":0,"event_name":"World of Goop","floor":5,"gold_loss":0},{"cards_removed":["Strike_G"],"damage_healed":0,"gold_gain":0,"player_choice":"Purged","damage_taken":0,"max_hp_gain":0,"max_hp_loss":0,"event_name":"Purifier","floor":12,"gold_loss":0},{"damage_healed":0,"gold_gain":0,"player_choice":"Fought Bandits","damage_taken":0,"max_hp_gain":0,"max_hp_loss":0,"event_name":"Masked Bandits","floor":22,"gold_loss":0}],"is_beta":false,"boss_relics":[{"not_picked":["Runic Pyramid","Empty Cage"],"picked":"WristBlade"}],"items_purged_floors":[4],"is_endless":false,"potions_floor_spawned":[7,11,13,19,25,27,28],"killed_by":"Shelled Parasite and Fungi","ascension_level":17}