{"gold_per_floor":[115,133,63,63,77,106,116,135,135,135,165,2,20,32,32,127,127,139,139,151,100,116,116,132,132,132,132,145,157,192,192,192,192],"floor_reached":33,"playtime":3264,"items_purged":[],"score":281,"play_id":"f3a6d014-c3dd-4ff8-98fe-95399a2f8a20","local_time":"20190102065801","is_ascension_mode":false,"campfire_choices":[{"data":"Seeing Red","floor":10,"key":"SMITH"},{"floor":15,"key":"REST"},{"floor":23,"key":"REST"},{"floor":25,"key":"REST"},{"floor":27,"key":"REST"},{"floor":32,"key":"REST"}],"neow_cost":"NONE","seed_source_timestamp":414114131247495,"circlet_count":0,"master_deck":["Strike_R","Strike_R","Strike_R","Strike_R","Defend_R","Defend_R","Defend_R","Bash","Rampage","Iron Wave","Seeing Red+1","Iron Wave","Flame Barrier","Whirlwind","Armaments","Dual Wield","Juggernaut","Apotheosis","Iron Wave+1","Headbutt+1","Barricade","Twin Strike+1","Shrug It Off","Clothesline+1","Perfected Strike+1","Metallicize","Sever Soul+1"],"relics":["Burning Blood","Bronze Scales","Letter Opener","Molten Egg 2","Busted Crown","Blood Vial","Matryoshka"],"potions_floor_usage":[6,11,16,30,30],"damage_taken":[{"damage":18,"enemies":"Cultist","floor":1,"turns":5},{"damage":0,"enemies":"2 Louse","floor":2,"turns":3},{"damage":5,"enemies":"Small Slimes","floor":5,"turns":4},{"damage":17,"enemies":"3 Sentries","floor":6,"turns":9},{"damage":8,"enemies":"2 Fungi Beasts","floor":7,"turns":4},{"damage":6,"enemies":"Red Slaver","floor":8,"turns":3},{"damage":13,"enemies":"Gremlin Nob","floor":11,"turns":4},{"damage":7,"enemies":"Exordium Wildlife","floor":13,"turns":4},{"damage":2,"enemies":"Blue Slaver","floor":14,"turns":3},{"damage":62,"enemies":"Hexaghost","floor":16,"turns":10},{"damage":31,"enemies":"2 Thieves","floor":18,"turns":5},{"damage":9,"enemies":"Shell Parasite","floor":20,"turns":5},{"damage":44,"enemies":"Cultist and Chosen","floor":22,"turns":6},{"damage":25,"enemies":"Snake Plant","floor":24,"turns":4},{"damage":51,"enemies":"3 Cultists","floor":28,"turns":6},{"damage":9,"enemies":"Centurion and Healer","floor":29,"turns":7},{"damage":38,"enemies":"Gremlin Leader","floor":30,"turns":5},{"damage":51,"enemies":"Automaton","floor":33,"turns":6}],"seed_played":"-7816489314356354004","potions_obtained":[{"floor":5,"key":"PowerPotion"},{"floor":7,"key":"Poison Potion"},{"floor":8,"key":"PowerPotion"},{"floor":14,"key":"Regen Potion"},{"floor":22,"key":"Strength Potion"},{"floor":29,"key":"BloodPotion"}],"is_trial":false,"path_per_floor":["M","M","$","?","M","E","M","M","T","R","E","$","M","M","R","B",null,"M","$","M","$","M","R","M","R","T","R","M","M","E","?","R","B"],"character_chosen":"IRONCLAD","items_purchased":["Seeing Red","Apotheosis","Shrug It Off"],"campfire_rested":5,"item_purchase_floors":[3,12,21],"current_hp_per_floor":[76,82,82,82,83,72,70,70,70,70,63,63,62,66,88,42,88,63,63,60,60,22,48,29,55,55,81,38,37,15,15,41,0],"gold":192,"neow_bonus":"TEN_PERCENT_HP_BONUS","is_prod":false,"is_daily":false,"chose_seed":false,"campfire_upgraded":1,"win_rate":0.0,"timestamp":1546433881,"path_taken":["M","?","?","?","?","E","M","M","T","R","E","$","M","M","R","BOSS","M","$","M","$","M","R","M","R","T","R","M","?","E","?","R","BOSS"],"build_version":"2018-12-20","purchased_purges":0,"victory":false,"max_hp_per_floor":[88,88,88,88,88,88,88,88,88,88,88,88,88,88,88,88,88,88,88,88,88,88,88,88,88,88,88,88,88,88,88,88,88],"card_choices":[{"not_picked":["Cleave","Second Wind"],"picked":"Rampage","floor":1},{"not_picked":["Shrug It Off","Blood for Blood"],"picked":"Iron Wave","floor":2},{"not_picked":["Flex","Burning Pact"],"picked":"Flame Barrier","floor":5},{"not_picked":["Infernal Blade","Cleave"],"picked":"Whirlwind","floor":6},{"not_picked":["Sever Soul","Iron Wave"],"picked":"Armaments","floor":7},{"not_picked":["Warcry","Reckless Charge"],"picked":"Dual Wield","floor":8},{"not_picked":["True Grit","Flame Barrier"],"picked":"Juggernaut","floor":11},{"not_picked":["Armaments","True Grit"],"picked":"Iron Wave+1","floor":13},{"not_picked":["Thunderclap+1","Twin Strike+1"],"picked":"Headbutt+1","floor":14},{"not_picked":["Limit Break","Reaper+1"],"picked":"Barricade","floor":16},{"not_picked":[],"picked":"Twin Strike+1","floor":18},{"not_picked":["Iron Wave+1"],"picked":"SKIP","floor":20},{"not_picked":[],"picked":"Clothesline+1","floor":22},{"not_picked":[],"picked":"Perfected Strike+1","floor":24},{"not_picked":[],"picked":"Metallicize","floor":28},{"not_picked":["Fire Breathing"],"picked":"SKIP","floor":29},{"not_picked":["Clash+1"],"picked":"SKIP","floor":30}],"player_experience":4351,"relics_obtained":[{"floor":6,"key":"Bronze Scales"},{"floor":9,"key":"Letter Opener"},{"floor":11,"key":"Molten Egg 2"},{"floor":26,"key":"Blood Vial"},{"floor":30,"key":"Matryoshka"}],"event_choices":[{"cards_removed":["Defend_R"],"damage_healed":0,"gold_gain":0,"player_choice":"Took Card","damage_taken":0,"max_hp_gain":0,"max_hp_loss":0,"event_name":"NoteForYourself","floor":4,"gold_loss":0,"cards_obtained":["Iron Wave"]},{"damage_healed":0,"gold_gain":0,"cards_transformed":["Strike_R"],"player_choice":"Transformed","damage_taken":0,"max_hp_gain":0,"max_hp_loss":0,"event_name":"Transmorgrifier","floor":31,"gold_loss":0,"cards_obtained":["Sever Soul"]}],"is_beta":false,"boss_relics":[{"not_picked":["Cursed Key","Ectoplasm"],"picked":"Busted Crown"}],"items_purged_floors":[],"is_endless":false,"potions_floor_spawned":[5,7,8,14,22,29],"killed_by":"Automaton","ascension_level":0}