{"gold_per_floor":[114,129,129,144,159,189,189,38,113,113,113,128,143,158,158,258,258,243,243,258,273,288,288,288],"floor_reached":24,"playtime":1640,"items_purged":[],"score":202,"play_id":"4cd2a2c6-3577-43ac-8830-ea50f142b206","local_time":"20180807225003","daily_mods":["Allstar","Uncertain Future","Night Terrors"],"is_ascension_mode":false,"campfire_choices":[{"floor":7,"key":"REST"},{"data":"Magnetism","floor":10,"key":"SMITH"},{"data":"Storm","floor":15,"key":"SMITH"},{"data":"Genetic Algorithm","floor":23,"key":"SMITH"}],"neow_cost":"","seed_source_timestamp":0,"circlet_count":0,"master_deck":["Strike_B","Strike_B","Defend_B","Defend_B","Defend_B","Zap","Dualcast","Secret Weapon","Jack Of All Trades","Magnetism+1","Sweeping Beam","Steam","Stack","Beam Cell","Stack","Conserve Battery","Cold Snap","Storm+1","Go for the Eyes","Coolheaded","Leap","Reboot","Skim+1","FTL+1","Trip+1","Streamline","Doom and Gloom","Genetic Algorithm+1","Melter+1","Streamline+1"],"special_seed":17751,"relics":["Cracked Core","Sundial","Bottled Flame","Astrolabe"],"potions_floor_usage":[5,6,21,22,22],"damage_taken":[{"damage":0,"enemies":"Small Slimes","floor":1,"turns":3},{"damage":11,"enemies":"Jaw Worm","floor":2,"turns":4},{"damage":0,"enemies":"Cultist","floor":4,"turns":4},{"damage":4,"enemies":"Gremlin Gang","floor":5,"turns":3},{"damage":37,"enemies":"Gremlin Nob","floor":6,"turns":6},{"damage":0,"enemies":"3 Louse","floor":12,"turns":4},{"damage":11,"enemies":"Lots of Slimes","floor":13,"turns":3},{"damage":5,"enemies":"Red Slaver","floor":14,"turns":3},{"damage":26,"enemies":"The Guardian","floor":16,"turns":15},{"damage":9,"enemies":"2 Thieves","floor":18,"turns":4},{"damage":0,"enemies":"Shell Parasite","floor":20,"turns":5},{"damage":4,"enemies":"Snake Plant","floor":21,"turns":5},{"damage":47,"enemies":"Slaver and Parasite","floor":22,"turns":7},{"damage":45,"enemies":"Book of Stabbing","floor":24,"turns":5}],"seed_played":"-1865023326789257994","potions_obtained":[{"floor":2,"key":"LiquidBronze"},{"floor":4,"key":"EssenceOfSteel"},{"floor":13,"key":"SpeedPotion"},{"floor":16,"key":"Regen Potion"},{"floor":18,"key":"Regen Potion"},{"floor":20,"key":"Weak Potion"}],"is_trial":false,"path_per_floor":["M","M","?","M","M","E","R","$","T","R","?","M","M","M","R","B",null,"M","?","M","M","M","R"],"character_chosen":"DEFECT","items_purchased":["Conserve Battery","Cold Snap","Storm"],"campfire_rested":1,"item_purchase_floors":[8,8,8],"current_hp_per_floor":[75,64,64,64,60,23,70,70,70,70,70,70,59,54,54,28,70,61,61,61,57,40,40,0],"gold":288,"neow_bonus":"","is_prod":false,"is_daily":true,"chose_seed":false,"campfire_upgraded":3,"win_rate":0,"timestamp":1533703803,"path_taken":["M","M","?","?","M","E","R","$","T","R","?","M","M","M","R","BOSS","M","?","M","?","M","R","E"],"build_version":"2018-08-02","purchased_purges":0,"victory":false,"max_hp_per_floor":[75,75,75,75,75,75,70,70,70,70,70,70,70,70,70,70,70,70,70,70,70,70,70,70],"card_choices":[{"not_picked":["Hello World","Leap"],"picked":"Sweeping Beam","floor":1},{"not_picked":["Chaos","Compile Driver"],"picked":"Steam","floor":2},{"not_picked":["Ball Lightning","Gash"],"picked":"Beam Cell","floor":4},{"not_picked":["Barrage","Meteor Strike","Tempest"],"picked":"SKIP","floor":5},{"not_picked":["All For One","Turbo"],"picked":"Stack","floor":6},{"not_picked":["Rebound","Streamline"],"picked":"Go for the Eyes","floor":12},{"not_picked":["Compile Driver","Hologram"],"picked":"Coolheaded","floor":13},{"not_picked":["Steam","Chaos"],"picked":"Leap","floor":14},{"not_picked":["Meteor Strike","Thunder Strike"],"picked":"Reboot","floor":16},{"not_picked":["White Noise","Redo"],"picked":"Streamline","floor":18},{"not_picked":["Steam Power+1","Compile Driver"],"picked":"Genetic Algorithm","floor":20},{"not_picked":["Compile Driver","Streamline+1"],"picked":"Melter+1","floor":21},{"not_picked":["Coolheaded","Conserve Battery"],"picked":"Streamline+1","floor":22}],"player_experience":215457,"relics_obtained":[{"floor":6,"key":"Sundial"},{"floor":9,"key":"Bottled Flame"}],"event_choices":[{"event_name":"Living Wall","player_choice":"Change","floor":3,"damage_taken":0},{"event_name":"Bonfire Elementals","player_choice":"UNCOMMON","floor":11,"damage_taken":0},{"event_name":"The Library","player_choice":"Read","floor":19,"damage_taken":0}],"is_beta":false,"boss_relics":[{"not_picked":["Snecko Eye","Calling Bell"],"picked":"Astrolabe"}],"items_purged_floors":[],"is_endless":false,"potions_floor_spawned":[2,4,13,16,18,20],"killed_by":"Book of Stabbing","ascension_level":0}