{"gold_per_floor":[14,30,45,65,65,100,118,118,145,161,161,202,216,216,216,340,340,354,375,395,305,326,361,60,80,150,150,189,213,238,273,273,273],"floor_reached":33,"playtime":8515,"items_purged":["Defend_R"],"score":348,"play_id":"4d95373d-bf99-4927-91da-0d586fc972d6","local_time":"20190313175810","is_ascension_mode":false,"campfire_choices":[{"data":"Pommel Strike","floor":8,"key":"SMITH"},{"data":"Cleave","floor":11,"key":"SMITH"},{"data":"Iron Wave","floor":15,"key":"SMITH"},{"data":"Twin Strike","floor":27,"key":"SMITH"},{"data":"Shrug It Off","floor":32,"key":"SMITH"}],"neow_cost":"NO_GOLD","seed_source_timestamp":13382279295164,"circlet_count":0,"master_deck":["Strike_R+1","Strike_R","Strike_R","Strike_R","Defend_R","Defend_R","Twin Strike+1","Clash","Iron Wave+1","Pommel Strike+1","Headbutt","Cleave+1","Shrug It Off+1","Carnage+1","True Grit+1","Clothesline+1","Warcry+1"],"relics":["Black Blood","Golden Idol","Bag of Preparation","Art of War","Bronze Scales","Red Skull","MawBank","Singing Bowl","Gremlin Horn","Pen Nib","Darkstone Periapt"],"potions_floor_usage":[6,6,20,28,28,28,33],"damage_taken":[{"damage":1,"enemies":"Jaw Worm","floor":1,"turns":4},{"damage":0,"enemies":"2 Louse","floor":2,"turns":3},{"damage":3,"enemies":"Small Slimes","floor":3,"turns":3},{"damage":2,"enemies":"Blue Slaver","floor":4,"turns":3},{"damage":8,"enemies":"3 Sentries","floor":6,"turns":6},{"damage":11,"enemies":"Exordium Wildlife","floor":7,"turns":3},{"damage":0,"enemies":"3 Louse","floor":10,"turns":3},{"damage":9,"enemies":"Gremlin Nob","floor":12,"turns":3},{"damage":0,"enemies":"Exordium Thugs","floor":13,"turns":3},{"damage":50,"enemies":"The Guardian","floor":16,"turns":9},{"damage":9,"enemies":"Shell Parasite","floor":18,"turns":5},{"damage":2,"enemies":"Chosen","floor":19,"turns":4},{"damage":25,"enemies":"Snecko","floor":20,"turns":4},{"damage":13,"enemies":"Snake Plant","floor":22,"turns":3},{"damage":43,"enemies":"Book of Stabbing","floor":23,"turns":5},{"damage":12,"enemies":"Shelled Parasite and Fungi","floor":25,"turns":5},{"damage":1,"enemies":"Slavers","floor":28,"turns":3},{"damage":14,"enemies":"Sentry and Sphere","floor":29,"turns":4},{"damage":10,"enemies":"Chosen and Byrds","floor":30,"turns":4},{"damage":0,"enemies":"Gremlin Leader","floor":31,"turns":5},{"damage":63,"enemies":"Automaton","floor":33,"turns":8}],"seed_played":"-8891691286706414320","potions_obtained":[{"floor":1,"key":"Swift Potion"},{"floor":2,"key":"Explosive Potion"},{"floor":3,"key":"Energy Potion"},{"floor":12,"key":"Regen Potion"},{"floor":18,"key":"EssenceOfSteel"},{"floor":23,"key":"Energy Potion"},{"floor":31,"key":"SkillPotion"}],"is_trial":false,"path_per_floor":["?","?","?"],"character_chosen":"IRONCLAD","items_purchased":["Singing Bowl"],"campfire_rested":0,"item_purchase_floors":[24],"current_hp_per_floor":[80,80,80,80,60,58,53,53,53,59,59,56,62,55,55,11,80,80,80,65,65,62,29,29,29,29,29,49,47,47,57,57,0],"gold":273,"neow_bonus":"REMOVE_TWO","is_prod":false,"is_daily":false,"chose_seed":false,"campfire_upgraded":5,"win_rate":0,"timestamp":1552514290,"path_taken":["M","M","M","M","?","E","M","R","T","M","R","E","M","?","R","BOSS","M","M","M","?","M","E","$","M","T","R","E","M","M","E","R","BOSS"],"build_version":"2019-01-23","purchased_purges":1,"victory":false,"max_hp_per_floor":[80,80,80,80,80,80,80,80,80,80,80,80,80,80,80,80,80,80,80,80,80,80,80,80,82,82,82,84,86,86,86,86,86],"card_choices":[{"not_picked":["Spot Weakness","Metallicize"],"picked":"Twin Strike","floor":1},{"not_picked":["Heavy Blade","Armaments"],"picked":"Clash","floor":2},{"not_picked":["Shrug It Off","Metallicize"],"picked":"Iron Wave","floor":3},{"not_picked":["Wild Strike","True Grit","Flame Barrier"],"picked":"SKIP","floor":4},{"not_picked":["Corruption","Fire Breathing"],"picked":"Pommel Strike","floor":6},{"not_picked":["True Grit","Rupture"],"picked":"Headbutt","floor":7},{"not_picked":["Wild Strike","Infernal Blade"],"picked":"Cleave","floor":10},{"not_picked":["Whirlwind","Intimidate"],"picked":"Shrug It Off","floor":12},{"not_picked":["Second Wind","Metallicize","Body Slam"],"picked":"SKIP","floor":13},{"not_picked":["Flame Barrier","Perfected Strike"],"picked":"Carnage+1","floor":18},{"not_picked":["Heavy Blade+1","Entrench"],"picked":"True Grit+1","floor":19},{"not_picked":["Thunderclap","Cleave","Iron Wave"],"picked":"SKIP","floor":20},{"not_picked":["Thunderclap","Cleave","Iron Wave"],"picked":"SKIP","floor":20},{"not_picked":["Hemokinesis","Reckless Charge","True Grit+1"],"picked":"SKIP","floor":22},{"not_picked":["Inflame","Evolve","Ghostly Armor+1"],"picked":"SKIP","floor":23},{"not_picked":["Clash","Shrug It Off","Second Wind"],"picked":"Singing Bowl","floor":25},{"not_picked":["Combust","Berserk","Entrench"],"picked":"Singing Bowl","floor":28},{"not_picked":["Rampage","Warcry+1","Thunderclap"],"picked":"Singing Bowl","floor":29},{"not_picked":["Warcry","Headbutt"],"picked":"Clothesline+1","floor":30},{"not_picked":["Sever Soul","Havoc+1"],"picked":"Warcry+1","floor":31}],"player_experience":552371,"relics_obtained":[{"floor":6,"key":"Bag of Preparation"},{"floor":9,"key":"Art of War"},{"floor":12,"key":"Bronze Scales"},{"floor":23,"key":"MawBank"},{"floor":26,"key":"Gremlin Horn"},{"floor":28,"key":"Pen Nib"},{"floor":31,"key":"Darkstone Periapt"}],"event_choices":[{"damage_healed":0,"gold_gain":0,"player_choice":"Take Damage","damage_taken":20,"relics_obtained":["Golden Idol"],"max_hp_gain":0,"max_hp_loss":0,"event_name":"Golden Idol","floor":5,"gold_loss":0},{"damage_healed":0,"gold_gain":0,"player_choice":"Success","damage_taken":7,"relics_obtained":["Red Skull"],"max_hp_gain":0,"max_hp_loss":0,"event_name":"Scrap Ooze","floor":14,"gold_loss":0},{"cards_removed":["Strike_R"],"damage_healed":0,"gold_gain":0,"player_choice":"Upgrade and Remove","damage_taken":0,"max_hp_gain":0,"max_hp_loss":0,"event_name":"Designer","floor":21,"gold_loss":90,"cards_upgraded":["Strike_R"]}],"is_beta":false,"boss_relics":[{"not_picked":["Runic Dome","Runic Pyramid"],"picked":"Black Blood"}],"items_purged_floors":[24],"is_endless":false,"potions_floor_spawned":[1,2,3,12,18,23,25,31],"killed_by":"Automaton","ascension_level":0}