{"gold_per_floor":[115,65,82,94,105,137,11,24,24,199,199,231,231,260,260,363,363,379,54,54,70,82,82],"floor_reached":23,"playtime":1013,"items_purged":[],"score":232,"play_id":"d0c6dd60-ba08-4c38-9d39-e4ac47ccca6c","local_time":"20180827153218","is_ascension_mode":true,"campfire_choices":[{"floor":11,"key":"REST"},{"floor":13,"key":"REST"},{"floor":15,"key":"REST"}],"neow_cost":"NONE","seed_source_timestamp":914724484172832,"circlet_count":0,"master_deck":["Zap","Dualcast","All For One","Beam Cell","Genetic Algorithm","Steam","Gash","Darkness","Defragment","Redo","Doubt","Coolheaded","Conserve Battery","Echo Form","Rebound","White Noise","Barrage","Hologram","Lockon","Ball Lightning","Turbo","Coolheaded","Ball Lightning","RitualDagger","BootSequence","Steam+1"],"relics":["Cracked Core","DataDisk","Smiling Mask","Bottled Flame","Ornamental Fan","Pandora\u0027s Box","Bottled Tornado"],"potions_floor_usage":[12,12,22,23],"damage_taken":[{"damage":7,"enemies":"Jaw Worm","floor":1,"turns":3},{"damage":1,"enemies":"Cultist","floor":3,"turns":3},{"damage":0,"enemies":"Small Slimes","floor":4,"turns":3},{"damage":2,"enemies":"Blue Slaver","floor":5,"turns":3},{"damage":20,"enemies":"3 Sentries","floor":6,"turns":6},{"damage":1,"enemies":"Looter","floor":8,"turns":3},{"damage":11,"enemies":"Lagavulin","floor":12,"turns":4},{"damage":35,"enemies":"3 Sentries","floor":14,"turns":7},{"damage":34,"enemies":"The Guardian","floor":16,"turns":13},{"damage":15,"enemies":"Shell Parasite","floor":18,"turns":7},{"damage":0,"enemies":"Spheric Guardian","floor":21,"turns":4},{"damage":9,"enemies":"Snake Plant","floor":22,"turns":4},{"damage":61,"enemies":"Slavers","floor":23,"turns":3}],"seed_played":"1006023549564401839","potions_obtained":[{"floor":1,"key":"Poison Potion"},{"floor":3,"key":"Weak Potion"},{"floor":8,"key":"Poison Potion"},{"floor":16,"key":"Regen Potion"},{"floor":22,"key":"SteroidPotion"}],"is_trial":false,"path_per_floor":["M","?","M","M","M","E","$","M","T","?","R","E","R","E","R","B",null,"M","$","?","M","M"],"character_chosen":"DEFECT","items_purchased":["Defragment","Redo","Coolheaded","Ball Lightning","Bottled Tornado"],"campfire_rested":3,"item_purchase_floors":[7,7,19,19,19],"current_hp_per_floor":[68,68,67,67,65,45,45,44,44,44,66,55,75,40,62,28,75,60,60,54,54,57,0],"gold":82,"neow_bonus":"TRANSFORM_CARD","is_prod":false,"is_daily":false,"chose_seed":false,"campfire_upgraded":0,"win_rate":0,"timestamp":1535405538,"path_taken":["M","?","M","?","M","E","$","M","T","?","R","E","R","E","R","BOSS","M","?","?","M","?","E"],"build_version":"2018-08-23v2","purchased_purges":0,"victory":false,"max_hp_per_floor":[75,75,75,75,75,75,75,75,75,75,75,75,75,75,75,75,75,75,75,75,75,75,75],"card_choices":[{"not_picked":["Recycle","Steam Power"],"picked":"Beam Cell","floor":1},{"not_picked":["Leap","Blizzard"],"picked":"Genetic Algorithm","floor":3},{"not_picked":["Force Field","Storm"],"picked":"Steam","floor":4},{"not_picked":["Glacier","BootSequence"],"picked":"Gash","floor":5},{"not_picked":["Amplify","Fission"],"picked":"Darkness","floor":6},{"not_picked":["Fusion","Barrage","Double Energy"],"picked":"SKIP","floor":8},{"not_picked":["Go for the Eyes","Gash"],"picked":"Coolheaded","floor":12},{"not_picked":["Chaos","Genetic Algorithm"],"picked":"Conserve Battery","floor":14},{"not_picked":["Biased Cognition","Thunder Strike"],"picked":"Echo Form","floor":16},{"not_picked":["Compile Driver","Ball Lightning"],"picked":"Turbo","floor":18},{"not_picked":["Hologram","Fusion"],"picked":"BootSequence","floor":21},{"not_picked":["Turbo","Genetic Algorithm"],"picked":"Steam+1","floor":22}],"player_experience":352224,"relics_obtained":[{"floor":6,"key":"DataDisk"},{"floor":9,"key":"Smiling Mask"},{"floor":12,"key":"Bottled Flame"},{"floor":14,"key":"Ornamental Fan"}],"event_choices":[{"event_name":"The Cleric","player_choice":"Card Removal","floor":2,"damage_taken":0},{"event_name":"Liars Game","player_choice":"agreed","floor":10,"damage_taken":0},{"event_name":"Nest","player_choice":"Joined the Cult","floor":20,"damage_taken":0}],"is_beta":false,"boss_relics":[{"not_picked":["Calling Bell","Fusion Hammer"],"picked":"Pandora\u0027s Box"}],"items_purged_floors":[],"is_endless":false,"potions_floor_spawned":[1,3,8,16,22],"killed_by":"Slavers","ascension_level":2}