{"gold_per_floor":[17,33,33,53,69,103,119,151,221,233,246,89,14,42,42,140,140,156,156,168,268,280,344,357,371,441,474,474,486,504,535,535,635,635],"floor_reached":34,"playtime":2047,"items_purged":["Bash"],"score":443,"play_id":"b76b041f-d6f3-4db4-9de7-85e6709cb12c","local_time":"20190210225307","is_ascension_mode":false,"campfire_choices":[{"floor":15,"key":"REST"},{"data":"Strike_R","floor":28,"key":"PURGE"},{"floor":32,"key":"REST"}],"neow_cost":"NO_GOLD","seed_source_timestamp":295110918852658,"circlet_count":0,"master_deck":["Strike_R","Strike_R","Strike_R","Strike_R","Defend_R","Defend_R","Twin Strike","Headbutt","Pommel Strike","Shrug It Off","Headbutt","Clash","Immolate","Bludgeon","Shrug It Off+1","Shrug It Off","Metallicize+1","Anger","Headbutt+1","Bludgeon","Shrug It Off","Twin Strike","Twin Strike+1","Cleave+1","Clash","Juggernaut"],"relics":["Burning Blood","Ice Cream","Champion Belt","Happy Flower","Peace Pipe","Orichalcum","Philosopher\u0027s Stone","Mango","Meat on the Bone","Tiny Chest","Bottled Lightning","Red Mask","Anchor","Empty Cage"],"potions_floor_usage":[8,16,16,21,25,31,33],"damage_taken":[{"damage":6,"enemies":"2 Louse","floor":1,"turns":2},{"damage":1,"enemies":"Cultist","floor":2,"turns":4},{"damage":11,"enemies":"Jaw Worm","floor":4,"turns":3},{"damage":8,"enemies":"Large Slime","floor":5,"turns":5},{"damage":31,"enemies":"Lagavulin","floor":6,"turns":5},{"damage":0,"enemies":"Looter","floor":7,"turns":3},{"damage":6,"enemies":"Gremlin Nob","floor":8,"turns":3},{"damage":4,"enemies":"2 Fungi Beasts","floor":10,"turns":4},{"damage":15,"enemies":"Exordium Wildlife","floor":11,"turns":3},{"damage":1,"enemies":"3 Sentries","floor":14,"turns":4},{"damage":73,"enemies":"The Guardian","floor":16,"turns":11},{"damage":22,"enemies":"2 Thieves","floor":18,"turns":3},{"damage":16,"enemies":"Shell Parasite","floor":20,"turns":4},{"damage":5,"enemies":"Colosseum Slavers","floor":21,"turns":6},{"damage":20,"enemies":"Colosseum Nobs","floor":21,"turns":3},{"damage":7,"enemies":"Snecko","floor":22,"turns":4},{"damage":40,"enemies":"Book of Stabbing","floor":23,"turns":4},{"damage":22,"enemies":"Snake Plant","floor":24,"turns":3},{"damage":5,"enemies":"Cultist and Chosen","floor":25,"turns":4},{"damage":0,"enemies":"Masked Bandits","floor":27,"turns":2},{"damage":10,"enemies":"Centurion and Healer","floor":29,"turns":4},{"damage":3,"enemies":"Snecko","floor":30,"turns":3},{"damage":26,"enemies":"Slavers","floor":31,"turns":4},{"damage":65,"enemies":"Collector","floor":33,"turns":9}],"seed_played":"-2444705919779426428","potions_obtained":[{"floor":1,"key":"Swift Potion"},{"floor":5,"key":"FairyPotion"},{"floor":7,"key":"Explosive Potion"},{"floor":11,"key":"Swift Potion"},{"floor":16,"key":"GamblersBrew"},{"floor":18,"key":"SpeedPotion"},{"floor":20,"key":"Regen Potion"},{"floor":23,"key":"SkillPotion"},{"floor":25,"key":"Explosive Potion"},{"floor":31,"key":"EssenceOfSteel"}],"is_trial":false,"path_per_floor":["?","$","?","?","?"],"character_chosen":"IRONCLAD","items_purchased":["Immolate"],"campfire_rested":2,"item_purchase_floors":[12],"current_hp_per_floor":[80,80,80,75,73,48,54,54,54,56,47,47,47,52,76,9,80,64,64,54,70,69,47,43,56,56,62,62,58,61,53,81,34,94],"gold":635,"neow_bonus":"ONE_RARE_RELIC","is_prod":false,"is_daily":false,"chose_seed":false,"campfire_upgraded":0,"win_rate":0,"timestamp":1549857187,"path_taken":["M","M","?","M","M","E","M","E","T","M","M","?","$","E","R","BOSS","M","?","M","?","M","E","M","M","T","?","R","M","M","E","R","BOSS"],"build_version":"2019-01-23","purchased_purges":1,"victory":false,"max_hp_per_floor":[80,80,80,80,80,80,80,80,80,80,80,80,80,80,80,80,80,80,80,80,94,94,94,94,94,94,94,94,94,94,94,94,94,94],"card_choices":[{"not_picked":["Combust","Sword Boomerang"],"picked":"Twin Strike","floor":1},{"not_picked":["Searing Blow","Perfected Strike"],"picked":"Headbutt","floor":2},{"not_picked":["Rage","Heavy Blade"],"picked":"Pommel Strike","floor":4},{"not_picked":["Thunderclap","Exhume"],"picked":"Shrug It Off","floor":5},{"not_picked":["Heavy Blade","Shockwave","Limit Break"],"picked":"SKIP","floor":6},{"not_picked":["Heavy Blade","Sword Boomerang"],"picked":"Headbutt","floor":7},{"not_picked":["Sword Boomerang","Clothesline","Flame Barrier"],"picked":"SKIP","floor":8},{"not_picked":["Body Slam","Anger"],"picked":"Clash","floor":10},{"not_picked":["Heavy Blade","Sword Boomerang","Havoc"],"picked":"SKIP","floor":11},{"not_picked":["Intimidate","Entrench","Disarm"],"picked":"SKIP","floor":14},{"not_picked":["Juggernaut","Fiend Fire"],"picked":"Bludgeon","floor":16},{"not_picked":["Heavy Blade","Sword Boomerang"],"picked":"Shrug It Off+1","floor":18},{"not_picked":["Pummel","Evolve+1"],"picked":"Metallicize+1","floor":20},{"not_picked":["Iron Wave","Havoc"],"picked":"Anger","floor":21},{"not_picked":["Twin Strike","Dual Wield+1"],"picked":"Headbutt+1","floor":22},{"not_picked":["Rupture","Uppercut"],"picked":"Bludgeon","floor":23},{"not_picked":["Corruption+1","Evolve"],"picked":"Shrug It Off","floor":24},{"not_picked":["Flex","Feel No Pain+1"],"picked":"Twin Strike","floor":25},{"not_picked":["Warcry","Infernal Blade"],"picked":"Twin Strike+1","floor":27},{"not_picked":["True Grit","Intimidate"],"picked":"Cleave+1","floor":29},{"not_picked":["True Grit+1","Sword Boomerang+1","Body Slam"],"picked":"SKIP","floor":30},{"not_picked":["Anger","Flex+1"],"picked":"Clash","floor":31},{"not_picked":["Impervious","Barricade"],"picked":"Juggernaut","floor":33}],"player_experience":394745,"relics_obtained":[{"floor":3,"key":"Champion Belt"},{"floor":6,"key":"Happy Flower"},{"floor":8,"key":"Peace Pipe"},{"floor":14,"key":"Orichalcum"},{"floor":21,"key":"Mango"},{"floor":21,"key":"Meat on the Bone"},{"floor":23,"key":"Tiny Chest"},{"floor":26,"key":"Bottled Lightning"},{"floor":27,"key":"Red Mask"},{"floor":31,"key":"Anchor"}],"event_choices":[{"damage_healed":0,"gold_gain":0,"player_choice":"Relic","damage_taken":0,"max_hp_gain":0,"max_hp_loss":0,"event_name":"Wheel of Change","floor":3,"gold_loss":0},{"damage_healed":0,"gold_gain":0,"player_choice":"Read","damage_taken":0,"max_hp_gain":0,"max_hp_loss":0,"event_name":"The Library","floor":19,"gold_loss":0,"cards_obtained":["Shrug It Off"]},{"damage_healed":0,"gold_gain":0,"player_choice":"Fight","damage_taken":0,"max_hp_gain":0,"max_hp_loss":0,"event_name":"Colosseum","floor":21,"gold_loss":0},{"damage_healed":0,"gold_gain":0,"player_choice":"Fought Nobs","damage_taken":0,"max_hp_gain":0,"max_hp_loss":0,"event_name":"Colosseum","floor":21,"gold_loss":0},{"damage_healed":0,"gold_gain":0,"player_choice":"Fought Bandits","damage_taken":0,"max_hp_gain":0,"max_hp_loss":0,"event_name":"Masked Bandits","floor":27,"gold_loss":0}],"is_beta":false,"boss_relics":[{"not_picked":["Cursed Key","Velvet Choker"],"picked":"Philosopher\u0027s Stone"},{"not_picked":["Calling Bell","Runic Pyramid"],"picked":"Empty Cage"}],"items_purged_floors":[13],"is_endless":false,"potions_floor_spawned":[1,5,7,11,16,18,20,23,25,29,31],"ascension_level":0}