{"gold_per_floor":[119,135,135,210,210,210,244,258,258,285,308,308,344,358,358,482,482,498,498,521,537,537],"floor_reached":22,"playtime":2017,"items_purged":[],"score":196,"play_id":"b2078e1a-0543-4580-8e74-95436ad6c3c8","local_time":"20190315183025","is_ascension_mode":false,"campfire_choices":[{"data":"Shrug It Off","floor":6,"key":"SMITH"},{"floor":12,"key":"REST"},{"data":"Fire Breathing","floor":15,"key":"SMITH"}],"neow_cost":"NONE","seed_source_timestamp":194617225769530,"circlet_count":0,"master_deck":["Strike_R","Strike_R","Strike_R","Strike_R","Strike_R","Defend_R","Defend_R","Bash","Ghostly Armor","Shrug It Off+1","Iron Wave","Shrug It Off","Fire Breathing+1","Shrug It Off","Feed","Cleave+1"],"relics":["Burning Blood","Golden Idol","StoneCalendar","Ginger","Art of War","Dream Catcher","White Beast Statue","Enchiridion"],"potions_floor_usage":[13,18,20,21,21],"damage_taken":[{"damage":6,"enemies":"2 Louse","floor":1,"turns":3},{"damage":0,"enemies":"Small Slimes","floor":2,"turns":3},{"damage":26,"enemies":"Gremlin Nob","floor":7,"turns":5},{"damage":0,"enemies":"Jaw Worm","floor":8,"turns":4},{"damage":11,"enemies":"Exordium Thugs","floor":11,"turns":7},{"damage":18,"enemies":"3 Sentries","floor":13,"turns":7},{"damage":0,"enemies":"Large Slime","floor":14,"turns":6},{"damage":43,"enemies":"The Guardian","floor":16,"turns":16},{"damage":3,"enemies":"Chosen","floor":18,"turns":6},{"damage":29,"enemies":"2 Thieves","floor":20,"turns":4},{"damage":30,"enemies":"Snake Plant","floor":21,"turns":4},{"damage":37,"enemies":"3 Cultists","floor":22,"turns":4}],"seed_played":"4809021411181793743","potions_obtained":[{"floor":2,"key":"Explosive Potion"},{"floor":7,"key":"Poison Potion"},{"floor":8,"key":"SteroidPotion"},{"floor":14,"key":"PowerPotion"},{"floor":18,"key":"Regen Potion"},{"floor":20,"key":"LiquidBronze"},{"floor":21,"key":"SpeedPotion"}],"is_trial":false,"path_per_floor":["?","?","?","T","?"],"character_chosen":"IRONCLAD","items_purchased":[],"campfire_rested":1,"item_purchase_floors":[],"current_hp_per_floor":[80,80,73,62,62,62,42,48,48,48,43,65,53,59,59,22,74,77,61,50,29,0],"gold":537,"neow_bonus":"TRANSFORM_CARD","is_prod":false,"is_daily":false,"chose_seed":false,"campfire_upgraded":2,"win_rate":0,"timestamp":1552689025,"path_taken":["M","M","?","?","?","R","E","M","T","?","M","R","E","M","R","BOSS","M","?","M","M","M"],"build_version":"2019-01-23","purchased_purges":0,"victory":false,"max_hp_per_floor":[80,80,80,80,74,74,74,74,74,74,74,74,74,74,74,74,74,77,77,77,80,80],"card_choices":[{"not_picked":["Armaments","Pommel Strike"],"picked":"Shrug It Off","floor":1},{"not_picked":["True Grit","Seeing Red","Armaments"],"picked":"SKIP","floor":2},{"not_picked":["Second Wind","Sever Soul","Anger"],"picked":"SKIP","floor":7},{"not_picked":["Heavy Blade","Body Slam"],"picked":"Iron Wave","floor":8},{"not_picked":["Sever Soul","Seeing Red"],"picked":"Shrug It Off","floor":11},{"not_picked":["Thunderclap","Whirlwind"],"picked":"Fire Breathing","floor":13},{"not_picked":["Iron Wave","Rage"],"picked":"Shrug It Off","floor":14},{"not_picked":["Brutality","Bludgeon"],"picked":"Feed","floor":16},{"not_picked":["Pommel Strike","Perfected Strike"],"picked":"Cleave+1","floor":18},{"not_picked":["Evolve+1","Shockwave","Disarm+1"],"picked":"SKIP","floor":20},{"not_picked":["Shrug It Off","Twin Strike","Heavy Blade"],"picked":"SKIP","floor":21}],"player_experience":658187,"relics_obtained":[{"floor":7,"key":"StoneCalendar"},{"floor":9,"key":"Ginger"},{"floor":10,"key":"Art of War"},{"floor":13,"key":"Dream Catcher"},{"floor":19,"key":"Enchiridion"}],"event_choices":[{"cards_removed":["Defend_R"],"damage_healed":0,"gold_gain":0,"player_choice":"Card Removal","damage_taken":7,"max_hp_gain":0,"max_hp_loss":0,"event_name":"Golden Wing","floor":3,"gold_loss":0},{"damage_healed":0,"gold_gain":75,"player_choice":"Gather Gold","damage_taken":11,"max_hp_gain":0,"max_hp_loss":0,"event_name":"World of Goop","floor":4,"gold_loss":0},{"damage_healed":0,"gold_gain":0,"player_choice":"Lose Max HP","damage_taken":0,"relics_obtained":["Golden Idol"],"max_hp_gain":0,"max_hp_loss":6,"event_name":"Golden Idol","floor":5,"gold_loss":0},{"damage_healed":0,"gold_gain":0,"player_choice":"Obtained Book","damage_taken":16,"max_hp_gain":0,"max_hp_loss":0,"event_name":"Cursed Tome","floor":19,"gold_loss":0}],"is_beta":false,"boss_relics":[{"not_picked":["Fusion Hammer","Sozu"],"picked":"White Beast Statue"}],"items_purged_floors":[],"is_endless":false,"potions_floor_spawned":[2,7,8,14,18,20,21],"killed_by":"3 Cultists","ascension_level":0}