{"gold_per_floor":[114,134,134,134,134,168,168,194,194,194,219,237,247,273,273,372,372,383,383,408,428,132,164,190,251,263,190,220,257,286,314,326,438,450,478,503,615,641,663,700,728,766,830,877,901,298,315,315,315,315,315,315,9,38,38],"floor_reached":56,"playtime":3990,"items_purged":["Venomology","Unload"],"score":1805,"play_id":"f235b448-4972-444f-9c68-5100977b4457","local_time":"20190409132152","daily_mods":["Shiny","ControlledChaos","DeadlyEvents"],"is_ascension_mode":true,"campfire_choices":[{"data":"After Image","floor":7,"key":"SMITH"},{"data":"Corpse Explosion","floor":10,"key":"SMITH"},{"data":"Infinite Blades","floor":15,"key":"SMITH"},{"data":"After Image","floor":32,"key":"SMITH"},{"floor":49,"key":"RECALL"},{"data":"Malaise","floor":52,"key":"SMITH"}],"neow_cost":"","seed_source_timestamp":2114934904738287,"circlet_count":0,"master_deck":["Corpse Explosion+1","Malaise+1","Die Die Die","Adrenaline","Envenom","Doppelganger+1","Burst","Wraith Form v2+1","Tools of the Trade","Night Terror","After Image+1","Bullet Time+1","Storm of Steel","Glass Knife","A Thousand Cuts+1","Leg Sweep","Backstab","Infinite Blades","Infinite Blades+1","After Image+1","Footwork","Adrenaline","Noxious Fumes+1"],"relics":["Ring of the Snake","Frozen Eye","Ice Cream","Gremlin Horn","Meat on the Bone","Lantern","Potion Belt","Black Star","Bag of Preparation","Bronze Scales","Orichalcum","Centennial Puzzle","PreservedInsect","Frozen Egg 2","Tiny Chest","MawBank","Singing Bowl","Art of War","Vajra","Pen Nib","Sozu","Pocketwatch","Regal Pillow","Bottled Tornado","War Paint","Anchor","Turnip","Ginger","Dead Branch","Blood Vial","Strawberry","FossilizedHelix","Mercury Hourglass","Sundial"],"potions_floor_usage":[11,13],"damage_taken":[{"damage":0,"enemies":"Small Slimes","floor":1,"turns":1},{"damage":0,"enemies":"Cultist","floor":2,"turns":3},{"damage":8,"enemies":"Lagavulin","floor":6,"turns":8},{"damage":8,"enemies":"3 Sentries","floor":8,"turns":3},{"damage":0,"enemies":"Gremlin Nob","floor":11,"turns":5},{"damage":0,"enemies":"2 Louse","floor":12,"turns":2},{"damage":0,"enemies":"Exordium Wildlife","floor":13,"turns":3},{"damage":0,"enemies":"Slime Boss","floor":16,"turns":4},{"damage":2,"enemies":"Chosen","floor":18,"turns":4},{"damage":0,"enemies":"2 Thieves","floor":21,"turns":3},{"damage":27,"enemies":"Slavers","floor":23,"turns":4},{"damage":0,"enemies":"Book of Stabbing","floor":24,"turns":4},{"damage":0,"enemies":"Slavers","floor":25,"turns":2},{"damage":0,"enemies":"Centurion and Healer","floor":28,"turns":4},{"damage":2,"enemies":"Book of Stabbing","floor":29,"turns":4},{"damage":0,"enemies":"Snake Plant","floor":30,"turns":4},{"damage":0,"enemies":"Shelled Parasite and Fungi","floor":31,"turns":4},{"damage":0,"enemies":"Collector","floor":33,"turns":6},{"damage":4,"enemies":"3 Shapes","floor":35,"turns":4},{"damage":0,"enemies":"Orb Walker","floor":36,"turns":4},{"damage":0,"enemies":"Mind Bloom Boss Battle","floor":37,"turns":6},{"damage":9,"enemies":"Spire Growth","floor":38,"turns":5},{"damage":12,"enemies":"4 Shapes","floor":39,"turns":3},{"damage":28,"enemies":"Nemesis","floor":40,"turns":5},{"damage":14,"enemies":"Writhing Mass","floor":41,"turns":4},{"damage":16,"enemies":"Reptomancer","floor":42,"turns":3},{"damage":0,"enemies":"Giant Head","floor":44,"turns":5},{"damage":0,"enemies":"Sphere and 2 Shapes","floor":45,"turns":3},{"damage":0,"enemies":"4 Shapes","floor":47,"turns":2},{"damage":0,"enemies":"Donu and Deca","floor":50,"turns":4},{"damage":12,"enemies":"Shield and Spear","floor":54,"turns":3},{"damage":88,"enemies":"The Heart","floor":55,"turns":10}],"seed_played":"-4985219413025848611","potions_obtained":[{"floor":1,"key":"Weak Potion"},{"floor":16,"key":"Strength Potion"}],"is_trial":true,"path_per_floor":["?","?","?","E","M","T","?","T","E","?","M","?","M","T"],"character_chosen":"THE_SILENT","items_purchased":["Bronze Scales","Footwork","Dead Branch","Blood Vial","Noxious Fumes+1","FossilizedHelix"],"campfire_rested":0,"item_purchase_floors":[22,22,46,46,46,53],"current_hp_per_floor":[70,70,70,56,56,48,48,40,40,40,40,40,40,40,40,40,70,68,52,52,52,52,37,37,37,37,37,39,39,41,43,43,43,78,76,78,80,73,63,49,49,47,47,61,63,63,67,74,74,76,107,107,107,97,23],"gold":38,"neow_bonus":"","is_prod":false,"is_daily":false,"chose_seed":false,"campfire_upgraded":5,"win_rate":0,"timestamp":1554830512,"path_taken":["M","M","?","?","?","E","R","?","T","R","E","?","M","?","R","BOSS","M","?","?","M","$","E","?","E","T","?","M","E","?","M","R","BOSS","M","M","?","?","M","E","M","E","T","E","M","$","M","?","R","BOSS","R","$","E","BOSS"],"build_version":"2019-01-23","purchased_purges":2,"victory":true,"max_hp_per_floor":[70,70,70,70,70,70,70,70,70,70,70,70,70,70,70,70,70,70,70,70,70,70,70,70,70,70,70,72,74,76,78,78,78,78,80,82,84,86,88,90,92,94,94,96,98,98,100,107,107,107,107,107,107,109,109],"card_choices":[{"not_picked":["Predator","Slice"],"picked":"Leg Sweep","floor":1},{"not_picked":["Dagger Throw","Terror"],"picked":"Backstab","floor":2},{"not_picked":["Escape Plan","Prepared","Cloak And Dagger"],"picked":"SKIP","floor":6},{"not_picked":["Crippling Poison","Accuracy","Underhanded Strike"],"picked":"SKIP","floor":8},{"not_picked":["Blur","Tools of the Trade"],"picked":"Infinite Blades","floor":11},{"not_picked":["Bane","Accuracy","Flying Knee"],"picked":"SKIP","floor":12},{"not_picked":["Blade Dance","Expertise"],"picked":"Infinite Blades","floor":13},{"not_picked":["Night Terror","A Thousand Cuts"],"picked":"After Image","floor":16},{"not_picked":["Acrobatics","Dodge and Roll","Dagger Throw"],"picked":"SKIP","floor":18},{"not_picked":["Terror","Eviscerate","Flying Knee+1"],"picked":"SKIP","floor":21},{"not_picked":["Flechettes","Deflect","Quick Slash"],"picked":"SKIP","floor":23},{"not_picked":["Bane","Flying Knee","Dagger Throw+1"],"picked":"SKIP","floor":24},{"not_picked":["Eviscerate","Endless Agony","Concentrate"],"picked":"SKIP","floor":25},{"not_picked":["Poisoned Stab","Unload","Outmaneuver"],"picked":"Singing Bowl","floor":28},{"not_picked":["Quick Slash+1","Prepared","Catalyst+1"],"picked":"Singing Bowl","floor":29},{"not_picked":["Tactician","Dash","Dagger Spray"],"picked":"Singing Bowl","floor":30},{"not_picked":["Deflect+1","Prepared","PiercingWail+1"],"picked":"Singing Bowl","floor":31},{"not_picked":["Corpse Explosion","Night Terror"],"picked":"Adrenaline","floor":33},{"not_picked":["Poisoned Stab+1","Dodge and Roll+1","Underhanded Strike+1"],"picked":"Singing Bowl","floor":35},{"not_picked":["Poisoned Stab+1","Distraction","Crippling Poison+1"],"picked":"Singing Bowl","floor":36},{"not_picked":["Blur","Flechettes","Leg Sweep"],"picked":"Singing Bowl","floor":37},{"not_picked":["Cloak And Dagger","Poisoned Stab","Catalyst"],"picked":"Singing Bowl","floor":38},{"not_picked":["Prepared","Dodge and Roll","Phantasmal Killer"],"picked":"Singing Bowl","floor":39},{"not_picked":["Prepared","Expertise","Deflect"],"picked":"Singing Bowl","floor":40},{"not_picked":["Poisoned Stab","Underhanded Strike+1","Catalyst"],"picked":"Singing Bowl","floor":41},{"not_picked":["Concentrate+1","Deflect","Predator"],"picked":"Singing Bowl","floor":42},{"not_picked":["Noxious Fumes+1","Dagger Throw+1","Backflip+1"],"picked":"Singing Bowl","floor":44},{"not_picked":["Deflect+1","Dodge and Roll+1","All Out Attack+1"],"picked":"Singing Bowl","floor":45},{"not_picked":["Acrobatics+1","Cloak And Dagger+1","Catalyst+1"],"picked":"Singing Bowl","floor":47},{"not_picked":["Dodge and Roll","Tools of the Trade+1","Crippling Poison"],"picked":"Singing Bowl","floor":54}],"player_experience":1653025,"relics_obtained":[{"floor":6,"key":"Ice Cream"},{"floor":8,"key":"Gremlin Horn"},{"floor":9,"key":"Meat on the Bone"},{"floor":11,"key":"Lantern"},{"floor":14,"key":"Potion Belt"},{"floor":20,"key":"Bag of Preparation"},{"floor":23,"key":"Orichalcum"},{"floor":23,"key":"Centennial Puzzle"},{"floor":24,"key":"PreservedInsect"},{"floor":24,"key":"Frozen Egg 2"},{"floor":25,"key":"Tiny Chest"},{"floor":25,"key":"MawBank"},{"floor":26,"key":"Singing Bowl"},{"floor":29,"key":"Vajra"},{"floor":29,"key":"Pen Nib"},{"floor":37,"key":"Pocketwatch"},{"floor":40,"key":"Regal Pillow"},{"floor":40,"key":"Bottled Tornado"},{"floor":42,"key":"War Paint"},{"floor":42,"key":"Anchor"},{"floor":44,"key":"Turnip"},{"floor":44,"key":"Ginger"},{"floor":48,"key":"Strawberry"},{"floor":54,"key":"Mercury Hourglass"},{"floor":54,"key":"Sundial"}],"event_choices":[{"cards_removed":["Phantasmal Killer"],"damage_healed":0,"gold_gain":0,"player_choice":"Forget","damage_taken":0,"max_hp_gain":0,"max_hp_loss":0,"event_name":"Living Wall","floor":3,"gold_loss":0},{"damage_healed":0,"gold_gain":0,"player_choice":"Entered Light","damage_taken":14,"max_hp_gain":0,"max_hp_loss":0,"event_name":"Shining Light","floor":4,"gold_loss":0,"cards_upgraded":["A Thousand Cuts","Wraith Form v2"]},{"cards_removed":["Grand Finale"],"damage_healed":0,"gold_gain":0,"player_choice":"Purged","damage_taken":0,"max_hp_gain":0,"max_hp_loss":0,"event_name":"Purifier","floor":5,"gold_loss":0},{"damage_healed":0,"gold_gain":0,"player_choice":"Obtained Book","damage_taken":16,"max_hp_gain":0,"max_hp_loss":0,"event_name":"Cursed Tome","floor":19,"gold_loss":0},{"damage_healed":0,"gold_gain":0,"player_choice":"Obtained Relic","damage_taken":0,"relics_obtained":["Art of War"],"max_hp_gain":0,"max_hp_loss":0,"event_name":"Addict","floor":27,"gold_loss":85},{"damage_healed":0,"gold_gain":0,"player_choice":"Fight","damage_taken":0,"max_hp_gain":0,"max_hp_loss":0,"event_name":"MindBloom","floor":37,"gold_loss":0}],"is_beta":false,"boss_relics":[{"not_picked":["Calling Bell","Runic Dome"],"picked":"Black Star"},{"not_picked":["Coffee Dripper","White Beast Statue"],"picked":"Sozu"}],"items_purged_floors":[22,46],"is_endless":false,"potions_floor_spawned":[1,8,13,16,18,21,23,24,36,37,38,41,44,45],"ascension_level":1}