{"gold_per_floor":[118,118,128,143,143,169,182,182,209,57,77,77,108,73,73,171,171,181,196,196,295,320,352,352,384,455,455,473,493,505,522,522,626,626,636,653,4,17,17,51,51,69,93,93,93,13,13,29,29,29],"floor_reached":51,"playtime":7626,"items_purged":[],"score":682,"play_id":"c24a8e2c-b2f5-47b8-a643-61e9bc57bfa9","local_time":"20181023172626","is_ascension_mode":false,"campfire_choices":[{"data":"Genetic Algorithm","floor":8,"key":"SMITH"},{"data":"Defragment","floor":12,"key":"SMITH"},{"floor":15,"key":"REST"},{"floor":27,"key":"REST"},{"data":"Fission","floor":32,"key":"SMITH"},{"data":"Storm","floor":41,"key":"SMITH"},{"data":"Loop","floor":47,"key":"SMITH"},{"floor":49,"key":"REST"}],"neow_cost":"NONE","seed_source_timestamp":1115245502927142,"circlet_count":0,"master_deck":["Strike_B","Strike_B","Strike_B","Strike_B","Defend_B","Defend_B","Defend_B+1","Defend_B+1","Zap+1","Dualcast","Amplify+1","Redo","Lockon","Genetic Algorithm+1","Lockon","Glacier","Capacitor","Dramatic Entrance","Defragment+1","Fission+1","Loop+1","Sweeping Beam+1","Go for the Eyes+1","Coolheaded","Consume+1","Steam","Reboot","Turbo+1","Compile Driver","Capacitor","White Noise","Storm+1","Ball Lightning+1","Zap","Hologram","Doom and Gloom"],"relics":["FrozenCore","Centennial Puzzle","War Paint","Oddly Smooth Stone","Busted Crown","Nilry\u0027s Codex","Orichalcum","Anchor","MutagenicStrength","Red Mask","Shuriken","Emotion Chip","Strange Spoon","Singing Bowl","Art of War","Strawberry"],"potions_floor_usage":[7,13,13,23,25,25,28,30,38,48],"damage_taken":[{"damage":3,"enemies":"Jaw Worm","floor":1,"turns":4},{"damage":1,"enemies":"Cultist","floor":3,"turns":4},{"damage":0,"enemies":"Small Slimes","floor":4,"turns":3},{"damage":15,"enemies":"Lagavulin","floor":6,"turns":6},{"damage":4,"enemies":"2 Fungi Beasts","floor":7,"turns":3},{"damage":2,"enemies":"Lots of Slimes","floor":11,"turns":3},{"damage":8,"enemies":"Gremlin Nob","floor":13,"turns":4},{"damage":37,"enemies":"Hexaghost","floor":16,"turns":11},{"damage":12,"enemies":"3 Byrds","floor":18,"turns":5},{"damage":11,"enemies":"Chosen","floor":19,"turns":5},{"damage":18,"enemies":"Slavers","floor":23,"turns":6},{"damage":4,"enemies":"Masked Bandits","floor":25,"turns":4},{"damage":17,"enemies":"3 Cultists","floor":28,"turns":6},{"damage":0,"enemies":"Shelled Parasite and Fungi","floor":29,"turns":5},{"damage":1,"enemies":"Centurion and Healer","floor":30,"turns":6},{"damage":2,"enemies":"Snecko","floor":31,"turns":4},{"damage":18,"enemies":"Collector","floor":33,"turns":8},{"damage":0,"enemies":"3 Shapes","floor":35,"turns":4},{"damage":1,"enemies":"Orb Walker","floor":36,"turns":5},{"damage":0,"enemies":"Writhing Mass","floor":38,"turns":10},{"damage":32,"enemies":"Reptomancer","floor":40,"turns":9},{"damage":5,"enemies":"Spire Growth","floor":42,"turns":4},{"damage":3,"enemies":"3 Darklings","floor":48,"turns":3},{"damage":18,"enemies":"Donu and Deca","floor":50,"turns":5}],"seed_played":"-243657172507318585","potions_obtained":[{"floor":3,"key":"Explosive Potion"},{"floor":4,"key":"SpeedPotion"},{"floor":5,"key":"Explosive Potion"},{"floor":6,"key":"Ancient Potion"},{"floor":7,"key":"EssenceOfSteel"},{"floor":16,"key":"Poison Potion"},{"floor":19,"key":"Energy Potion"},{"floor":23,"key":"Regen Potion"},{"floor":29,"key":"Regen Potion"},{"floor":33,"key":"Poison Potion"},{"floor":35,"key":"EssenceOfSteel"},{"floor":38,"key":"FocusPotion"},{"floor":40,"key":"Strength Potion"},{"floor":48,"key":"FearPotion"}],"is_trial":false,"path_per_floor":["M","?","M","M","?","E","M","R","T","$","M","R","E","?","R","B",null,"M","M","?","?","T","E","?","?","T","R","M","M","M","M","R","B",null,"M","M","$","M","?","E","R","M","T","?","?","$","R","M","R","B"],"character_chosen":"DEFECT","items_purchased":["Capacitor","Dramatic Entrance","Capacitor","Emotion Chip","White Noise","Strange Spoon","Doom and Gloom"],"campfire_rested":3,"item_purchase_floors":[10,10,37,37,37,37,46],"current_hp_per_floor":[72,57,56,56,56,41,37,37,37,37,35,35,27,45,67,30,75,63,52,36,36,36,18,18,26,26,48,31,31,42,40,40,22,75,75,74,74,74,74,44,44,39,46,46,46,46,46,45,70,52],"gold":29,"neow_bonus":"ONE_RANDOM_RARE_CARD","is_prod":false,"is_daily":false,"chose_seed":false,"campfire_upgraded":5,"win_rate":0,"timestamp":1540337186,"path_taken":["M","?","M","M","?","E","M","R","T","$","M","R","E","?","R","BOSS","M","M","?","?","?","E","?","?","T","R","M","M","M","M","R","BOSS","M","M","$","M","?","E","R","M","T","?","?","$","R","M","R","BOSS"],"build_version":"2018-10-18","purchased_purges":0,"victory":true,"max_hp_per_floor":[75,75,75,75,75,75,75,75,75,75,75,75,75,75,75,75,75,75,75,75,75,75,75,75,75,75,75,75,75,75,75,75,75,75,75,75,75,75,75,77,77,77,84,84,84,84,84,86,86,86],"card_choices":[{"not_picked":["Hologram","Chill"],"picked":"Redo","floor":1},{"not_picked":["Gash","White Noise"],"picked":"Lockon","floor":3},{"not_picked":["Turbo","Barrage"],"picked":"Genetic Algorithm","floor":4},{"not_picked":["Reboot","Rip and Tear"],"picked":"Lockon","floor":6},{"not_picked":["Genetic Algorithm","Compile Driver"],"picked":"Glacier","floor":7},{"not_picked":["Go for the Eyes","Coolheaded"],"picked":"Defragment","floor":11},{"not_picked":["Rebound","Hello World","Blizzard"],"picked":"SKIP","floor":13},{"not_picked":["Reboot","Thunder Strike"],"picked":"Fission","floor":16},{"not_picked":[],"picked":"Loop","floor":18},{"not_picked":[],"picked":"Sweeping Beam+1","floor":19},{"not_picked":[],"picked":"Go for the Eyes+1","floor":23},{"not_picked":[],"picked":"Coolheaded","floor":25},{"not_picked":[],"picked":"Consume+1","floor":28},{"not_picked":[],"picked":"Steam","floor":29},{"not_picked":["Rip and Tear"],"picked":"SKIP","floor":30},{"not_picked":["Sweeping Beam"],"picked":"SKIP","floor":31},{"not_picked":[],"picked":"Reboot","floor":33},{"not_picked":[],"picked":"Turbo+1","floor":35},{"not_picked":[],"picked":"Compile Driver","floor":36},{"not_picked":[],"picked":"Storm","floor":38},{"not_picked":["Steam Power"],"picked":"Singing Bowl","floor":40},{"not_picked":[],"picked":"Ball Lightning+1","floor":42},{"not_picked":["Streamline"],"picked":"Singing Bowl","floor":48}],"player_experience":778155,"relics_obtained":[{"floor":6,"key":"Centennial Puzzle"},{"floor":9,"key":"War Paint"},{"floor":13,"key":"Oddly Smooth Stone"},{"floor":20,"key":"Nilry\u0027s Codex"},{"floor":22,"key":"Orichalcum"},{"floor":23,"key":"Anchor"},{"floor":25,"key":"Red Mask"},{"floor":26,"key":"Shuriken"},{"floor":40,"key":"Art of War"},{"floor":43,"key":"Strawberry"}],"event_choices":[{"damage_healed":0,"gold_gain":0,"player_choice":"Entered Light","damage_taken":15,"max_hp_gain":0,"max_hp_loss":0,"event_name":"Shining Light","floor":2,"gold_loss":0,"cards_upgraded":["Defend_B","Defend_B"]},{"damage_healed":0,"gold_gain":0,"player_choice":"Got Potions","damage_taken":0,"max_hp_gain":0,"max_hp_loss":0,"event_name":"The Lab","floor":5,"gold_loss":0},{"damage_healed":18,"gold_gain":0,"player_choice":"Healed","damage_taken":0,"max_hp_gain":0,"max_hp_loss":0,"event_name":"The Cleric","floor":14,"gold_loss":35},{"damage_healed":0,"gold_gain":0,"player_choice":"Obtained Book","damage_taken":16,"max_hp_gain":0,"max_hp_loss":0,"event_name":"Cursed Tome","floor":20,"gold_loss":0},{"damage_healed":0,"gold_gain":99,"player_choice":"Stole From Cult","damage_taken":0,"max_hp_gain":0,"max_hp_loss":0,"event_name":"Nest","floor":21,"gold_loss":0},{"damage_healed":0,"gold_gain":0,"player_choice":"Inject Mutagens","damage_taken":0,"relics_obtained":["MutagenicStrength"],"max_hp_gain":0,"max_hp_loss":0,"event_name":"Drug Dealer","floor":24,"gold_loss":0},{"damage_healed":0,"gold_gain":0,"player_choice":"Fought Bandits","damage_taken":0,"max_hp_gain":0,"max_hp_loss":0,"event_name":"Masked Bandits","floor":25,"gold_loss":0},{"damage_healed":0,"gold_gain":0,"player_choice":"Gave Potion","damage_taken":0,"relics_obtained":["Singing Bowl"],"max_hp_gain":0,"max_hp_loss":0,"event_name":"WeMeetAgain","floor":39,"gold_loss":0},{"damage_healed":0,"gold_gain":0,"player_choice":"Ignored","damage_taken":0,"max_hp_gain":0,"max_hp_loss":0,"event_name":"Tomb of Lord Red Mask","floor":44,"gold_loss":0},{"damage_healed":0,"gold_gain":0,"player_choice":"2 cards matched","damage_taken":0,"max_hp_gain":0,"max_hp_loss":0,"event_name":"Match and Keep!","floor":45,"gold_loss":0,"cards_obtained":["Zap","Hologram"]}],"is_beta":false,"boss_relics":[{"not_picked":["Ectoplasm","Runic Dome"],"picked":"Busted Crown"},{"not_picked":["Snecko Eye","Runic Pyramid"],"picked":"FrozenCore"}],"items_purged_floors":[],"is_endless":false,"potions_floor_spawned":[3,4,6,7,16,19,23,29,33,35,38,40,48],"ascension_level":0}