{"gold_per_floor":[113,130,130,42,42,73,73,38,38,52,52,83,97,111,111,241,304,325,325,87,87,87,87,125,139,165,165,165],"floor_reached":28,"playtime":2660,"items_purged":[],"score":363,"play_id":"ef916fad-9902-4062-94be-276979c14904","local_time":"20181027003421","is_ascension_mode":true,"campfire_choices":[{"data":"Discovery","floor":7,"key":"SMITH"},{"data":"Beam Cell","floor":11,"key":"SMITH"},{"data":"Go for the Eyes","floor":15,"key":"SMITH"},{"data":"Echo Form","floor":23,"key":"SMITH"}],"neow_cost":"NONE","seed_source_timestamp":666838115124873,"circlet_count":0,"master_deck":["Strike_B+1","Strike_B+1","Strike_B+1","Defend_B+1","Defend_B+1","Defend_B+1","Defend_B+1","Zap","Dualcast+1","Gash","Sweeping Beam","Discovery+1","Conserve Battery","Beam Cell+1","Redo","Go for the Eyes+1","Gash","Echo Form","Gash","Echo Form+1","Necronomicurse","Electrodynamics","Sunder"],"relics":["Cracked Core","NeowsBlessing","Golden Idol","Symbiotic Virus","Thread and Needle","Pear","Tiny House","Singing Bowl","Necronomicon","Gremlin Horn","Happy Flower"],"potions_floor_usage":[12,24,24,24,24],"damage_taken":[{"damage":0,"enemies":"Small Slimes","floor":1,"turns":1},{"damage":0,"enemies":"Jaw Worm","floor":2,"turns":1},{"damage":0,"enemies":"Lagavulin","floor":6,"turns":1},{"damage":0,"enemies":"2 Louse","floor":10,"turns":2},{"damage":11,"enemies":"Gremlin Nob","floor":12,"turns":3},{"damage":0,"enemies":"Blue Slaver","floor":13,"turns":2},{"damage":2,"enemies":"Looter","floor":14,"turns":3},{"damage":29,"enemies":"Hexaghost","floor":16,"turns":9},{"damage":18,"enemies":"Spheric Guardian","floor":18,"turns":4},{"damage":0,"enemies":"Gremlin Leader","floor":24,"turns":5},{"damage":34,"enemies":"2 Thieves","floor":25,"turns":4},{"damage":10,"enemies":"Colosseum Slavers","floor":27,"turns":3},{"damage":19,"enemies":"Centurion and Healer","floor":28,"turns":1}],"seed_played":"-2217356187384404653","potions_obtained":[{"floor":2,"key":"Weak Potion"},{"floor":6,"key":"SkillPotion"},{"floor":14,"key":"Weak Potion"},{"floor":17,"key":"EssenceOfSteel"},{"floor":18,"key":"PowerPotion"}],"is_trial":false,"path_per_floor":["M","M","?","$","?","E","R","?","T","M","R","E","M","M","R","B",null,"M","?","$","?","?","R","E","M","T","?"],"character_chosen":"DEFECT","items_purchased":["Discovery","Echo Form","EntropicBrew"],"campfire_rested":0,"item_purchase_floors":[4,20,20],"current_hp_per_floor":[75,75,68,68,50,50,50,68,68,68,68,67,67,65,65,36,90,72,72,72,56,56,56,56,22,22,12,0],"gold":165,"neow_bonus":"THREE_ENEMY_KILL","is_prod":false,"is_daily":false,"chose_seed":false,"campfire_upgraded":4,"win_rate":0,"timestamp":1540614861,"path_taken":["M","M","?","$","?","E","R","?","T","M","R","E","?","M","R","BOSS","M","?","$","?","?","R","E","?","T","?","?"],"build_version":"2018-10-25v2","purchased_purges":0,"victory":false,"max_hp_per_floor":[75,75,75,75,75,75,75,75,75,75,75,85,85,85,85,85,90,90,90,90,90,90,90,90,90,90,90,90],"card_choices":[{"not_picked":["Go for the Eyes","Steam Power"],"picked":"Gash","floor":1},{"not_picked":["Cold Snap","Defragment"],"picked":"Sweeping Beam","floor":2},{"not_picked":["Chill","Stack"],"picked":"Conserve Battery","floor":6},{"not_picked":["Redo","Scrape"],"picked":"Beam Cell","floor":10},{"not_picked":["Recycle","Amplify"],"picked":"Redo","floor":12},{"not_picked":["Sweeping Beam","Conserve Battery"],"picked":"Go for the Eyes","floor":13},{"not_picked":["Conserve Battery","Rebound"],"picked":"Gash","floor":14},{"not_picked":["Meteor Strike","Amplify"],"picked":"Echo Form","floor":16},{"not_picked":["Beam Cell","Steam"],"picked":"Gash","floor":17},{"not_picked":["Reprogram","Darkness","Barrage"],"picked":"SKIP","floor":18},{"not_picked":["Rebound","Cold Snap"],"picked":"Electrodynamics","floor":24},{"not_picked":["Turbo+1","Compile Driver+1"],"picked":"Sunder","floor":25}],"player_experience":400334,"relics_obtained":[{"floor":6,"key":"Symbiotic Virus"},{"floor":9,"key":"Thread and Needle"},{"floor":12,"key":"Pear"},{"floor":21,"key":"Necronomicon"},{"floor":24,"key":"Gremlin Horn"},{"floor":26,"key":"Happy Flower"}],"event_choices":[{"cards_removed":["Strike_B"],"damage_healed":0,"gold_gain":0,"player_choice":"Card Removal","damage_taken":7,"max_hp_gain":0,"max_hp_loss":0,"event_name":"Golden Wing","floor":3,"gold_loss":0},{"damage_healed":0,"gold_gain":0,"player_choice":"Take Damage","damage_taken":18,"relics_obtained":["Golden Idol"],"max_hp_gain":0,"max_hp_loss":0,"event_name":"Golden Idol","floor":5,"gold_loss":0},{"damage_healed":18,"gold_gain":0,"player_choice":"Healed","damage_taken":0,"max_hp_gain":0,"max_hp_loss":0,"event_name":"The Cleric","floor":8,"gold_loss":35},{"damage_healed":0,"gold_gain":0,"player_choice":"Gave Potion","damage_taken":0,"relics_obtained":["Singing Bowl"],"max_hp_gain":0,"max_hp_loss":0,"event_name":"WeMeetAgain","floor":19,"gold_loss":0},{"damage_healed":0,"gold_gain":0,"player_choice":"Obtained Book","damage_taken":16,"max_hp_gain":0,"max_hp_loss":0,"event_name":"Cursed Tome","floor":21,"gold_loss":0},{"damage_healed":0,"gold_gain":0,"player_choice":"Simplicity","damage_taken":0,"max_hp_gain":0,"max_hp_loss":0,"event_name":"Back to Basics","floor":22,"gold_loss":0,"cards_upgraded":["Strike_B","Strike_B","Strike_B","Defend_B","Defend_B","Defend_B","Defend_B"]},{"damage_healed":0,"gold_gain":0,"player_choice":"Fight","damage_taken":0,"max_hp_gain":0,"max_hp_loss":0,"event_name":"Colosseum","floor":27,"gold_loss":0},{"damage_healed":0,"gold_gain":0,"player_choice":"Fled From Nobs","damage_taken":0,"max_hp_gain":0,"max_hp_loss":0,"event_name":"Colosseum","floor":27,"gold_loss":0}],"is_beta":true,"boss_relics":[{"not_picked":["Lizard Tail","Astrolabe"],"picked":"Tiny House"}],"items_purged_floors":[],"is_endless":false,"potions_floor_spawned":[2,6,14,18],"killed_by":"Centurion and Healer","ascension_level":3}