{"gold_per_floor":[114,125,125,91,103,130,130,165,213,231,244,260,179,198,198,293,293,303,321,321,4,4,39,74,133,133,133,133,133],"floor_reached":29,"playtime":1649,"items_purged":[],"score":398,"play_id":"a0cfb493-3f8e-47b8-bc83-cb4656b57342","local_time":"20180730192532","daily_mods":["Elite Swarm","Hoarder"],"is_ascension_mode":false,"campfire_choices":[{"data":"Stack","floor":7.0,"key":"SMITH"},{"floor":15.0,"key":"REST"}],"neow_cost":"","seed_source_timestamp":0,"circlet_count":0,"master_deck":["Defend_B","Defend_B","Defend_B","Defend_B","Zap","Dualcast","Stack+1","Stack","Stack","Turbo","Turbo","Turbo","Defragment","Defragment","Defragment","Static Discharge","Static Discharge","Static Discharge","Electrodynamics","Electrodynamics","Electrodynamics","Echo Form","Echo Form","Echo Form","Go for the Eyes","Go for the Eyes","Go for the Eyes","Chaos","Chaos","Chaos","Stack","Stack","Stack","White Noise","White Noise","White Noise","Cold Snap","Cold Snap","Cold Snap","Buffer","Buffer","Buffer","Leap","Leap","Leap","Genetic Algorithm+1","Genetic Algorithm+1","Genetic Algorithm+1","Redo","Redo","Redo","Apotheosis","Apotheosis","Apotheosis","Blizzard","Blizzard","Blizzard","Coolheaded","Coolheaded","Coolheaded","Buffer","Buffer","Buffer","Conserve Battery","Conserve Battery","Conserve Battery","Bite","Bite","Bite","Bite","Bite","Bite","Bite","Bite","Bite","Bite","Bite","Bite","Bite","Bite","Bite"],"special_seed":0,"relics":["Cracked Core","Shuriken","Lantern","Orichalcum","Nuclear Battery","Anchor","Red Mask","Tiny Chest","Nloth\u0027s Gift"],"potions_floor_usage":[16,16,25,25,29],"damage_taken":[{"damage":0.0,"enemies":"2 Louse","floor":1.0,"turns":2.0},{"damage":7.0,"enemies":"Jaw Worm","floor":2.0,"turns":4.0},{"damage":0.0,"enemies":"Cultist","floor":5.0,"turns":3.0},{"damage":26.0,"enemies":"Lagavulin","floor":6.0,"turns":5.0},{"damage":8.0,"enemies":"3 Sentries","floor":8.0,"turns":3.0},{"damage":2.0,"enemies":"Red Slaver","floor":10.0,"turns":3.0},{"damage":12.0,"enemies":"Blue Slaver","floor":11.0,"turns":3.0},{"damage":0.0,"enemies":"2 Fungi Beasts","floor":12.0,"turns":1.0},{"damage":12.0,"enemies":"Exordium Thugs","floor":14.0,"turns":5.0},{"damage":21,"enemies":"Slime Boss","floor":16,"turns":8},{"damage":13,"enemies":"3 Byrds","floor":18,"turns":3},{"damage":0,"enemies":"Spheric Guardian","floor":19,"turns":6},{"damage":40,"enemies":"Slavers","floor":23,"turns":4},{"damage":0,"floor":24,"turns":3},{"damage":9,"enemies":"Gremlin Leader","floor":25,"turns":7},{"damage":44,"enemies":"Slavers","floor":29,"turns":4}],"seed_played":"7753987537640133702","potions_obtained":[{"floor":2.0,"key":"AttackPotion"},{"floor":10.0,"key":"AttackPotion"},{"floor":12.0,"key":"Strength Potion"},{"floor":16,"key":"EssenceOfSteel"},{"floor":24,"key":"FearPotion"},{"floor":25,"key":"Swift Potion"}],"is_trial":true,"path_per_floor":["M","M","?","$","M","E","R","E","T","M","M","M","$","M","R","B",null,"M","M","?","$","?","E","?","E","T","?","?"],"character_chosen":"DEFECT","items_purchased":["Defragment","White Noise","Apotheosis","Blizzard","Coolheaded"],"campfire_rested":1,"item_purchase_floors":[4,13,21,21,21],"current_hp_per_floor":[75,68,68,68,68,42,42,34,34,32,20,20,20,8,30,9,75,62,69,69,69,69,29,29,20,30,30,30,0],"gold":133,"neow_bonus":"","is_prod":false,"is_daily":false,"chose_seed":false,"campfire_upgraded":1,"win_rate":0,"timestamp":1533000332,"path_taken":["M","M","?","$","M","E","R","E","T","?","M","M","$","?","R","BOSS","M","M","?","$","?","E","?","E","T","?","?","E"],"build_version":"2018-07-26","purchased_purges":0,"victory":false,"max_hp_per_floor":[75,75,75,75,75,75,75,75,75,75,75,75,75,75,75,75,75,75,75,75,75,75,75,75,75,85,59,59,59],"card_choices":[{"not_picked":["Hologram","Recycle"],"picked":"Stack","floor":1.0},{"not_picked":["Go for the Eyes","Steam"],"picked":"Turbo","floor":2.0},{"not_picked":["Melter","Chaos"],"picked":"Static Discharge","floor":5.0},{"not_picked":["Multi-Cast","Thunder Strike"],"picked":"Electrodynamics","floor":6.0},{"not_picked":["Buffer","All For One"],"picked":"Echo Form","floor":8.0},{"not_picked":["Rebound","Barrage"],"picked":"Go for the Eyes","floor":10.0},{"not_picked":["Beam Cell","Undo"],"picked":"Chaos","floor":11.0},{"not_picked":["Barrage","Beam Cell"],"picked":"Stack","floor":12.0},{"not_picked":["Skim","Reinforced Body"],"picked":"Cold Snap","floor":14.0},{"not_picked":["Reboot","Amplify"],"picked":"Buffer","floor":16},{"not_picked":["Steam","Beam Cell"],"picked":"Leap","floor":18},{"not_picked":["Rebound","Loop"],"picked":"Genetic Algorithm+1","floor":19},{"not_picked":["Biased Cognition","Creative AI"],"picked":"Buffer","floor":23},{"not_picked":["Sweeping Beam","Aggregate"],"picked":"Conserve Battery","floor":24},{"not_picked":["Fission","Biased Cognition","Amplify"],"picked":"SKIP","floor":25}],"player_experience":111903,"relics_obtained":[{"floor":6.0,"key":"Shuriken"},{"floor":8.0,"key":"Lantern"},{"floor":9.0,"key":"Orichalcum"},{"floor":23,"key":"Anchor"},{"floor":24,"key":"Red Mask"},{"floor":25,"key":"Tiny Chest"},{"floor":26,"key":"Pear"}],"event_choices":[{"event_name":"Liars Game","player_choice":"disagreed","floor":3.0,"damage_taken":0.0},{"event_name":"The Library","player_choice":"Read","floor":20,"damage_taken":0},{"event_name":"Ghosts","player_choice":"Ignored","floor":22,"damage_taken":0},{"event_name":"Masked Bandits","player_choice":"Fought over 39 gold","floor":24,"damage_taken":0},{"event_name":"Vampires","player_choice":"Became a vampire","floor":27,"damage_taken":0},{"event_name":"N\u0027loth","player_choice":"Traded a Pear","floor":28,"damage_taken":0}],"is_beta":false,"boss_relics":[{"not_picked":["Cursed Key","Snecko Eye"],"picked":"Nuclear Battery"}],"items_purged_floors":[],"is_endless":false,"potions_floor_spawned":[2,10,12,16,24,25],"killed_by":"Slavers","ascension_level":0}