{"path_per_floor":["M","?","M","M","?","M","?","M","T","M","R","M","R","$","R","B",null,"M","?","M","?","M","R","?","R","T","R","$","M","E","?","R","B",null,"M","?","M","M","M","R"],"character_chosen":"DEFECT","items_purchased":["Tempest","Ball Lightning","Glacier","Capacitor"],"gold_per_floor":[118,68,79,98,98,108,108,121,121,133,133,144,144,39,39,140,140,154,154,167,167,183,183,183,183,207,207,1,21,49,0,0,101,101,113,113,128,145,160,160,160],"floor_reached":41,"campfire_rested":1,"playtime":2682,"current_hp_per_floor":[70,70,70,70,55,58,58,58,58,54,54,59,59,59,59,33,75,75,75,73,73,67,67,67,67,67,67,67,68,49,49,49,56,75,72,72,75,40,11,33,0],"items_purged":["Strike_B"],"gold":160,"score":405,"play_id":"eafd20b9-7570-455e-9906-c35bd809a434","local_time":"20180515005200","is_prod":false,"is_daily":false,"chose_seed":false,"is_ascension_mode":false,"campfire_upgraded":7,"timestamp":1526359920,"path_taken":["M","?","M","M","?","M","?","?","T","M","R","M","R","?","R","BOSS","M","?","M","?","?","R","?","R","T","R","$","M","E","?","R","BOSS","M","?","?","M","M","R","M"],"build_version":"2018-05-12v2","seed_source_timestamp":28062396690601,"purchased_purges":1,"victory":false,"master_deck":["Strike_B+1","Strike_B","Defend_B","Defend_B","Defend_B","Defend_B+1","Zap+1","Dualcast","BootSequence","White Noise+1","Leap+1","Self Repair","Chill+1","Zap+1","Amplify+1","Force Field+1","Capacitor","Tempest+1","Ball Lightning","Amplify+1","Coolheaded+1","Steam+1","Loop+1","Tempest+1","Glacier+1","Capacitor","Capacitor","Steam+1","Thunder Strike","Leap+1","White Noise+1","Double Energy+1","Skim+1","Blizzard+1"],"max_hp_per_floor":[75,75,75,75,75,75,75,75,75,75,75,75,75,75,75,75,75,75,75,75,75,75,75,75,75,75,75,75,75,75,75,75,75,75,75,75,75,75,75,75,75],"relics":["Cracked Core","Toxic Egg 2","Sozu","Orichalcum","Dream Catcher","Bird Faced Urn","Inserter"],"card_choices":[{"not_picked":["Rebound","Heatsinks"],"picked":"BootSequence","floor":0},{"not_picked":["Skim","Coolheaded"],"picked":"White Noise","floor":1},{"not_picked":["Skim","Doom and Gloom"],"picked":"Leap","floor":3},{"not_picked":["Static Discharge","Barrage"],"picked":"Self Repair","floor":4},{"not_picked":["Force Field","Ball Lightning"],"picked":"Chill","floor":6},{"not_picked":["Redo","Defragment"],"picked":"Amplify","floor":8},{"not_picked":["Rip and Tear","Coolheaded+1"],"picked":"Force Field+1","floor":10},{"not_picked":["Skim+1","Barrage"],"picked":"Capacitor","floor":12},{"not_picked":["Biased Cognition","All For One"],"picked":"Amplify+1","floor":16},{"not_picked":["Barrage+1","Rip and Tear+1"],"picked":"Coolheaded+1","floor":18},{"not_picked":["Stack+1","Reinforced Body+1"],"picked":"Steam+1","floor":20},{"not_picked":["Stack+1","Ball Lightning"],"picked":"Tempest+1","floor":22},{"not_picked":["Multi-Cast+1","Beam Cell+1"],"picked":"Capacitor","floor":29},{"not_picked":["Streamline+1","Barrage"],"picked":"Steam+1","floor":30},{"not_picked":["Seek+1","Fusion+1"],"picked":"Thunder Strike","floor":33},{"not_picked":["Go for the Eyes","Hologram+1"],"picked":"Leap+1","floor":35},{"not_picked":["Skim+1","Stack+1"],"picked":"White Noise+1","floor":37},{"not_picked":["Force Field+1","Beam Cell"],"picked":"Double Energy+1","floor":38},{"not_picked":["Hologram+1","Conserve Battery+1"],"picked":"Skim+1","floor":39},{"not_picked":["Capacitor+1","Sweeping Beam+1"],"picked":"Blizzard+1","floor":40}],"player_experience":108077,"potions_floor_usage":[12,18,30],"damage_taken":[{"damage":5,"enemies":"Small Slimes","floor":1,"turns":4},{"damage":0,"enemies":"2 Louse","floor":3,"turns":3},{"damage":0,"enemies":"Cultist","floor":4,"turns":3},{"damage":4,"enemies":"3 Louse","floor":6,"turns":4},{"damage":0,"enemies":"Exordium Thugs","floor":8,"turns":3},{"damage":11,"enemies":"Exordium Wildlife","floor":10,"turns":5},{"damage":2,"enemies":"Blue Slaver","floor":12,"turns":4},{"damage":33,"enemies":"The Guardian","floor":16,"turns":11},{"damage":0,"enemies":"Chosen","floor":18,"turns":4},{"damage":2,"enemies":"3 Byrds","floor":20,"turns":3},{"damage":6,"enemies":"Snecko","floor":22,"turns":6},{"damage":6,"enemies":"Centurion and Healer","floor":29,"turns":8},{"damage":26,"enemies":"Book of Stabbing","floor":30,"turns":6},{"damage":40,"enemies":"Collector","floor":33,"turns":11},{"damage":19,"enemies":"Orb Walker","floor":35,"turns":5},{"damage":14,"enemies":"3 Darklings","floor":37,"turns":8},{"damage":48,"enemies":"Spire Growth","floor":38,"turns":6},{"damage":42,"enemies":"4 Shapes","floor":39,"turns":4},{"damage":53,"enemies":"Sphere and 2 Shapes","floor":41,"turns":3}],"event_choices":[{"event_name":"The Cleric","player_choice":"Card Removal","floor":2,"damage_taken":0},{"event_name":"Shining Light","player_choice":"Entered Light","floor":5,"damage_taken":0},{"event_name":"Match and Keep!","player_choice":"1 cards matched","floor":7,"damage_taken":0},{"event_name":"The Mausoleum","player_choice":"Yes","floor":19,"damage_taken":0},{"event_name":"The Library","player_choice":"Read","floor":21,"damage_taken":0},{"event_name":"Ghosts","player_choice":"Ignored","floor":24,"damage_taken":0},{"event_name":"Masked Bandits","player_choice":"Paid Bandits 49 gold","floor":31,"damage_taken":0},{"event_name":"Tomb of Lord Red Mask","player_choice":"Ignored","floor":36,"damage_taken":0}],"boss_relics":[{"not_picked":["Calling Bell","Velvet Choker"],"picked":"Sozu"},{"not_picked":["Philosopher\u0027s Stone","Lizard Tail"],"picked":"Inserter"}],"potions_floor_spawned":[1,3,8,12,16,22,29,30,33,38,39],"seed_played":"-1150226808881656272","killed_by":"Sphere and 2 Shapes","ascension_level":0,"is_trial":false}