{"gold_per_floor":[109,126,10,26,44,44,64,98,124,124,140,140],"floor_reached":12,"playtime":1222,"items_purged":["Strike_G"],"score":90,"play_id":"1ac8c1ad-a844-4b2a-8995-815dc10c274c","local_time":"20190407174735","is_ascension_mode":true,"campfire_choices":[{"data":"Neutralize","floor":6,"key":"SMITH"},{"floor":10,"key":"REST"}],"neow_cost":"NONE","seed_source_timestamp":714059396616000,"circlet_count":0,"master_deck":["Defend_G","Defend_G","Defend_G","Defend_G","Defend_G","Strike_G","Strike_G","Strike_G","Survivor","Neutralize+1","Acrobatics","Escape Plan","Tactician","Leg Sweep","Backflip","Dagger Spray","Setup"],"relics":["Ring of the Snake","Mummified Hand"],"potions_floor_usage":[8],"damage_taken":[{"damage":0,"enemies":"Cultist","floor":1,"turns":4},{"damage":0,"enemies":"Small Slimes","floor":2,"turns":3},{"damage":6,"enemies":"2 Louse","floor":4,"turns":4},{"damage":0,"enemies":"Blue Slaver","floor":5,"turns":7},{"damage":0,"enemies":"Looter","floor":7,"turns":4},{"damage":57,"enemies":"Gremlin Nob","floor":8,"turns":7},{"damage":19,"enemies":"Exordium Wildlife","floor":11,"turns":6},{"damage":9,"enemies":"Large Slime","floor":12,"turns":2}],"seed_played":"-4353814539030201372","potions_obtained":[{"floor":7,"key":"PowerPotion"},{"floor":11,"key":"SpeedPotion"}],"is_trial":false,"path_per_floor":["M","M","$","M","M","R","M","E","T","R","M","M"],"character_chosen":"THE_SILENT","items_purchased":["Tactician"],"campfire_rested":1,"item_purchase_floors":[3],"current_hp_per_floor":[70,70,70,64,64,64,64,7,7,28,9,0],"gold":140,"neow_bonus":"REMOVE_CARD","is_prod":false,"is_daily":false,"chose_seed":false,"campfire_upgraded":1,"win_rate":0,"timestamp":1554673655,"path_taken":["M","M","$","M","M","R","M","E","T","R","M","M"],"build_version":"2019-01-23","purchased_purges":1,"victory":false,"max_hp_per_floor":[70,70,70,70,70,70,70,70,70,70,70,70],"card_choices":[{"not_picked":["Blade Dance","Slice"],"picked":"Acrobatics","floor":1},{"not_picked":["Deadly Poison","Masterful Stab"],"picked":"Escape Plan","floor":2},{"not_picked":["Calculated Gamble","Endless Agony"],"picked":"Leg Sweep","floor":4},{"not_picked":["Flying Knee","Dodge and Roll"],"picked":"Backflip","floor":5},{"not_picked":["Bane","Sucker Punch","Masterful Stab"],"picked":"SKIP","floor":7},{"not_picked":["Burst","Riddle With Holes"],"picked":"Dagger Spray","floor":8},{"not_picked":["Accuracy","Backstab"],"picked":"Setup","floor":11}],"player_experience":232663,"relics_obtained":[{"floor":8,"key":"Mummified Hand"}],"event_choices":[],"is_beta":false,"boss_relics":[],"items_purged_floors":[3],"is_endless":false,"potions_floor_spawned":[7,11],"killed_by":"Large Slime","ascension_level":2}