{"gold_per_floor":[110,121,136,154,164,164,184,211,236,236,236,249,268,286,286,381,381,401,326,180,180,197,232,244,287,299,311,343,365,410,422,434,543,555],"floor_reached":34,"playtime":1646,"items_purged":["Defend_R"],"score":489,"play_id":"f20f71dc-d436-4e96-bdb2-29d60af2dddd","local_time":"20190315164141","is_ascension_mode":false,"campfire_choices":[{"data":"Inflame","floor":6,"key":"SMITH"},{"data":"Bash","floor":15,"key":"SMITH"},{"data":"RitualDagger","floor":24,"key":"SMITH"},{"floor":27,"key":"REST"},{"data":"Feed","floor":32,"key":"SMITH"}],"neow_cost":"NONE","seed_source_timestamp":188465900250742,"circlet_count":0,"master_deck":["Strike_R+1","Strike_R+1","Strike_R","Strike_R","Defend_R","Defend_R","Defend_R","Bash+1","Panacea","Dropkick","Thunderclap+1","Inflame+1","Cleave+1","Thunderclap","Dropkick","Feed+1","Flex+1","Inflame","RitualDagger+1","Cleave+1","Inflame+1","Dropkick"],"relics":["Black Blood","Odd Mushroom","Boot","Regal Pillow","Bag of Marbles","Runic Pyramid","MawBank","Whetstone","Shuriken","Strawberry"],"potions_floor_usage":[4,4,18,22,30,30,33],"damage_taken":[{"damage":1,"enemies":"Cultist","floor":1,"turns":3},{"damage":8,"enemies":"Jaw Worm","floor":2,"turns":3},{"damage":5,"enemies":"Small Slimes","floor":3,"turns":3},{"damage":13,"enemies":"Exordium Thugs","floor":4,"turns":5},{"damage":10,"enemies":"Looter","floor":5,"turns":3},{"damage":10,"enemies":"The Mushroom Lair","floor":7,"turns":4},{"damage":31,"enemies":"Lagavulin","floor":8,"turns":7},{"damage":0,"enemies":"Large Slime","floor":12,"turns":4},{"damage":0,"enemies":"3 Louse","floor":13,"turns":2},{"damage":1,"enemies":"2 Fungi Beasts","floor":14,"turns":2},{"damage":0,"enemies":"Slime Boss","floor":16,"turns":5},{"damage":2,"enemies":"Shell Parasite","floor":18,"turns":4},{"damage":20,"enemies":"2 Thieves","floor":22,"turns":2},{"damage":26,"enemies":"Gremlin Leader","floor":23,"turns":5},{"damage":34,"enemies":"Slavers","floor":25,"turns":3},{"damage":15,"enemies":"Snake Plant","floor":28,"turns":4},{"damage":5,"enemies":"Chosen and Byrds","floor":29,"turns":3},{"damage":17,"enemies":"Book of Stabbing","floor":30,"turns":3},{"damage":27,"enemies":"Collector","floor":33,"turns":5}],"seed_played":"-4969459988015528033","potions_obtained":[{"floor":1,"key":"SkillPotion"},{"floor":2,"key":"Fire Potion"},{"floor":3,"key":"SpeedPotion"},{"floor":8,"key":"Block Potion"},{"floor":12,"key":"LiquidBronze"},{"floor":14,"key":"SkillPotion"},{"floor":16,"key":"Explosive Potion"},{"floor":18,"key":"EssenceOfSteel"},{"floor":28,"key":"Energy Potion"},{"floor":30,"key":"Explosive Potion"}],"is_trial":false,"path_per_floor":["M","?","?","?","M","?","?","?"],"character_chosen":"IRONCLAD","items_purchased":["Inflame"],"campfire_rested":1,"item_purchase_floors":[20],"current_hp_per_floor":[80,78,79,72,68,68,64,39,39,23,23,29,35,40,40,46,80,83,83,83,77,63,46,46,21,21,62,53,57,53,44,44,23,99],"gold":555,"neow_bonus":"RANDOM_COLORLESS","is_prod":false,"is_daily":false,"chose_seed":false,"campfire_upgraded":4,"win_rate":0,"timestamp":1552682501,"path_taken":["M","?","M","M","M","R","?","E","T","?","?","M","?","M","R","BOSS","M","?","$","?","M","E","R","E","T","R","M","M","E","?","R","BOSS"],"build_version":"2019-01-23","purchased_purges":1,"victory":false,"max_hp_per_floor":[80,80,80,80,80,80,80,80,80,80,80,80,80,80,80,80,80,83,83,83,83,83,86,86,89,89,89,89,92,99,99,99,99,99],"card_choices":[{"not_picked":["Shrug It Off","Rampage"],"picked":"Dropkick","floor":1},{"not_picked":["Corruption","Inflame"],"picked":"Thunderclap","floor":2},{"not_picked":["Havoc","Pummel"],"picked":"Inflame","floor":3},{"not_picked":["Hemokinesis","Spot Weakness","Heavy Blade"],"picked":"SKIP","floor":4},{"not_picked":["Whirlwind","Burning Pact"],"picked":"Cleave","floor":5},{"not_picked":["Bloodletting","Metallicize","Barricade"],"picked":"SKIP","floor":8},{"not_picked":["True Grit","Seeing Red","Ghostly Armor"],"picked":"SKIP","floor":12},{"not_picked":["Armaments","Second Wind"],"picked":"Thunderclap","floor":13},{"not_picked":["Uppercut","Battle Trance"],"picked":"Dropkick","floor":14},{"not_picked":["Juggernaut","Double Tap"],"picked":"Feed","floor":16},{"not_picked":["Cleave+1","Entrench"],"picked":"Flex+1","floor":18},{"not_picked":["Flame Barrier","True Grit+1"],"picked":"Cleave+1","floor":22},{"not_picked":["Bloodletting+1","Cleave","Reaper"],"picked":"SKIP","floor":23},{"not_picked":["Bloodletting+1","Cleave","Reaper"],"picked":"SKIP","floor":23},{"not_picked":["Thunderclap","Warcry","Rupture"],"picked":"SKIP","floor":25},{"not_picked":["Clothesline","Anger"],"picked":"Inflame+1","floor":28},{"not_picked":["Thunderclap","Perfected Strike+1","Clash"],"picked":"SKIP","floor":29},{"not_picked":["Fire Breathing","Inflame+1"],"picked":"Dropkick","floor":30}],"player_experience":653714,"relics_obtained":[{"floor":7,"key":"Odd Mushroom"},{"floor":8,"key":"Boot"},{"floor":9,"key":"Regal Pillow"},{"floor":11,"key":"Bag of Marbles"},{"floor":23,"key":"MawBank"},{"floor":25,"key":"Whetstone"},{"floor":26,"key":"Shuriken"},{"floor":30,"key":"Strawberry"}],"event_choices":[{"damage_healed":0,"gold_gain":0,"player_choice":"Fought Mushrooms","damage_taken":0,"max_hp_gain":0,"max_hp_loss":0,"event_name":"Mushrooms","floor":7,"gold_loss":0},{"damage_healed":0,"gold_gain":0,"player_choice":"Entered Light","damage_taken":16,"max_hp_gain":0,"max_hp_loss":0,"event_name":"Shining Light","floor":10,"gold_loss":0,"cards_upgraded":["Thunderclap","Strike_R"]},{"damage_healed":0,"gold_gain":0,"player_choice":"Relic","damage_taken":0,"max_hp_gain":0,"max_hp_loss":0,"event_name":"Wheel of Change","floor":11,"gold_loss":0},{"cards_removed":["Strike_R"],"damage_healed":0,"gold_gain":0,"player_choice":"Gave Gold","damage_taken":0,"max_hp_gain":0,"max_hp_loss":0,"event_name":"Beggar","floor":19,"gold_loss":75},{"damage_healed":0,"gold_gain":0,"player_choice":"Joined the Cult","damage_taken":6,"max_hp_gain":0,"max_hp_loss":0,"event_name":"Nest","floor":21,"gold_loss":0,"cards_obtained":["RitualDagger"]},{"damage_healed":0,"gold_gain":0,"player_choice":"Stopped","damage_taken":9,"max_hp_gain":0,"max_hp_loss":0,"event_name":"Cursed Tome","floor":31,"gold_loss":0}],"is_beta":false,"boss_relics":[{"not_picked":["Fusion Hammer","Sozu"],"picked":"Runic Pyramid"},{"not_picked":["Calling Bell","Snecko Eye"],"picked":"Black Blood"}],"items_purged_floors":[20],"is_endless":false,"potions_floor_spawned":[1,2,3,8,12,14,16,18,28,30],"ascension_level":0}