{"gold_per_floor":[114,114,189,189,207,235,235,68,68,68,87,87,110,110,110,234,234,253,91,166,181,224,248,260,318,330,383,395,440,476,504,516,658,670,706,718,746,781,816,828,856,868,880,892,923,959,1015,1048,1060,1072],"floor_reached":51,"playtime":2310,"items_purged":[],"score":1015,"play_id":"45d0c021-cc56-4ac7-8cfe-c7a29884300d","local_time":"20190118232408","is_ascension_mode":true,"campfire_choices":[{"data":"Headbutt","floor":7.0,"key":"SMITH"},{"data":"Disarm","floor":10.0,"key":"SMITH"},{"data":"Sword Boomerang","floor":15.0,"key":"SMITH"},{"data":"Limit Break","floor":24.0,"key":"SMITH"},{"data":"Feed","floor":28.0,"key":"SMITH"},{"floor":32.0,"key":"REST"},{"floor":42,"key":"REST"},{"data":"Battle Trance","floor":44,"key":"SMITH"},{"data":"Offering","floor":49,"key":"SMITH"}],"neow_cost":"NONE","seed_source_timestamp":522983293690184,"circlet_count":0,"master_deck":["Strike_R","Strike_R","Strike_R","Defend_R","Defend_R","Defend_R","Defend_R","Bash","Headbutt+1","Thunderclap","Reaper","Inflame","Disarm+1","Shrug It Off","Sword Boomerang+1","Feed+1","Normality","Regret","Normality","Limit Break+1","Disarm","Battle Trance+1","Flame Barrier","Offering+1","Decay","Rupture"],"special_seed":0,"relics":["Burning Blood","NeowsBlessing","Pantograph","Unceasing Top","Singing Bowl","Golden Idol","Du-Vu Doll","Calling Bell","Lantern","Darkstone Periapt","Thread and Needle","Red Mask","MawBank","Letter Opener","Bag of Marbles","Regal Pillow","PreservedInsect","Cursed Key","Self Forming Clay","Champion Belt"],"potions_floor_usage":[50,50,50],"damage_taken":[{"damage":0.0,"enemies":"Cultist","floor":1.0,"turns":1.0},{"damage":0.0,"enemies":"Small Slimes","floor":5.0,"turns":1.0},{"damage":0.0,"enemies":"Gremlin Nob","floor":6.0,"turns":1.0},{"damage":0.0,"enemies":"Jaw Worm","floor":11.0,"turns":4.0},{"damage":5.0,"enemies":"Blue Slaver","floor":13.0,"turns":6.0},{"damage":37.0,"enemies":"Hexaghost","floor":16.0,"turns":9.0},{"damage":27.0,"enemies":"2 Thieves","floor":18.0,"turns":4.0},{"damage":0.0,"enemies":"Chosen","floor":21.0,"turns":3.0},{"damage":4.0,"enemies":"Masked Bandits","floor":22.0,"turns":3.0},{"damage":82.0,"enemies":"Slavers","floor":25.0,"turns":5.0},{"damage":37.0,"enemies":"Gremlin Leader","floor":27.0,"turns":8.0},{"damage":14.0,"enemies":"Book of Stabbing","floor":29.0,"turns":4.0},{"damage":34.0,"enemies":"Shelled Parasite and Fungi","floor":30.0,"turns":3.0},{"damage":15.0,"enemies":"Snake Plant","floor":31.0,"turns":4.0},{"damage":127.0,"enemies":"Collector","floor":33.0,"turns":9.0},{"damage":6.0,"enemies":"Orb Walker","floor":35.0,"turns":3.0},{"damage":56.0,"enemies":"3 Darklings","floor":37.0,"turns":5.0},{"damage":40.0,"enemies":"Sphere and 2 Shapes","floor":38.0,"turns":7.0},{"damage":47.0,"enemies":"Maw","floor":39.0,"turns":9.0},{"damage":26.0,"enemies":"Giant Head","floor":40.0,"turns":6.0},{"damage":32,"enemies":"4 Shapes","floor":41,"turns":9},{"damage":2,"enemies":"Jaw Worm Horde","floor":45,"turns":3},{"damage":0,"enemies":"Sphere and 2 Shapes","floor":46,"turns":2},{"damage":59,"enemies":"Reptomancer","floor":47,"turns":6},{"damage":50,"enemies":"Maw","floor":48,"turns":10},{"damage":96,"enemies":"Donu and Deca","floor":50,"turns":8}],"seed_played":"1933718024634305323","potions_obtained":[{"floor":5.0,"key":"Ancient Potion"},{"floor":6.0,"key":"SmokeBomb"},{"floor":21.0,"key":"Poison Potion"},{"floor":25.0,"key":"BloodPotion"},{"floor":33.0,"key":"Strength Potion"},{"floor":41,"key":"Dexterity Potion"}],"is_trial":false,"path_per_floor":["M","?","?","T","M","E","R","$","T","R","M","?","M","T","R","B",null,"M","$","?","M","?","T","R","E","T","E","R","E","M","M","R","B",null,"M","?","M","M","M","E","M","R","T","R","M","M","E","M","R","B",null],"character_chosen":"IRONCLAD","items_purchased":["Inflame","Disarm","Shrug It Off","Limit Break"],"campfire_rested":2,"item_purchase_floors":[8,8,8,19],"current_hp_per_floor":[80,73,62,62,68,74,74,74,74,74,80,60,65,65,65,51,82,74,74,66,74,81,81,81,43,43,84,84,80,61,69,111,35,117,119,119,78,60,50,30,30,85,91,91,135,143,153,152,152,76],"gold":1084,"neow_bonus":"THREE_ENEMY_KILL","is_prod":false,"is_daily":false,"chose_seed":false,"campfire_upgraded":7,"win_rate":0,"timestamp":1547882648,"path_taken":["M","?","?","?","M","E","R","?","T","R","M","?","M","?","R","BOSS","M","?","?","?","?","?","R","E","T","E","R","E","M","M","R","BOSS","M","?","?","M","M","E","M","R","T","R","M","M","E","M","R","BOSS"],"build_version":"2019-01-17v2","purchased_purges":0,"victory":true,"max_hp_per_floor":[80,80,80,80,80,80,80,80,80,80,80,80,82,82,82,82,82,87,87,87,89,94,94,94,96,96,101,101,105,107,111,111,117,117,119,119,121,125,129,129,135,135,141,141,145,147,153,155,155,155],"card_choices":[{"not_picked":["Body Slam","Second Wind"],"picked":"Headbutt","floor":1.0},{"not_picked":["Heavy Blade","Whirlwind"],"picked":"Thunderclap","floor":5.0},{"not_picked":["Perfected Strike","Seeing Red"],"picked":"Reaper","floor":6.0},{"not_picked":["True Grit","Dropkick"],"picked":"Sword Boomerang","floor":11.0},{"not_picked":["Metallicize","Dual Wield","Twin Strike"],"picked":"Singing Bowl","floor":13.0},{"not_picked":["Exhume","Reaper"],"picked":"Feed","floor":16.0},{"not_picked":["Flex","Body Slam","Headbutt"],"picked":"Singing Bowl","floor":18.0},{"not_picked":["Pommel Strike+1","Heavy Blade","Sentinel"],"picked":"Singing Bowl","floor":21.0},{"not_picked":["Feel No Pain","Power Through","Metallicize"],"picked":"Singing Bowl","floor":22.0},{"not_picked":["Heavy Blade","Entrench","Corruption"],"picked":"Singing Bowl","floor":25.0},{"not_picked":["Fire Breathing","Twin Strike","Metallicize"],"picked":"Singing Bowl","floor":27.0},{"not_picked":["Twin Strike","Combust"],"picked":"Disarm","floor":29.0},{"not_picked":["Sword Boomerang","Anger+1","Thunderclap+1"],"picked":"Singing Bowl","floor":30.0},{"not_picked":["Rupture","Power Through"],"picked":"Battle Trance","floor":31.0},{"not_picked":["Juggernaut","Barricade","Feed"],"picked":"Singing Bowl","floor":33.0},{"not_picked":["Bloodletting+1","Clash+1","Headbutt+1"],"picked":"Singing Bowl","floor":35.0},{"not_picked":["Perfected Strike","Headbutt","Anger+1"],"picked":"Singing Bowl","floor":37.0},{"not_picked":["Perfected Strike","Body Slam+1"],"picked":"Flame Barrier","floor":38.0},{"not_picked":["Sword Boomerang+1","Evolve+1"],"picked":"Offering","floor":39.0},{"not_picked":["Twin Strike+1","Clothesline+1","Rampage+1"],"picked":"Singing Bowl","floor":41},{"not_picked":["Anger+1","Body Slam+1"],"picked":"Rupture","floor":45},{"not_picked":["Rupture","Iron Wave","Armaments"],"picked":"Singing Bowl","floor":46},{"not_picked":["Sword Boomerang","Armaments","Reckless Charge+1"],"picked":"Singing Bowl","floor":47},{"not_picked":["Corruption+1","Twin Strike+1","Feel No Pain"],"picked":"Singing Bowl","floor":48}],"player_experience":251505,"relics_obtained":[{"floor":4.0,"key":"Pantograph"},{"floor":6.0,"key":"Unceasing Top"},{"floor":9.0,"key":"Singing Bowl"},{"floor":14.0,"key":"Du-Vu Doll"},{"floor":17.0,"key":"Lantern"},{"floor":17.0,"key":"Darkstone Periapt"},{"floor":17.0,"key":"Thread and Needle"},{"floor":22.0,"key":"Red Mask"},{"floor":23.0,"key":"MawBank"},{"floor":25.0,"key":"Letter Opener"},{"floor":26.0,"key":"Bag of Marbles"},{"floor":27.0,"key":"Regal Pillow"},{"floor":29.0,"key":"PreservedInsect"},{"floor":43,"key":"Self Forming Clay"},{"floor":47,"key":"Champion Belt"}],"event_choices":[{"cards_removed":["Strike_R"],"damage_healed":0.0,"max_hp_gain":0.0,"max_hp_loss":0.0,"gold_gain":0.0,"event_name":"Golden Wing","player_choice":"Card Removal","floor":2.0,"gold_loss":0.0,"damage_taken":7.0},{"damage_healed":0.0,"max_hp_gain":0.0,"max_hp_loss":0.0,"gold_gain":75.0,"event_name":"World of Goop","player_choice":"Gather Gold","floor":3.0,"gold_loss":0.0,"damage_taken":11.0},{"damage_healed":0.0,"max_hp_gain":0.0,"max_hp_loss":0.0,"gold_gain":0.0,"event_name":"Golden Idol","player_choice":"Take Damage","floor":12.0,"gold_loss":0.0,"damage_taken":20.0,"relics_obtained":["Golden Idol"]},{"damage_healed":0.0,"max_hp_gain":0.0,"max_hp_loss":0.0,"gold_gain":75.0,"event_name":"FaceTrader","player_choice":"Touch","floor":20.0,"gold_loss":0.0,"damage_taken":8.0},{"damage_healed":0.0,"max_hp_gain":0.0,"max_hp_loss":0.0,"gold_gain":0.0,"event_name":"Masked Bandits","player_choice":"Fought Bandits","floor":22.0,"gold_loss":0.0,"damage_taken":0.0},{"cards_removed":["Strike_R"],"damage_healed":0.0,"max_hp_gain":0.0,"max_hp_loss":0.0,"gold_gain":0.0,"event_name":"Bonfire Elementals","player_choice":"Offered Basic","floor":36.0,"gold_loss":0.0,"damage_taken":0.0}],"is_beta":false,"boss_relics":[{"not_picked":["Busted Crown","Black Star"],"picked":"Calling Bell"},{"not_picked":["Black Blood","Sozu"],"picked":"Cursed Key"}],"items_purged_floors":[],"is_endless":false,"potions_floor_spawned":[5,6,21,25,27,30,33,37,38,41,47],"ascension_level":4}