{"gold_per_floor":[116,41,51,25,39,39,39,59,59,59,59,59,85,97,97,194,194,214,114,143,143],"floor_reached":21,"playtime":3082,"items_purged":["Strike_G","Strike_G"],"score":212,"play_id":"4c43be82-3186-426c-b191-a7386d53ca75","local_time":"20190131230606","is_ascension_mode":true,"campfire_choices":[{"data":"Infinite Blades","floor":6,"key":"SMITH"},{"data":"Blade Dance","floor":11,"key":"SMITH"},{"data":"Accuracy","floor":15,"key":"SMITH"}],"neow_cost":"NONE","seed_source_timestamp":94912820101579,"circlet_count":0,"master_deck":["Defend_G","Defend_G","Defend_G","Defend_G","Defend_G","Strike_G","Strike_G","Survivor","Neutralize","Accuracy+1","Infinite Blades+1","Blade Dance+1","Cloak And Dagger","Dodge and Roll","Glass Knife+1","Prepared","A Thousand Cuts","Terror","Cloak And Dagger","Blur+1"],"relics":["Ring of the Snake","NeowsBlessing","Molten Egg 2","Kunai","Tingsha","Incense Burner","Orrery","Red Mask"],"potions_floor_usage":[18,20],"damage_taken":[{"damage":0,"enemies":"Cultist","floor":1,"turns":1},{"damage":0,"enemies":"2 Louse","floor":3,"turns":1},{"damage":0,"enemies":"Jaw Worm","floor":5,"turns":1},{"damage":2,"enemies":"Looter","floor":8,"turns":4},{"damage":0,"enemies":"Lagavulin","floor":13,"turns":6},{"damage":0,"enemies":"Blue Slaver","floor":14,"turns":4},{"damage":5,"enemies":"Slime Boss","floor":16,"turns":8},{"damage":0,"enemies":"3 Byrds","floor":18,"turns":7},{"damage":59,"enemies":"Masked Bandits","floor":20,"turns":6},{"damage":11,"enemies":"Colosseum Slavers","floor":21,"turns":3}],"seed_played":"-9163293997834623937","potions_obtained":[{"floor":1,"key":"GhostInAJar"},{"floor":3,"key":"SteroidPotion"},{"floor":16,"key":"GamblersBrew"},{"floor":20,"key":"Ancient Potion"}],"is_trial":false,"path_per_floor":["M","$","M","$","M","R","?","M","T","T","R","T","E","M","R","B",null,"M","$","?","?"],"character_chosen":"THE_SILENT","items_purchased":["Blade Dance"],"campfire_rested":0,"item_purchase_floors":[4],"current_hp_per_floor":[70,70,70,70,70,70,70,68,68,68,68,68,68,68,68,63,70,70,70,11,0],"gold":143,"neow_bonus":"THREE_ENEMY_KILL","is_prod":false,"is_daily":false,"chose_seed":false,"campfire_upgraded":3,"win_rate":0,"timestamp":1548997566,"path_taken":["M","$","?","?","M","R","?","M","T","?","R","?","E","M","R","BOSS","M","$","?","?"],"build_version":"2019-01-23","purchased_purges":2,"victory":false,"max_hp_per_floor":[70,70,70,70,70,70,70,70,70,70,70,70,70,70,70,70,70,70,70,70,70],"card_choices":[{"not_picked":["Dash","Flechettes"],"picked":"Accuracy","floor":1},{"not_picked":["Sucker Punch","Slice"],"picked":"Infinite Blades","floor":3},{"not_picked":["Deflect","Poisoned Stab"],"picked":"Cloak And Dagger","floor":5},{"not_picked":["Underhanded Strike","Riddle With Holes","Quick Slash"],"picked":"SKIP","floor":8},{"not_picked":["Dagger Throw+1","Slice+1"],"picked":"Dodge and Roll","floor":13},{"not_picked":["Acrobatics","Outmaneuver"],"picked":"Glass Knife+1","floor":14},{"not_picked":["Dagger Spray+1","Outmaneuver"],"picked":"Prepared","floor":17},{"not_picked":["Riddle With Holes+1","Prepared"],"picked":"A Thousand Cuts","floor":17},{"not_picked":["Dagger Spray+1","Slice+1"],"picked":"Terror","floor":17},{"not_picked":["Outmaneuver","Accuracy"],"picked":"Cloak And Dagger","floor":18},{"not_picked":["Outmaneuver+1","Poisoned Stab+1"],"picked":"Blur+1","floor":20}],"player_experience":160192,"relics_obtained":[{"floor":9,"key":"Molten Egg 2"},{"floor":10,"key":"Kunai"},{"floor":12,"key":"Tingsha"},{"floor":13,"key":"Incense Burner"},{"floor":20,"key":"Red Mask"}],"event_choices":[{"cards_removed":["Strike_G"],"damage_healed":0,"gold_gain":0,"player_choice":"Forget","damage_taken":0,"max_hp_gain":0,"max_hp_loss":0,"event_name":"Living Wall","floor":7,"gold_loss":0},{"damage_healed":0,"gold_gain":0,"player_choice":"Fought Bandits","damage_taken":0,"max_hp_gain":0,"max_hp_loss":0,"event_name":"Masked Bandits","floor":20,"gold_loss":0},{"damage_healed":0,"gold_gain":0,"player_choice":"Fight","damage_taken":0,"max_hp_gain":0,"max_hp_loss":0,"event_name":"Colosseum","floor":21,"gold_loss":0}],"is_beta":false,"boss_relics":[{"not_picked":["Runic Dome","Ectoplasm"],"picked":"Orrery"}],"items_purged_floors":[2,19],"is_endless":false,"potions_floor_spawned":[1,3,16,20],"killed_by":"Colosseum Slavers","ascension_level":1}