{"gold_per_floor":[114,64,74,85,105,168,188,188,265,275,302,78,92,120,120,224,224,244,258,277,40,59,59,59,71,151,177,177,77,88,88,88,88],"floor_reached":33,"playtime":3448,"items_purged":["Strike_B","Decay"],"score":316,"play_id":"5c5465d8-4863-4327-a262-be46195b6437","local_time":"20190131233130","is_ascension_mode":false,"campfire_choices":[{"floor":8,"key":"REST"},{"floor":15,"key":"REST"},{"floor":23,"key":"REST"},{"floor":28,"key":"REST"},{"floor":32,"key":"REST"}],"neow_cost":"CURSE","seed_source_timestamp":259143017965231,"circlet_count":0,"master_deck":["Defend_B","Defend_B","Defend_B","Defend_B","Zap","Dualcast","Static Discharge","Rip and Tear","Gash","Rebound","Static Discharge","Rip and Tear","Writhe","Writhe","Chill+1","Genetic Algorithm","Loop","Sweeping Beam","Bite","Bite","Bite","Bite","Bite","Amplify","Heatsinks"],"relics":["Cracked Core","Torii","Tiny Chest","Gremlin Horn","Du-Vu Doll","Pen Nib","Lantern","Calling Bell","Boot","Question Card","Incense Burner","Toolbox","Mummified Hand","Potion Belt"],"potions_floor_usage":[14,16,27,33],"damage_taken":[{"damage":0,"enemies":"2 Louse","floor":1,"turns":3},{"damage":6,"enemies":"Jaw Worm","floor":3,"turns":4},{"damage":1,"enemies":"Small Slimes","floor":4,"turns":4},{"damage":1,"enemies":"Blue Slaver","floor":5,"turns":4},{"damage":25,"enemies":"Gremlin Nob","floor":6,"turns":4},{"damage":8,"enemies":"3 Louse","floor":7,"turns":3},{"damage":16,"enemies":"Large Slime","floor":10,"turns":5},{"damage":14,"enemies":"Lagavulin","floor":11,"turns":7},{"damage":0,"enemies":"Looter","floor":13,"turns":3},{"damage":11,"enemies":"Gremlin Nob","floor":14,"turns":3},{"damage":20,"enemies":"The Guardian","floor":16,"turns":7},{"damage":18,"enemies":"Spheric Guardian","floor":18,"turns":4},{"damage":10,"enemies":"3 Byrds","floor":19,"turns":6},{"damage":29,"enemies":"Snake Plant","floor":20,"turns":5},{"damage":9,"enemies":"Chosen and Byrds","floor":22,"turns":5},{"damage":12,"enemies":"Sentry and Sphere","floor":25,"turns":4},{"damage":28,"enemies":"Book of Stabbing","floor":27,"turns":5},{"damage":0,"enemies":"Cultist and Chosen","floor":30,"turns":6},{"damage":78,"enemies":"Automaton","floor":33,"turns":8}],"seed_played":"-1635500059327010859","potions_obtained":[{"floor":4,"key":"Explosive Potion"},{"floor":6,"key":"PowerPotion"},{"floor":11,"key":"Fruit Juice"},{"floor":14,"key":"Weak Potion"},{"floor":20,"key":"SpeedPotion"},{"floor":30,"key":"FairyPotion"}],"is_trial":false,"path_per_floor":["?","?","?"],"character_chosen":"DEFECT","items_purchased":["Pen Nib","Toolbox","Sweeping Beam"],"campfire_rested":5,"item_purchase_floors":[12,21,21],"current_hp_per_floor":[75,72,66,65,64,39,31,52,52,36,22,22,22,16,39,19,77,59,49,20,20,11,34,34,34,34,14,29,29,39,39,53,0],"gold":88,"neow_bonus":"ONE_RARE_RELIC","is_prod":false,"is_daily":false,"chose_seed":false,"campfire_upgraded":0,"win_rate":0.0,"timestamp":1548995490,"path_taken":["M","?","M","M","M","E","M","R","T","M","E","$","M","E","R","BOSS","M","M","M","$","M","R","?","M","T","E","R","$","M","?","R","BOSS"],"build_version":"2019-01-23","purchased_purges":2,"victory":false,"max_hp_per_floor":[75,72,72,72,72,72,72,72,72,72,72,72,72,77,77,77,77,77,77,77,77,77,77,53,53,53,53,53,53,53,53,53,53],"card_choices":[{"not_picked":["Turbo","Hologram","Fusion"],"picked":"SKIP","floor":1},{"not_picked":["Stack","Rebound"],"picked":"Static Discharge","floor":3},{"not_picked":["Beam Cell","Compile Driver","Sunder"],"picked":"SKIP","floor":4},{"not_picked":["Streamline","Machine Learning","Storm"],"picked":"SKIP","floor":5},{"not_picked":["Steam Power","Skim"],"picked":"Rip and Tear","floor":6},{"not_picked":["Glacier","Rip and Tear"],"picked":"Gash","floor":7},{"not_picked":["Turbo","Auto Shields","Redo"],"picked":"SKIP","floor":10},{"not_picked":["Skim","Tempest"],"picked":"Rebound","floor":11},{"not_picked":["Stack","Conserve Battery"],"picked":"Static Discharge","floor":13},{"not_picked":["Conserve Battery","Glacier"],"picked":"Rip and Tear","floor":14},{"not_picked":["Tempest","Undo+1","Ball Lightning"],"picked":"Chill+1","floor":18},{"not_picked":["Compile Driver+1","Cold Snap","Heatsinks+1"],"picked":"Genetic Algorithm","floor":19},{"not_picked":["Steam+1","BootSequence","All For One"],"picked":"Loop","floor":20},{"not_picked":["Capacitor","Steam+1","Cold Snap","Lockon"],"picked":"SKIP","floor":22},{"not_picked":["Capacitor","Coolheaded","Sunder","Turbo"],"picked":"SKIP","floor":25},{"not_picked":["Conserve Battery","Blizzard+1","Steam"],"picked":"Amplify","floor":27},{"not_picked":["Ball Lightning","Sunder","Undo"],"picked":"Heatsinks","floor":30}],"player_experience":107204,"relics_obtained":[{"floor":6,"key":"Tiny Chest"},{"floor":9,"key":"Gremlin Horn"},{"floor":11,"key":"Du-Vu Doll"},{"floor":14,"key":"Lantern"},{"floor":17,"key":"Boot"},{"floor":17,"key":"Question Card"},{"floor":17,"key":"Incense Burner"},{"floor":26,"key":"Mummified Hand"},{"floor":27,"key":"Potion Belt"}],"event_choices":[{"cards_removed":["Parasite"],"damage_healed":0,"gold_gain":0,"player_choice":"Card Removal","damage_taken":0,"max_hp_gain":0,"max_hp_loss":0,"event_name":"The Cleric","floor":2,"gold_loss":50},{"damage_healed":0,"gold_gain":0,"player_choice":"Became a vampire","damage_taken":0,"max_hp_gain":0,"max_hp_loss":24,"event_name":"Vampires","floor":24,"gold_loss":0,"cards_obtained":["Bite","Bite","Bite","Bite","Bite"]},{"damage_healed":0,"gold_gain":0,"player_choice":"Ignored","damage_taken":0,"max_hp_gain":0,"max_hp_loss":0,"event_name":"Ghosts","floor":31,"gold_loss":0}],"is_beta":false,"boss_relics":[{"not_picked":["Tiny House","Nuclear Battery"],"picked":"Calling Bell"}],"items_purged_floors":[12,29],"is_endless":false,"potions_floor_spawned":[4,6,11,14,20,22,25,30],"killed_by":"Automaton","ascension_level":0}