{"gold_per_floor":[114,24,24,24,38,73,73,73,73,100,100,134,134,151,151,251,251,262,279,4,23,37,37,65,76,125,125,125,143,143,14,14,109,109,126,126,144,144,156,156,213,226,226,240,240,15,27,44,44,44],"floor_reached":50,"playtime":3361,"items_purged":["Regret","Shame"],"score":671,"play_id":"8198d2ff-85f1-4b30-9d1c-7976956cc8c3","local_time":"20180905145016","is_ascension_mode":true,"campfire_choices":[{"floor":7,"key":"DIG"},{"floor":11,"key":"DIG"},{"floor":13,"key":"REST"},{"floor":15,"key":"DIG"},{"floor":23,"key":"REST"},{"floor":27,"key":"REST"},{"floor":32,"key":"REST"},{"floor":40,"key":"REST"},{"floor":45,"key":"REST"},{"floor":49,"key":"REST"}],"neow_cost":"NONE","seed_source_timestamp":584215364805177,"circlet_count":0,"master_deck":["Defend_G","Defend_G","Defend_G","Defend_G","Defend_G","Strike_G","Strike_G","Strike_G","Strike_G","Strike_G","Survivor","Neutralize","Dagger Spray","Infinite Blades","Blade Dance","Cloak And Dagger","Leg Sweep","Dodge and Roll","Caltrops+1","Dagger Spray","Glass Knife","Slice","Apotheosis","Caltrops+1","Backflip+1","A Thousand Cuts+1","Outmaneuver+1","Flying Knee","Cloak And Dagger","Cloak And Dagger","Glass Knife","Flying Knee+1","Footwork+1","Concentrate+1","Backflip+1","Infinite Blades+1","Noxious Fumes+1","Noxious Fumes+1","Infinite Blades+1","Backflip","Dodge and Roll+1","Backstab"],"relics":["Ring of the Snake","NeowsBlessing","Shovel","Vajra","Lantern","Gremlin Horn","Bag of Marbles","Mercury Hourglass","Frozen Egg 2","Anchor","White Beast Statue","Matryoshka","Blood Vial","Art of War","Question Card","MutagenicStrength","Cursed Key","Turnip","Tiny Chest","Bronze Scales","Dead Branch"],"potions_floor_usage":[16,19,21,24,24,25,33,33,36,36,39,39,41,42,47,50,50,50],"damage_taken":[{"damage":0,"enemies":"2 Louse","floor":1,"turns":1},{"damage":0,"enemies":"Small Slimes","floor":5,"turns":1},{"damage":0,"enemies":"Lagavulin","floor":6,"turns":1},{"damage":25,"enemies":"3 Sentries","floor":10,"turns":8},{"damage":23,"enemies":"Lagavulin","floor":12,"turns":9},{"damage":0,"enemies":"Cultist","floor":14,"turns":3},{"damage":14,"enemies":"The Guardian","floor":16,"turns":12},{"damage":0,"enemies":"3 Byrds","floor":18,"turns":4},{"damage":5,"enemies":"2 Thieves","floor":19,"turns":3},{"damage":18,"enemies":"Snecko","floor":21,"turns":5},{"damage":14,"enemies":"Centurion and Healer","floor":22,"turns":4},{"damage":22,"enemies":"Slavers","floor":24,"turns":3},{"damage":6,"enemies":"Cultist and Chosen","floor":25,"turns":4},{"damage":15,"enemies":"Snake Plant","floor":29,"turns":3},{"damage":24,"enemies":"Collector","floor":33,"turns":8},{"damage":18,"enemies":"3 Darklings","floor":35,"turns":3},{"damage":12,"enemies":"Mind Bloom Boss Battle","floor":36,"turns":5},{"damage":0,"enemies":"Orb Walker","floor":37,"turns":2},{"damage":39,"enemies":"Spire Growth","floor":39,"turns":5},{"damage":0,"enemies":"2 Orb Walkers","floor":41,"turns":3},{"damage":7,"enemies":"Maw","floor":42,"turns":6},{"damage":11,"enemies":"3 Darklings","floor":44,"turns":3},{"damage":23,"enemies":"4 Shapes","floor":47,"turns":4},{"damage":0,"enemies":"Spire Growth","floor":48,"turns":5},{"damage":64,"enemies":"Donu and Deca","floor":50,"turns":8}],"seed_played":"-5902980635039590344","potions_obtained":[{"floor":10,"key":"LiquidBronze"},{"floor":12,"key":"SteroidPotion"},{"floor":16,"key":"Fruit Juice"},{"floor":18,"key":"Ancient Potion"},{"floor":19,"key":"Strength Potion"},{"floor":21,"key":"SteroidPotion"},{"floor":22,"key":"Poison Potion"},{"floor":24,"key":"PowerPotion"},{"floor":25,"key":"Energy Potion"},{"floor":29,"key":"FearPotion"},{"floor":33,"key":"Regen Potion"},{"floor":35,"key":"Block Potion"},{"floor":36,"key":"Poison Potion"},{"floor":37,"key":"Weak Potion"},{"floor":39,"key":"FearPotion"},{"floor":41,"key":"Block Potion"},{"floor":42,"key":"GamblersBrew"},{"floor":44,"key":"SkillPotion"},{"floor":47,"key":"Swift Potion"},{"floor":48,"key":"EssenceOfSteel"}],"is_trial":false,"path_per_floor":["M","$","?","?","M","E","R","$","T","E","R","E","R","M","R","B",null,"M","M","$","M","M","R","E","M","T","R","?","M","?","$","R","B",null,"M","?","M","?","M","R","E","M","T","M","R","$","M","M","R"],"character_chosen":"THE_SILENT","items_purchased":["Infinite Blades","Blade Dance","Apotheosis","Caltrops+1","Cloak And Dagger","Infinite Blades+1","Backflip"],"campfire_rested":7,"item_purchase_floors":[2,2,20,20,31,46,46],"current_hp_per_floor":[70,70,70,70,70,70,70,70,70,45,45,22,43,43,43,29,70,70,70,70,52,38,60,38,32,32,54,54,41,41,41,63,41,75,57,61,63,63,26,48,50,45,45,36,58,58,37,39,61,0],"gold":44,"neow_bonus":"THREE_ENEMY_KILL","is_prod":false,"is_daily":false,"chose_seed":false,"campfire_upgraded":0,"win_rate":0,"timestamp":1536180616,"path_taken":["M","$","?","?","M","E","R","$","T","E","R","E","R","M","R","BOSS","M","M","$","M","M","R","E","M","T","R","?","?","?","?","R","BOSS","M","?","M","?","M","R","E","M","T","M","R","?","M","M","R","BOSS"],"build_version":"2018-08-30","purchased_purges":2,"victory":false,"max_hp_per_floor":[70,70,70,70,70,70,70,70,70,70,70,70,70,70,70,70,70,70,75,75,75,75,75,75,75,75,75,75,75,75,75,75,75,75,75,75,75,75,75,75,75,75,75,75,75,75,75,75,75,75],"card_choices":[{"not_picked":["Underhanded Strike","Bane"],"picked":"Dagger Spray","floor":1},{"not_picked":["Quick Slash","Sucker Punch"],"picked":"Cloak And Dagger","floor":5},{"not_picked":["Poisoned Stab","Flying Knee"],"picked":"Leg Sweep","floor":6},{"not_picked":["Deadly Poison","Bouncing Flask"],"picked":"Dodge and Roll","floor":10},{"not_picked":["Night Terror","Bane"],"picked":"Caltrops","floor":12},{"not_picked":["Bane","Deflect"],"picked":"Dagger Spray","floor":14},{"not_picked":["Die Die Die","Phantasmal Killer"],"picked":"Glass Knife","floor":16},{"not_picked":["Acrobatics","Deflect+1"],"picked":"Slice","floor":18},{"not_picked":["Dodge and Roll","PiercingWail"],"picked":"Quick Slash+1","floor":19},{"not_picked":["Expertise","Poisoned Stab"],"picked":"Backflip+1","floor":21},{"not_picked":["Outmaneuver","Eviscerate"],"picked":"A Thousand Cuts+1","floor":22},{"not_picked":["Acrobatics+1","Prepared"],"picked":"Outmaneuver+1","floor":24},{"not_picked":["Deadly Poison+1","Underhanded Strike+1"],"picked":"Flying Knee","floor":25},{"not_picked":["Backstab","Dodge and Roll+1","Prepared"],"picked":"Cloak And Dagger","floor":29},{"not_picked":["Phantasmal Killer","Corpse Explosion","Die Die Die"],"picked":"Glass Knife","floor":33},{"not_picked":["Deadly Poison+1","Well Laid Plans+1","Eviscerate"],"picked":"Flying Knee+1","floor":35},{"not_picked":["Catalyst","Expertise","Dagger Spray"],"picked":"Footwork+1","floor":36},{"not_picked":["Deflect","Calculated Gamble","Outmaneuver"],"picked":"Concentrate+1","floor":37},{"not_picked":["Endless Agony","Deflect","Flying Knee"],"picked":"Backflip+1","floor":39},{"not_picked":["Calculated Gamble","Backstab+1","Quick Slash+1"],"picked":"Infinite Blades+1","floor":41},{"not_picked":["Deflect","Slice+1","Backflip"],"picked":"Noxious Fumes+1","floor":42},{"not_picked":["Underhanded Strike","Escape Plan","A Thousand Cuts+1"],"picked":"Noxious Fumes+1","floor":44},{"not_picked":["PiercingWail+1","Predator+1","Bane+1"],"picked":"Dodge and Roll+1","floor":47},{"not_picked":["Malaise","Escape Plan","Eviscerate"],"picked":"Backstab","floor":48}],"player_experience":465664,"relics_obtained":[{"floor":6,"key":"Vajra"},{"floor":7,"key":"Lantern"},{"floor":9,"key":"Gremlin Horn"},{"floor":10,"key":"Bag of Marbles"},{"floor":11,"key":"Mercury Hourglass"},{"floor":12,"key":"Frozen Egg 2"},{"floor":15,"key":"Anchor"},{"floor":24,"key":"Matryoshka"},{"floor":26,"key":"Blood Vial"},{"floor":26,"key":"Art of War"},{"floor":28,"key":"Question Card"},{"floor":36,"key":"Turnip"},{"floor":41,"key":"Tiny Chest"},{"floor":43,"key":"Bronze Scales"},{"floor":43,"key":"Dead Branch"}],"event_choices":[{"event_name":"Big Fish","player_choice":"Box","floor":3,"damage_taken":0},{"event_name":"The Cleric","player_choice":"Leave","floor":4,"damage_taken":0},{"event_name":"Wheel of Change","player_choice":"Relic","floor":28,"damage_taken":0},{"event_name":"Drug Dealer","player_choice":"Inject Mutagens","floor":30,"damage_taken":0},{"event_name":"MindBloom","player_choice":"Fight","floor":36,"damage_taken":0},{"event_name":"Falling","player_choice":"Removed Attack","floor":38,"damage_taken":0}],"is_beta":false,"boss_relics":[{"not_picked":["Coffee Dripper","Velvet Choker"],"picked":"White Beast Statue"},{"not_picked":["Orrery","Calling Bell"],"picked":"Cursed Key"}],"items_purged_floors":[31,46],"is_endless":false,"potions_floor_spawned":[10,12,16,18,19,21,22,24,25,29,33,35,36,37,39,41,42,44,47,48],"killed_by":"Donu and Deca","ascension_level":3}