{"gold_per_floor":[111,124,137,137,84,110,110,130,130,157,176,211,231,76,76,181,181,199,218,218,163,183,183,50,78,130,141,141],"floor_reached":28,"playtime":1145,"items_purged":[],"score":415,"play_id":"c700d0c9-0a43-4468-a793-8e35ee185744","local_time":"20190226163639","is_ascension_mode":true,"campfire_choices":[{"floor":15,"key":"REST"},{"data":"Cloak And Dagger","floor":23,"key":"SMITH"}],"neow_cost":"NONE","seed_source_timestamp":945362525294412,"circlet_count":0,"master_deck":["Defend_G","Defend_G","Defend_G","Defend_G","Defend_G","Strike_G","Strike_G","Strike_G","Strike_G","Strike_G","Survivor","Neutralize","Blade Dance","Prepared","Cloak And Dagger","Corpse Explosion","Deflect","Cloak And Dagger+1","Cloak And Dagger","Sucker Punch","Unload","Dodge and Roll+1","Backflip","Flying Knee","Blade Dance","Caltrops","Blade Dance+1","Slice"],"special_seed":0,"relics":["Ring of the Snake","FaceOfCleric","Mercury Hourglass","Darkstone Periapt","Bag of Marbles","Letter Opener","Bronze Scales","White Beast Statue","Tiny Chest","Oddly Smooth Stone","Snake Skull"],"potions_floor_usage":[6,16,16,22,25,27],"damage_taken":[{"damage":4.0,"enemies":"Jaw Worm","floor":1.0,"turns":3.0},{"damage":0.0,"enemies":"Cultist","floor":2.0,"turns":4.0},{"damage":6.0,"enemies":"Small Slimes","floor":3.0,"turns":4.0},{"damage":28,"enemies":"Gremlin Nob","floor":6,"turns":4},{"damage":2,"enemies":"Blue Slaver","floor":8,"turns":4},{"damage":0,"enemies":"Looter","floor":11,"turns":3},{"damage":7,"enemies":"3 Sentries","floor":12,"turns":3},{"damage":5,"enemies":"Large Slime","floor":13,"turns":4},{"damage":0,"enemies":"Slime Boss","floor":16,"turns":8},{"damage":16,"enemies":"Spheric Guardian","floor":18,"turns":4},{"damage":9,"enemies":"2 Thieves","floor":19,"turns":4},{"damage":1,"enemies":"Colosseum Slavers","floor":20,"turns":4},{"damage":2,"enemies":"Cultist and Chosen","floor":22,"turns":4},{"damage":33,"enemies":"Gremlin Leader","floor":25,"turns":6},{"damage":11,"enemies":"Centurion and Healer","floor":27,"turns":5},{"damage":8,"enemies":"Snake Plant","floor":28,"turns":2}],"seed_played":"-5038548588211239426","potions_obtained":[{"floor":1.0,"key":"FearPotion"},{"floor":8,"key":"GhostInAJar"},{"floor":12,"key":"Explosive Potion"},{"floor":18,"key":"SpeedPotion"},{"floor":19,"key":"Poison Potion"},{"floor":22,"key":"FearPotion"},{"floor":25,"key":"Weak Potion"},{"floor":27,"key":"Fire Potion"}],"is_trial":false,"path_per_floor":["M","M","M","?","$","E","?","M","T","T","M","E","M","$","R","B",null,"M","M","?","?","M","R","$","E","T","M","M"],"character_chosen":"THE_SILENT","items_purchased":["Cloak And Dagger","Bronze Scales","Blade Dance","Caltrops"],"campfire_rested":1,"item_purchase_floors":[5,14,24,24],"current_hp_per_floor":[66,66,60,60,60,33,33,32,32,32,33,27,23,23,47,48,74,59,51,51,51,50,50,50,18,18,8,0],"gold":141,"neow_bonus":"TEN_PERCENT_HP_BONUS","is_prod":false,"is_daily":false,"chose_seed":false,"campfire_upgraded":1,"win_rate":0,"timestamp":1551224199,"path_taken":["M","M","M","?","?","E","?","M","T","?","M","E","M","$","R","BOSS","M","M","?","?","M","R","$","E","T","M","M"],"build_version":"2019-01-23","purchased_purges":0,"victory":false,"max_hp_per_floor":[77,77,77,77,77,78,78,79,79,79,80,81,82,82,82,83,83,84,85,86,86,87,87,87,88,88,89,89],"card_choices":[{"not_picked":["Concentrate","Deadly Poison"],"picked":"Blade Dance","floor":1.0},{"not_picked":["Endless Agony","Riddle With Holes","Reflex"],"picked":"SKIP","floor":2.0},{"not_picked":["Eviscerate","Underhanded Strike"],"picked":"Prepared","floor":3.0},{"not_picked":["Riddle With Holes","Night Terror"],"picked":"Corpse Explosion","floor":6},{"not_picked":["Bane","Underhanded Strike"],"picked":"Deflect","floor":8},{"not_picked":["Setup","Blade Dance"],"picked":"Cloak And Dagger","floor":11},{"not_picked":["Sucker Punch","Well Laid Plans"],"picked":"Cloak And Dagger","floor":12},{"not_picked":["Flechettes","Deadly Poison"],"picked":"Sucker Punch","floor":13},{"not_picked":["Night Terror","Envenom"],"picked":"Unload","floor":16},{"not_picked":["Underhanded Strike","Catalyst"],"picked":"Dodge and Roll+1","floor":18},{"not_picked":["Bane+1","Sucker Punch"],"picked":"Backflip","floor":19},{"not_picked":["Bouncing Flask","Outmaneuver"],"picked":"Flying Knee","floor":22},{"not_picked":["Outmaneuver","Dagger Throw"],"picked":"Blade Dance+1","floor":25},{"not_picked":["Quick Slash+1","Predator"],"picked":"Slice","floor":27}],"player_experience":1605447,"relics_obtained":[{"floor":6,"key":"Mercury Hourglass"},{"floor":9,"key":"Darkstone Periapt"},{"floor":10,"key":"Bag of Marbles"},{"floor":12,"key":"Letter Opener"},{"floor":25,"key":"Oddly Smooth Stone"},{"floor":26,"key":"Snake Skull"}],"event_choices":[{"damage_healed":0.0,"max_hp_gain":0.0,"max_hp_loss":0.0,"gold_gain":0.0,"event_name":"FaceTrader","player_choice":"Trade","floor":4.0,"gold_loss":0.0,"damage_taken":0.0,"relics_obtained":["FaceOfCleric"]},{"damage_healed":0,"gold_gain":0,"player_choice":"Ignored","damage_taken":0,"max_hp_gain":0,"max_hp_loss":0,"event_name":"Shining Light","floor":7,"gold_loss":0},{"damage_healed":0,"gold_gain":0,"player_choice":"Fight","damage_taken":0,"max_hp_gain":0,"max_hp_loss":0,"event_name":"Colosseum","floor":20,"gold_loss":0},{"damage_healed":0,"gold_gain":0,"player_choice":"Fled From Nobs","damage_taken":0,"max_hp_gain":0,"max_hp_loss":0,"event_name":"Colosseum","floor":20,"gold_loss":0},{"damage_healed":0,"gold_gain":0,"player_choice":"Obtained Relic","damage_taken":0,"relics_obtained":["Tiny Chest"],"max_hp_gain":0,"max_hp_loss":0,"event_name":"Addict","floor":21,"gold_loss":85}],"is_beta":false,"boss_relics":[{"not_picked":["Orrery","Ectoplasm"],"picked":"White Beast Statue"}],"items_purged_floors":[],"is_endless":false,"potions_floor_spawned":[1,8,12,18,19,20,22,25,27],"killed_by":"Snake Plant","ascension_level":6}