{"path_per_floor":["M","M","?","M","M","R","$","?","T","$","M","M","M","M","R","B",null,"M","M","M","M"],"character_chosen":"DEFECT","items_purchased":["Thunder Strike","Skim"],"gold_per_floor":[115,127,92,107,119,119,41,41,41,18,36,50,64,78,78,175,175,190,202,216,228,228],"floor_reached":22,"campfire_rested":1,"playtime":1620,"current_hp_per_floor":[31,31,49,56,52,52,52,49,49,49,49,44,44,26,48,48,75,74,74,71,16,0],"items_purged":[],"gold":228,"score":184,"play_id":"845abce4-75d8-43e4-a558-b4dc7b9098bf","local_time":"20180429014906","is_prod":false,"is_daily":false,"chose_seed":false,"is_ascension_mode":false,"campfire_upgraded":1,"timestamp":1524980946,"path_taken":["M","M","?","M","M","R","?","?","T","?","?","M","M","M","R","BOSS","M","M","M","M","M"],"build_version":"2018-04-27v3","seed_source_timestamp":373682976729302,"purchased_purges":0,"victory":false,"master_deck":["Strike_B","Strike_B","Strike_B","Strike_B","Defend_B","Defend_B","Defend_B","Zap+1","Reinforced Body","Self Repair","Leap","Rebound","Thunder Strike","Skim","Ball Lightning","Tempest","Defragment","Ball Lightning","All For One","Ball Lightning+1","Chaos","Chill","Go for the Eyes"],"max_hp_per_floor":[75,75,75,75,75,75,75,75,75,75,75,75,75,75,75,75,75,75,75,75,75,75],"relics":["Cracked Core","Question Card","Pen Nib","Nuclear Battery"],"card_choices":[{"not_picked":["Barrage","Cold Snap"],"picked":"Reinforced Body","floor":1},{"not_picked":["Impulse","Go for the Eyes"],"picked":"Self Repair","floor":2},{"not_picked":["Buffer","Streamline"],"picked":"Leap","floor":4},{"not_picked":["Go for the Eyes","Reinforced Body"],"picked":"Rebound","floor":5},{"not_picked":["Double Energy","Skim","Leap"],"picked":"Ball Lightning","floor":11},{"not_picked":["Scrape","Sweeping Beam","Streamline"],"picked":"Tempest","floor":12},{"not_picked":["Aggregate","Streamline","Force Field"],"picked":"Defragment","floor":13},{"not_picked":["Reprogram","Streamline","Skim"],"picked":"Ball Lightning","floor":14},{"not_picked":["Echo Form","Biased Cognition","Thunder Strike"],"picked":"All For One","floor":16},{"not_picked":["Sweeping Beam","Capacitor","Axe Kick"],"picked":"Ball Lightning","floor":18},{"not_picked":["Buffer","Hologram","Impulse"],"picked":"Chaos","floor":19},{"not_picked":["Ball Lightning","Skim","Genetic Algorithm"],"picked":"Chill","floor":20},{"not_picked":["Sweeping Beam","Undo","Hello World"],"picked":"Go for the Eyes","floor":21}],"player_experience":104300,"potions_floor_usage":[13,14,14,14],"damage_taken":[{"damage":7,"enemies":"Small Slimes","floor":1,"turns":4},{"damage":0,"enemies":"Jaw Worm","floor":2,"turns":3},{"damage":0,"enemies":"2 Louse","floor":4,"turns":3},{"damage":11,"enemies":"Exordium Thugs","floor":5,"turns":8},{"damage":7,"enemies":"Blue Slaver","floor":11,"turns":4},{"damage":5,"enemies":"Looter","floor":12,"turns":2},{"damage":0,"enemies":"Large Slime","floor":13,"turns":4},{"damage":37,"enemies":"Gremlin Gang","floor":14,"turns":5},{"damage":7,"enemies":"Slime Boss","floor":16,"turns":6},{"damage":1,"enemies":"Spheric Guardian","floor":18,"turns":3},{"damage":0,"enemies":"Chosen","floor":19,"turns":3},{"damage":3,"enemies":"Snecko","floor":20,"turns":3},{"damage":55,"enemies":"Slaver and Parasite","floor":21,"turns":6},{"damage":25,"enemies":"Sentry and Sphere","floor":22,"turns":3}],"event_choices":[{"event_name":"The Cleric","player_choice":"Healed","floor":3,"damage_taken":0},{"event_name":"Scrap Ooze","player_choice":"success","floor":8,"damage_taken":3}],"boss_relics":[{"not_picked":["Lizard Tail","Black Star"],"picked":"Nuclear Battery"}],"potions_floor_spawned":[1,5,12,13,16,20,21],"seed_played":"-7730576190932670401","killed_by":"Sentry and Sphere","ascension_level":0,"is_trial":false}