{"gold_per_floor":[110,12,32,32,32,64,64,93,120,135,135,235,282,292,292,391,391,403,415,188,188,14,47,47,62,107,107,126,225,251,251,251,251],"floor_reached":33,"playtime":1466,"items_purged":[],"score":379,"play_id":"7718cbff-5e54-4efb-9d72-43ab36d0b3f2","local_time":"20181028232942","is_ascension_mode":true,"campfire_choices":[{"data":"Storm","floor":11,"key":"SMITH"},{"floor":15,"key":"REST"},{"floor":24,"key":"REST"},{"floor":32,"key":"REST"}],"neow_cost":"NONE","seed_source_timestamp":107288424991658,"circlet_count":0,"master_deck":["Strike_B","Strike_B","Strike_B","Strike_B","Defend_B","Defend_B","Defend_B","Defend_B","Zap","Dualcast","Defragment","Genetic Algorithm","Ball Lightning","Conserve Battery","Undo","Storm+1","Capacitor","Electrodynamics","White Noise","Genetic Algorithm+1","Storm","Defragment","Coolheaded","Loop","Amplify"],"special_seed":0,"relics":["Cracked Core","Juzu Bracelet","Art of War","Pen Nib","Potion Belt","Busted Crown","Bag of Preparation","Girya","Ancient Tea Set","Blue Candle"],"potions_floor_usage":[8,8,14,16,30,30,30,33],"damage_taken":[{"damage":4.0,"enemies":"Jaw Worm","floor":1.0,"turns":3.0},{"damage":1.0,"enemies":"Cultist","floor":3.0,"turns":3.0},{"damage":30.0,"enemies":"Lagavulin","floor":6.0,"turns":5.0},{"damage":20,"enemies":"Gremlin Nob","floor":8,"turns":3},{"damage":0,"enemies":"2 Louse","floor":10,"turns":2},{"damage":2,"enemies":"2 Fungi Beasts","floor":14,"turns":3},{"damage":38,"enemies":"Slime Boss","floor":16,"turns":7},{"damage":31,"enemies":"Shell Parasite","floor":18,"turns":7},{"damage":12,"enemies":"2 Thieves","floor":19,"turns":4},{"damage":5,"enemies":"Gremlin Leader","floor":23,"turns":4},{"damage":0,"enemies":"Snecko","floor":25,"turns":3},{"damage":14,"enemies":"Shelled Parasite and Fungi","floor":28,"turns":4},{"damage":0,"enemies":"Slavers","floor":30,"turns":2},{"damage":27,"enemies":"Colosseum Slavers","floor":31,"turns":3},{"damage":31,"enemies":"Champ","floor":33,"turns":6}],"seed_played":"8163671979536304945","potions_obtained":[{"floor":6.0,"key":"FocusPotion"},{"floor":7.0,"key":"Regen Potion"},{"floor":7.0,"key":"PowerPotion"},{"floor":10,"key":"SpeedPotion"},{"floor":14,"key":"SpeedPotion"},{"floor":18,"key":"Ancient Potion"},{"floor":23,"key":"FearPotion"},{"floor":25,"key":"Swift Potion"}],"is_trial":false,"path_per_floor":["M","$","M","?","?","E","?","E","T","M","R","?","T","M","R","B",null,"M","M","$","?","$","E","R","M","T","?","M","?","E","?","R"],"character_chosen":"DEFECT","items_purchased":["Redo","Strength Potion","Storm","Bag of Preparation","Defragment","Coolheaded","Energy Potion"],"campfire_rested":3,"item_purchase_floors":[2,2,20,20,22,22,22],"current_hp_per_floor":[71,71,70,75,75,45,45,25,25,25,25,25,25,23,45,22,75,44,32,32,32,32,27,49,49,49,49,35,35,35,8,30,0],"gold":251,"neow_bonus":"THREE_CARDS","is_prod":false,"is_daily":false,"chose_seed":false,"campfire_upgraded":1,"win_rate":0,"timestamp":1540783782,"path_taken":["M","$","M","?","?","E","?","E","T","M","R","?","?","M","R","BOSS","M","M","$","?","$","E","R","M","T","?","M","?","E","?","R","BOSS"],"build_version":"2018-10-25v2","purchased_purges":0,"victory":false,"max_hp_per_floor":[75,75,75,75,75,75,75,75,75,75,75,75,75,75,75,75,75,75,75,75,75,75,75,75,75,75,75,75,75,75,75,75,75],"card_choices":[{"not_picked":["Aggregate","FTL"],"picked":"Defragment","floor":0.0},{"not_picked":["Conserve Battery","Doom and Gloom"],"picked":"Genetic Algorithm","floor":1.0},{"not_picked":["Redo","Compile Driver"],"picked":"Ball Lightning","floor":3.0},{"not_picked":["Blizzard","Go for the Eyes"],"picked":"Conserve Battery","floor":6.0},{"not_picked":["Streamline","Gash"],"picked":"Undo","floor":8},{"not_picked":["Amplify","Ball Lightning"],"picked":"Storm","floor":10},{"not_picked":["Leap","Coolheaded"],"picked":"Capacitor","floor":14},{"not_picked":["Rainbow","Meteor Strike"],"picked":"Electrodynamics","floor":16},{"not_picked":[],"picked":"White Noise","floor":18},{"not_picked":[],"picked":"Genetic Algorithm+1","floor":19},{"not_picked":[],"picked":"Loop","floor":23},{"not_picked":["Gash"],"picked":"SKIP","floor":25},{"not_picked":["Rip and Tear"],"picked":"SKIP","floor":28},{"not_picked":[],"picked":"Amplify","floor":30}],"player_experience":419593,"relics_obtained":[{"floor":6.0,"key":"Juzu Bracelet"},{"floor":8,"key":"Art of War"},{"floor":9,"key":"Pen Nib"},{"floor":13,"key":"Potion Belt"},{"floor":23,"key":"Girya"},{"floor":26,"key":"Ancient Tea Set"},{"floor":30,"key":"Blue Candle"}],"event_choices":[{"cards_removed":["Redo"],"damage_healed":5.0,"max_hp_gain":0.0,"max_hp_loss":0.0,"gold_gain":0.0,"event_name":"Bonfire Elementals","player_choice":"Offered Common","floor":4.0,"gold_loss":0.0,"damage_taken":0.0},{"cards_removed":["Redo"],"damage_healed":5.0,"max_hp_gain":0.0,"max_hp_loss":0.0,"gold_gain":0.0,"event_name":"Bonfire Elementals","player_choice":"Offered Special","floor":4.0,"gold_loss":0.0,"damage_taken":0.0},{"damage_healed":0.0,"max_hp_gain":0.0,"max_hp_loss":0.0,"gold_gain":0.0,"event_name":"The Cleric","player_choice":"Leave","floor":5.0,"gold_loss":0.0,"damage_taken":0.0},{"damage_healed":0.0,"max_hp_gain":0.0,"max_hp_loss":0.0,"gold_gain":0.0,"event_name":"The Lab","player_choice":"Got Potions","floor":7.0,"gold_loss":0.0,"damage_taken":0.0},{"damage_healed":0,"gold_gain":100,"player_choice":"Pray","damage_taken":0,"max_hp_gain":0,"max_hp_loss":0,"event_name":"Golden Shrine","floor":12,"gold_loss":0},{"damage_healed":0,"gold_gain":0,"player_choice":"Ignored","damage_taken":0,"max_hp_gain":0,"max_hp_loss":0,"event_name":"Beggar","floor":21,"gold_loss":0},{"damage_healed":0,"gold_gain":0,"player_choice":"Ignored","damage_taken":0,"max_hp_gain":0,"max_hp_loss":0,"event_name":"Ghosts","floor":27,"gold_loss":0},{"damage_healed":0,"gold_gain":99,"player_choice":"Stole From Cult","damage_taken":0,"max_hp_gain":0,"max_hp_loss":0,"event_name":"Nest","floor":29,"gold_loss":0},{"damage_healed":0,"gold_gain":0,"player_choice":"Fight","damage_taken":0,"max_hp_gain":0,"max_hp_loss":0,"event_name":"Colosseum","floor":31,"gold_loss":0},{"damage_healed":0,"gold_gain":0,"player_choice":"Fled From Nobs","damage_taken":0,"max_hp_gain":0,"max_hp_loss":0,"event_name":"Colosseum","floor":31,"gold_loss":0}],"is_beta":true,"boss_relics":[{"not_picked":["Eternal Feather","Lizard Tail"],"picked":"Busted Crown"}],"items_purged_floors":[],"is_endless":false,"potions_floor_spawned":[6,10,14,18,23,25,31],"killed_by":"Champ","ascension_level":4}