{"gold_per_floor":[113,113,3,16,32,32,45,75,75,75,28,28,28,38,38,138,138,156,18,18,36,56,56,56],"floor_reached":24,"playtime":666,"items_purged":["Regret"],"score":260,"play_id":"c79efd8e-9c76-4a07-b126-5e98561971b7","local_time":"20181031105907","is_ascension_mode":true,"campfire_choices":[{"data":"Armaments","floor":6,"key":"SMITH"},{"data":"Inflame","floor":15,"key":"SMITH"},{"data":"Heavy Blade","floor":23,"key":"SMITH"}],"neow_cost":"NONE","seed_source_timestamp":1790186285769544,"circlet_count":0,"master_deck":["Strike_R","Strike_R","Strike_R","Strike_R","Defend_R","Defend_R","Defend_R","Defend_R","Bash","Shrug It Off","Spot Weakness","Twin Strike","Armaments+1","Warcry","Anger","Shrug It Off","Heavy Blade","Inflame+1","Reaper","Flex","Heavy Blade+1","Finesse","Sword Boomerang","Sword Boomerang","Shrug It Off+1"],"relics":["Burning Blood","NeowsBlessing","Pantograph","Odd Mushroom","Blood Vial","Gremlin Horn","White Beast Statue"],"potions_floor_usage":[16,24],"damage_taken":[{"damage":0,"enemies":"Small Slimes","floor":1,"turns":1},{"damage":0,"enemies":"Jaw Worm","floor":4,"turns":1},{"damage":0,"enemies":"Cultist","floor":5,"turns":1},{"damage":1,"enemies":"Large Slime","floor":7,"turns":7},{"damage":15,"enemies":"The Mushroom Lair","floor":8,"turns":5},{"damage":8,"enemies":"Blue Slaver","floor":14,"turns":4},{"damage":10,"enemies":"Hexaghost","floor":16,"turns":8},{"damage":14,"enemies":"Chosen","floor":18,"turns":6},{"damage":19,"enemies":"Spheric Guardian","floor":21,"turns":4},{"damage":0,"enemies":"Snecko","floor":22,"turns":3},{"damage":111,"enemies":"Book of Stabbing","floor":24,"turns":7}],"seed_played":"-745914951760665473","potions_obtained":[{"floor":5,"key":"SpeedPotion"},{"floor":8,"key":"Block Potion"},{"floor":18,"key":"EssenceOfSteel"},{"floor":21,"key":"FairyPotion"}],"is_trial":false,"path_per_floor":["M","?","$","M","M","R","M","?","T","T","$","?","$","M","R","B",null,"M","$","?","M","M","R"],"character_chosen":"IRONCLAD","items_purchased":["Spot Weakness","Shrug It Off","Heavy Blade","Finesse"],"campfire_rested":0,"item_purchase_floors":[3,11,19,19],"current_hp_per_floor":[78,78,78,80,80,80,80,71,71,71,71,71,71,71,71,76,79,72,72,72,61,78,78,0],"gold":56,"neow_bonus":"THREE_ENEMY_KILL","is_prod":false,"is_daily":false,"chose_seed":false,"campfire_upgraded":3,"win_rate":0,"timestamp":1541005147,"path_taken":["M","?","?","M","M","R","M","?","T","?","$","?","$","?","R","BOSS","M","?","?","M","M","R","E"],"build_version":"2018-10-25v2","purchased_purges":1,"victory":false,"max_hp_per_floor":[80,80,80,80,80,80,80,80,80,80,80,80,80,80,80,80,80,80,80,80,80,80,80,80],"card_choices":[{"not_picked":["Twin Strike","Sentinel"],"picked":"Shrug It Off","floor":1},{"not_picked":["Spot Weakness","Wild Strike"],"picked":"Twin Strike","floor":4},{"not_picked":["Clothesline","Clash"],"picked":"Armaments","floor":5},{"not_picked":["True Grit","Anger"],"picked":"Warcry","floor":7},{"not_picked":["Havoc","Power Through"],"picked":"Anger","floor":8},{"not_picked":["Cleave","Whirlwind"],"picked":"Inflame","floor":14},{"not_picked":["Immolate","Barricade"],"picked":"Reaper","floor":16},{"not_picked":["Disarm","Sword Boomerang"],"picked":"Flex","floor":18},{"not_picked":["Flex","Cleave"],"picked":"Sword Boomerang","floor":21},{"not_picked":["Havoc","Infernal Blade+1"],"picked":"Shrug It Off+1","floor":22}],"player_experience":978466,"relics_obtained":[{"floor":8,"key":"Odd Mushroom"},{"floor":9,"key":"Blood Vial"},{"floor":10,"key":"Gremlin Horn"}],"event_choices":[{"damage_healed":0,"gold_gain":0,"player_choice":"Box","damage_taken":0,"relics_obtained":["Pantograph"],"max_hp_gain":0,"max_hp_loss":0,"event_name":"Big Fish","floor":2,"gold_loss":0,"cards_obtained":["Regret"]},{"damage_healed":0,"gold_gain":0,"player_choice":"Fought Mushrooms","damage_taken":0,"max_hp_gain":0,"max_hp_loss":0,"event_name":"Mushrooms","floor":8,"gold_loss":0},{"damage_healed":0,"gold_gain":0,"cards_transformed":["Strike_R"],"player_choice":"Change","damage_taken":0,"max_hp_gain":0,"max_hp_loss":0,"event_name":"Living Wall","floor":12,"gold_loss":0,"cards_obtained":["Heavy Blade"]},{"damage_healed":0,"gold_gain":0,"player_choice":"Read","damage_taken":0,"max_hp_gain":0,"max_hp_loss":0,"event_name":"The Library","floor":20,"gold_loss":0,"cards_obtained":["Sword Boomerang"]}],"is_beta":false,"boss_relics":[{"not_picked":["Coffee Dripper","Lizard Tail"],"picked":"White Beast Statue"}],"items_purged_floors":[3],"is_endless":false,"potions_floor_spawned":[5,8,18,21,22],"killed_by":"Book of Stabbing","ascension_level":8}