{"gold_per_floor":[360,378,393,393,134,134,146,146,146,165,128,128,147,165,165,270,270,282,381,381,393,17,42,42,55,55,72,72,101,101,113,113,213,213,224,324,36,48,48,48,48,48,75,75,86,86,101,111,111,111],"floor_reached":51,"playtime":1370,"items_purged":["Defend_R","Strike_R"],"score":704,"play_id":"bcb493d4-7f82-49bb-afec-5968de5c9112","local_time":"20190124192515","is_ascension_mode":false,"campfire_choices":[{"data":"Whirlwind","floor":12.0,"key":"SMITH"},{"data":"Apotheosis","floor":15.0,"key":"SMITH"},{"data":"Disarm","floor":24,"key":"SMITH"},{"data":"Shockwave","floor":30,"key":"SMITH"},{"floor":32,"key":"REST"},{"data":"1","floor":40,"key":"LIFT"},{"data":"2","floor":42,"key":"LIFT"},{"data":"3","floor":44,"key":"LIFT"},{"floor":49,"key":"REST"}],"neow_cost":"PERCENT_DAMAGE","seed_source_timestamp":1028359656640153,"circlet_count":0,"master_deck":["Strike_R","Strike_R","Strike_R","Defend_R","Defend_R","Defend_R","Bash","Shrug It Off","Pommel Strike","Whirlwind+1","Apotheosis+1","Battle Trance","Intimidate","Double Tap","Clothesline","Panacea","Bash","Disarm+1","Offering","Disarm+1","Decay","Shockwave+1","Reaper","Clothesline+1","Inflame+1","Decay","Secret Technique"],"special_seed":0,"relics":["Burning Blood","Happy Flower","Mercury Hourglass","Cursed Key","Bottled Flame","Frozen Egg 2","Bronze Scales","Self Forming Clay","Sozu","Mango","Girya","Juzu Bracelet"],"potions_floor_usage":[29,33,50,50],"damage_taken":[{"damage":9.0,"enemies":"Small Slimes","floor":1.0,"turns":5.0},{"damage":1.0,"enemies":"Cultist","floor":2.0,"turns":4.0},{"damage":1.0,"enemies":"Jaw Worm","floor":3.0,"turns":4.0},{"damage":20.0,"enemies":"Exordium Thugs","floor":7.0,"turns":5.0},{"damage":6.0,"enemies":"2 Fungi Beasts","floor":10.0,"turns":2.0},{"damage":0.0,"enemies":"Large Slime","floor":13.0,"turns":3.0},{"damage":0.0,"enemies":"3 Louse","floor":14.0,"turns":2.0},{"damage":19.0,"enemies":"The Guardian","floor":16.0,"turns":10.0},{"damage":18.0,"enemies":"2 Thieves","floor":18.0,"turns":3.0},{"damage":0,"enemies":"Shell Parasite","floor":21,"turns":3},{"damage":14,"enemies":"Book of Stabbing","floor":23,"turns":7},{"damage":6,"enemies":"Centurion and Healer","floor":25,"turns":4},{"damage":18,"enemies":"Snake Plant","floor":27,"turns":3},{"damage":12,"enemies":"Gremlin Leader","floor":29,"turns":4},{"damage":16,"enemies":"Cultist and Chosen","floor":31,"turns":4},{"damage":43,"enemies":"Automaton","floor":33,"turns":9},{"damage":9,"enemies":"3 Darklings","floor":35,"turns":3},{"damage":22,"enemies":"Mind Bloom Boss Battle","floor":36,"turns":6},{"damage":18,"enemies":"3 Shapes","floor":38,"turns":1},{"damage":27,"enemies":"Writhing Mass","floor":45,"turns":5},{"damage":34,"enemies":"Spire Growth","floor":47,"turns":4},{"damage":27,"enemies":"Maw","floor":48,"turns":6},{"damage":52,"enemies":"Time Eater","floor":50,"turns":10}],"seed_played":"7741021495281877703","potions_obtained":[{"floor":7.0,"key":"AttackPotion"},{"floor":10.0,"key":"BloodPotion"},{"floor":13.0,"key":"GamblersBrew"},{"floor":25,"key":"PowerPotion"},{"floor":29,"key":"Strength Potion"}],"is_trial":false,"path_per_floor":["M","M","M","?","$","?","M","?","T","M","$","R","M","M","R","B",null,"M","?","?","M","$","E","R","M","T","M","$","E","R","M","R","B",null,"M","?","$","M","?","R","?","R","T","R","M","?","M","M","R","B",null],"character_chosen":"IRONCLAD","items_purchased":["Apotheosis","Battle Trance","Bottled Flame","Disarm","Girya"],"campfire_rested":2,"item_purchase_floors":[5,11,22,22,37],"current_hp_per_floor":[53,58,63,63,63,80,66,54,54,54,54,54,60,66,66,53,80,68,68,68,74,74,66,66,66,66,54,54,48,48,38,62,25,80,77,85,85,73,73,73,73,73,73,73,65,65,37,25,53,23],"gold":111,"neow_bonus":"TWO_FIFTY_GOLD","is_prod":false,"is_daily":false,"chose_seed":false,"campfire_upgraded":4,"win_rate":0,"timestamp":1548386715,"path_taken":["M","M","M","?","?","?","?","?","T","M","?","R","M","M","R","BOSS","M","?","?","M","$","E","R","?","T","M","$","E","R","M","R","BOSS","M","?","$","M","?","R","?","R","T","R","M","?","M","M","R","BOSS"],"build_version":"2019-01-23","purchased_purges":2,"victory":true,"max_hp_per_floor":[80,80,80,80,80,80,80,80,80,80,80,80,80,80,80,80,80,80,80,80,80,80,80,80,80,80,80,80,80,80,80,80,80,80,80,94,94,94,94,94,94,94,94,94,94,94,94,94,94,94],"card_choices":[{"not_picked":["Armaments","Wild Strike"],"picked":"Shrug It Off","floor":1.0},{"not_picked":["Body Slam","Metallicize"],"picked":"Pommel Strike","floor":2.0},{"not_picked":["Bloodletting","Clothesline"],"picked":"Whirlwind","floor":3.0},{"not_picked":["Bloodletting","Anger","Body Slam"],"picked":"SKIP","floor":7.0},{"not_picked":["Perfected Strike","Heavy Blade","Seeing Red"],"picked":"SKIP","floor":10.0},{"not_picked":["Armaments","Evolve","Blood for Blood"],"picked":"SKIP","floor":13.0},{"not_picked":["True Grit","Seeing Red"],"picked":"Intimidate","floor":14.0},{"not_picked":["Immolate","Dark Embrace"],"picked":"Double Tap","floor":16.0},{"not_picked":["Twin Strike","Wild Strike","Heavy Blade"],"picked":"SKIP","floor":18.0},{"not_picked":["Feel No Pain+1","Clash","Heavy Blade"],"picked":"SKIP","floor":21},{"not_picked":["Seeing Red","Pommel Strike"],"picked":"Offering","floor":23},{"not_picked":["Shrug It Off","Ghostly Armor+1"],"picked":"Disarm+1","floor":25},{"not_picked":["Wild Strike","Cleave"],"picked":"Shockwave","floor":27},{"not_picked":["Brutality+1","Anger","Body Slam"],"picked":"SKIP","floor":29},{"not_picked":["Uppercut","Havoc+1"],"picked":"Thunderclap","floor":31},{"not_picked":["Brutality+1","Barricade+1"],"picked":"Reaper","floor":33},{"not_picked":["Clash+1","Cleave"],"picked":"Clothesline+1","floor":35},{"not_picked":["Battle Trance+1","Flex+1"],"picked":"Inflame+1","floor":36},{"not_picked":["Clash+1","Twin Strike+1","Flex"],"picked":"SKIP","floor":38},{"not_picked":["Iron Wave","True Grit","Anger"],"picked":"SKIP","floor":45},{"not_picked":["Finesse","Dark Shackles"],"picked":"Secret Technique","floor":46},{"not_picked":["Cleave","Entrench","Twin Strike+1"],"picked":"SKIP","floor":47},{"not_picked":["Perfected Strike","Headbutt+1","Iron Wave+1"],"picked":"SKIP","floor":48}],"player_experience":300257,"relics_obtained":[{"floor":9.0,"key":"Mercury Hourglass"},{"floor":23,"key":"Frozen Egg 2"},{"floor":26,"key":"Bronze Scales"},{"floor":29,"key":"Self Forming Clay"},{"floor":36,"key":"Mango"},{"floor":43,"key":"Juzu Bracelet"}],"event_choices":[{"damage_healed":0.0,"max_hp_gain":0.0,"max_hp_loss":0.0,"gold_gain":0.0,"cards_transformed":["Strike_R"],"event_name":"Transmorgrifier","player_choice":"Transformed","floor":4.0,"gold_loss":0.0,"damage_taken":0.0,"cards_obtained":["Sever Soul"]},{"cards_removed":["Sever Soul"],"damage_healed":17.0,"max_hp_gain":0.0,"max_hp_loss":0.0,"gold_gain":0.0,"event_name":"Bonfire Elementals","player_choice":"Offered Uncommon","floor":6.0,"gold_loss":0.0,"damage_taken":0.0},{"damage_healed":0.0,"max_hp_gain":0.0,"max_hp_loss":0.0,"gold_gain":0.0,"event_name":"Scrap Ooze","player_choice":"Success","floor":8.0,"gold_loss":0.0,"damage_taken":12.0,"relics_obtained":["Happy Flower"]},{"damage_healed":0.0,"max_hp_gain":0.0,"max_hp_loss":0.0,"gold_gain":99.0,"event_name":"Nest","player_choice":"Stole From Cult","floor":19.0,"gold_loss":0.0,"damage_taken":0.0},{"damage_healed":0,"gold_gain":0,"player_choice":"3 cards matched","damage_taken":0,"max_hp_gain":0,"max_hp_loss":0,"event_name":"Match and Keep!","floor":20,"gold_loss":0,"cards_obtained":["Clothesline","Panacea","Bash"]},{"damage_healed":0,"gold_gain":0,"player_choice":"Fight","damage_taken":0,"max_hp_gain":0,"max_hp_loss":0,"event_name":"MindBloom","floor":36,"gold_loss":0},{"cards_removed":["Thunderclap"],"damage_healed":0,"gold_gain":0,"player_choice":"Removed Attack","damage_taken":0,"max_hp_gain":0,"max_hp_loss":0,"event_name":"Falling","floor":39,"gold_loss":0},{"damage_healed":0,"gold_gain":0,"player_choice":"Ignored","damage_taken":0,"max_hp_gain":0,"max_hp_loss":0,"event_name":"Mysterious Sphere","floor":41,"gold_loss":0},{"damage_healed":0,"gold_gain":0,"player_choice":"Memory 1","damage_taken":0,"max_hp_gain":0,"max_hp_loss":0,"event_name":"SensoryStone","floor":46,"gold_loss":0}],"is_beta":false,"boss_relics":[{"not_picked":["Tiny House","Lizard Tail"],"picked":"Cursed Key"},{"not_picked":["Coffee Dripper","Orrery"],"picked":"Sozu"}],"items_purged_floors":[5,22],"is_endless":false,"potions_floor_spawned":[7,10,13,14,18,23,25,27,29,35,36,47],"ascension_level":0}