{"gold_per_floor":[12,28,48,148,73,93,119,131,158,171,121,131,131,131,131,230,230,246,211,211,221,238,238,238,112,135,161,193,205],"floor_reached":29,"playtime":2221,"items_purged":["Strike_G","Defend_G"],"score":231,"play_id":"adf9f1cc-aa9f-4c05-8d1c-836d29d26384","local_time":"20190211133121","is_ascension_mode":false,"campfire_choices":[{"data":"Neutralize","floor":15,"key":"SMITH"},{"floor":23,"key":"REST"}],"neow_cost":"NO_GOLD","seed_source_timestamp":347632555915875,"circlet_count":0,"master_deck":["Strike_G","Strike_G","Strike_G","Strike_G","Survivor","Neutralize+1","Cloak And Dagger","Sucker Punch","Cloak And Dagger","Deflect","Flying Knee","Quick Slash+1","Blade Dance","Sucker Punch","Dodge and Roll","Slice"],"relics":["Ring of the Snake","Regal Pillow","Juzu Bracelet","Lizard Tail","MawBank"],"potions_floor_usage":[16,16,16,27,29,29,29],"damage_taken":[{"damage":0,"enemies":"2 Louse","floor":1,"turns":2},{"damage":0,"enemies":"Cultist","floor":2,"turns":4},{"damage":0,"enemies":"Jaw Worm","floor":3,"turns":4},{"damage":1,"enemies":"Looter","floor":6,"turns":3},{"damage":16,"enemies":"3 Sentries","floor":7,"turns":11},{"damage":0,"enemies":"3 Louse","floor":8,"turns":4},{"damage":0,"enemies":"Gremlin Gang","floor":10,"turns":6},{"damage":0,"enemies":"Looter","floor":12,"turns":4},{"damage":48,"enemies":"Hexaghost","floor":16,"turns":15},{"damage":4,"enemies":"3 Byrds","floor":18,"turns":8},{"damage":16,"enemies":"2 Thieves","floor":19,"turns":5},{"damage":34,"enemies":"Snake Plant","floor":21,"turns":8},{"damage":48,"enemies":"Snecko","floor":22,"turns":7},{"damage":6,"enemies":"Centurion and Healer","floor":27,"turns":9},{"damage":28,"enemies":"Sentry and Sphere","floor":28,"turns":7},{"damage":17,"enemies":"Snake Plant","floor":29,"turns":4}],"seed_played":"-7736201564817663511","potions_obtained":[{"floor":1,"key":"SkillPotion"},{"floor":3,"key":"PowerPotion"},{"floor":6,"key":"SpeedPotion"},{"floor":16,"key":"Dexterity Potion"},{"floor":21,"key":"Strength Potion"},{"floor":22,"key":"PowerPotion"},{"floor":28,"key":"AttackPotion"}],"is_trial":false,"path_per_floor":["?","$","?","?","?","?","?"],"character_chosen":"THE_SILENT","items_purchased":["Dodge and Roll"],"campfire_rested":1,"item_purchase_floors":[25],"current_hp_per_floor":[70,70,70,70,70,69,53,53,53,53,53,53,58,51,51,3,75,71,55,48,14,11,48,48,48,48,42,14,0],"gold":205,"neow_bonus":"REMOVE_TWO","is_prod":false,"is_daily":false,"chose_seed":false,"campfire_upgraded":1,"win_rate":0,"timestamp":1549909881,"path_taken":["M","M","M","?","?","M","E","M","T","M","?","M","?","?","R","BOSS","M","M","?","M","M","R","?","$","T","M","M","M"],"build_version":"2019-01-23","purchased_purges":2,"victory":false,"max_hp_per_floor":[70,70,70,70,70,70,70,70,70,70,70,70,75,75,75,75,75,75,75,75,75,75,75,75,75,75,75,75,75],"card_choices":[{"not_picked":["Accuracy","Eviscerate","Bouncing Flask"],"picked":"SKIP","floor":1},{"not_picked":["Blade Dance","Crippling Poison"],"picked":"Cloak And Dagger","floor":2},{"not_picked":["Poisoned Stab","Flechettes"],"picked":"Sucker Punch","floor":3},{"not_picked":["PiercingWail","Dagger Spray"],"picked":"Cloak And Dagger","floor":6},{"not_picked":["Calculated Gamble","Skewer","Caltrops"],"picked":"SKIP","floor":7},{"not_picked":["Dagger Spray","Catalyst","Caltrops"],"picked":"SKIP","floor":8},{"not_picked":["Dagger Spray","Phantasmal Killer"],"picked":"Deflect","floor":10},{"not_picked":["Deadly Poison","Dagger Spray","Noxious Fumes"],"picked":"SKIP","floor":12},{"not_picked":["Terror+1","Skewer"],"picked":"Flying Knee","floor":18},{"not_picked":["Dagger Throw","Poisoned Stab"],"picked":"Quick Slash+1","floor":19},{"not_picked":["Outmaneuver+1","Prepared"],"picked":"Blade Dance","floor":21},{"not_picked":["Dash","Predator+1"],"picked":"Sucker Punch","floor":22},{"not_picked":["Acrobatics","Well Laid Plans","Doppelganger"],"picked":"SKIP","floor":27},{"not_picked":["Setup+1","Dagger Spray"],"picked":"Slice","floor":28}],"player_experience":418741,"relics_obtained":[{"floor":7,"key":"Regal Pillow"},{"floor":9,"key":"Juzu Bracelet"},{"floor":26,"key":"MawBank"}],"event_choices":[{"damage_healed":0,"gold_gain":100,"player_choice":"Pray","damage_taken":0,"max_hp_gain":0,"max_hp_loss":0,"event_name":"Golden Shrine","floor":4,"gold_loss":0},{"cards_removed":["Defend_G"],"damage_healed":0,"gold_gain":0,"player_choice":"Card Removal","damage_taken":0,"max_hp_gain":0,"max_hp_loss":0,"event_name":"The Cleric","floor":11,"gold_loss":50},{"damage_healed":0,"gold_gain":0,"player_choice":"Donut","damage_taken":0,"max_hp_gain":5,"max_hp_loss":0,"event_name":"Big Fish","floor":13,"gold_loss":0},{"cards_removed":["Defend_G"],"damage_healed":0,"gold_gain":0,"player_choice":"Card Removal","damage_taken":7,"max_hp_gain":0,"max_hp_loss":0,"event_name":"Golden Wing","floor":14,"gold_loss":0},{"damage_healed":0,"gold_gain":0,"player_choice":"Damaged","damage_taken":7,"max_hp_gain":0,"max_hp_loss":0,"event_name":"Wheel of Change","floor":20,"gold_loss":0},{"damage_healed":0,"gold_gain":0,"player_choice":"Ignored","damage_taken":0,"max_hp_gain":0,"max_hp_loss":0,"event_name":"Ghosts","floor":24,"gold_loss":0}],"is_beta":false,"boss_relics":[{"not_picked":["Tiny House","Cursed Key"],"picked":"Lizard Tail"}],"items_purged_floors":[5,25],"is_endless":false,"potions_floor_spawned":[1,3,6,7,16,21,22,28],"killed_by":"Snake Plant","ascension_level":0}