{"gold_per_floor":[112,122,122,139,64,64,64,64,64,94,109,123,138,138,138,266,266,286,307,307,406,380,380,416,416,416,416,429,469,469,484,484,604,604,624,639,639,386,608,608,628,523,523,566,566,566,589,608,608,608],"floor_reached":50,"playtime":1662,"items_purged":["Decay","Strike_R+1"],"score":490,"play_id":"70a89575-8557-4187-b5f5-d4c6d4f4cd6a","local_time":"20190410144032","is_ascension_mode":false,"campfire_choices":[{"data":"1","floor":6.0,"key":"LIFT"},{"data":"Sword Boomerang","floor":8.0,"key":"SMITH"},{"data":"2","floor":15.0,"key":"LIFT"},{"data":"3","floor":23.0,"key":"LIFT"},{"floor":25.0,"key":"RECALL"},{"floor":27.0,"key":"REST"},{"floor":30.0,"key":"REST"},{"data":"Thunderclap","floor":32.0,"key":"SMITH"},{"floor":40.0,"key":"REST"},{"floor":45.0,"key":"REST"},{"floor":49.0,"key":"REST"}],"neow_cost":"CURSE","seed_source_timestamp":64646916490600,"circlet_count":0,"master_deck":["Strike_R+1","Strike_R+1","Strike_R+1","Strike_R+1","Defend_R+1","Defend_R+1","Defend_R+1","Defend_R+1","Bash+1","Sword Boomerang+1","Pommel Strike+1","Warcry+1","Shrug It Off+1","True Grit+1","Shrug It Off+1","Thunderclap+1","Iron Wave+1","Sword Boomerang","Perfected Strike+1"],"special_seed":0,"relics":["Black Blood","Girya","Toxic Egg 2","Bag of Preparation","Golden Idol","Whetstone","Gremlin Horn","Red Mask","Orrery","Membership Card","Lee\u0027s Waffle","Oddly Smooth Stone"],"potions_floor_usage":[50],"damage_taken":[{"damage":3.0,"enemies":"Small Slimes","floor":1.0,"turns":3.0},{"damage":4.0,"enemies":"Cultist","floor":2.0,"turns":4.0},{"damage":3.0,"enemies":"Jaw Worm","floor":4.0,"turns":4.0},{"damage":20.0,"enemies":"Gremlin Nob","floor":10.0,"turns":4.0},{"damage":0.0,"enemies":"Exordium Wildlife","floor":11.0,"turns":3.0},{"damage":5.0,"enemies":"Large Slime","floor":12.0,"turns":4.0},{"damage":6.0,"enemies":"2 Fungi Beasts","floor":13.0,"turns":3.0},{"damage":17.0,"enemies":"Hexaghost","floor":16.0,"turns":9.0},{"damage":10.0,"enemies":"Chosen","floor":18.0,"turns":3.0},{"damage":17.0,"enemies":"Shell Parasite","floor":19.0,"turns":4.0},{"damage":48.0,"enemies":"Book of Stabbing","floor":24.0,"turns":6.0},{"damage":27.0,"enemies":"3 Cultists","floor":28.0,"turns":5.0},{"damage":1.0,"enemies":"Masked Bandits","floor":29.0,"turns":3.0},{"damage":21.0,"enemies":"Shelled Parasite and Fungi","floor":31.0,"turns":5.0},{"damage":56.0,"enemies":"Automaton","floor":33.0,"turns":11.0},{"damage":8.0,"enemies":"3 Darklings","floor":35.0,"turns":5.0},{"damage":13.0,"enemies":"Orb Walker","floor":36.0,"turns":3.0},{"damage":16.0,"enemies":"Jaw Worm Horde","floor":41.0,"turns":5.0},{"damage":38.0,"enemies":"Nemesis","floor":44.0,"turns":5.0},{"damage":49.0,"enemies":"Writhing Mass","floor":47.0,"turns":10.0},{"damage":14.0,"enemies":"4 Shapes","floor":48.0,"turns":3.0},{"damage":61,"enemies":"Donu and Deca","floor":50,"turns":5}],"seed_played":"-1402791064154490226","potions_obtained":[{"floor":1.0,"key":"AttackPotion"},{"floor":4.0,"key":"SteroidPotion"},{"floor":13.0,"key":"AttackPotion"},{"floor":18.0,"key":"Weak Potion"},{"floor":24.0,"key":"Strength Potion"},{"floor":35.0,"key":"LiquidBronze"},{"floor":41.0,"key":"Explosive Potion"},{"floor":47.0,"key":"Strength Potion"}],"is_trial":false,"path_per_floor":["M","M","?","M","$","R","?","R","T","E","M","M","M","?","R","B",null,"M","M","?","?","$","R","E","R","T","R","M","?","R","M","R","B",null,"M","M","?","$","?","R","M","$","T","E","R","?","M","M","R","B"],"character_chosen":"IRONCLAD","items_purchased":["True Grit+1","Membership Card","Lee\u0027s Waffle"],"campfire_rested":5,"item_purchase_floors":[22,38,42],"current_hp_per_floor":[80,80,80,80,80,80,64,64,64,50,56,57,57,37,37,26,80,80,73,73,73,73,73,35,35,35,59,42,51,75,64,64,18,80,80,77,77,77,77,80,74,87,87,59,85,75,36,32,58,0],"gold":608,"neow_bonus":"ONE_RARE_RELIC","is_prod":false,"is_daily":false,"chose_seed":false,"campfire_upgraded":2,"win_rate":0,"timestamp":1554932432,"path_taken":["M","M","?","M","?","R","?","R","T","E","M","?","M","?","R","BOSS","BOSS","M","M","?","?","$","R","E","R","T","R","?","?","R","M","R","BOSS","M","M","?","$","?","R","M","$","T","E","R","?","M","M","R","BOSS"],"build_version":"2019-01-23","purchased_purges":2,"victory":false,"max_hp_per_floor":[80,80,80,80,80,80,80,80,80,80,80,80,80,80,80,80,80,80,80,80,80,80,80,80,80,80,80,80,80,80,80,80,80,80,80,80,80,80,80,80,80,87,87,87,87,87,87,87,87,87],"card_choices":[{"not_picked":["Uppercut","Burning Pact","Combust"],"picked":"SKIP","floor":1.0},{"not_picked":["Battle Trance","Flex"],"picked":"Sword Boomerang","floor":2.0},{"not_picked":["Inflame","Anger"],"picked":"Pommel Strike","floor":4.0},{"not_picked":["Rupture","Entrench+1"],"picked":"Warcry+1","floor":10.0},{"not_picked":["Thunderclap","Pommel Strike","Havoc+1"],"picked":"SKIP","floor":11.0},{"not_picked":["Whirlwind","Sword Boomerang","Dropkick"],"picked":"SKIP","floor":12.0},{"not_picked":["Exhume+1","Infernal Blade+1","Rage+1"],"picked":"SKIP","floor":13.0},{"not_picked":["Flex+1","Armaments+1"],"picked":"Shrug It Off+1","floor":18.0},{"not_picked":["Hemokinesis","Combust","Rupture"],"picked":"SKIP","floor":19.0},{"not_picked":["Shockwave+1","Corruption","Wild Strike"],"picked":"SKIP","floor":24.0},{"not_picked":["Twin Strike+1","Metallicize"],"picked":"Shrug It Off+1","floor":28.0},{"not_picked":["Disarm+1","Twin Strike"],"picked":"Thunderclap","floor":31.0},{"not_picked":["Bloodletting+1","Hemokinesis"],"picked":"Clothesline","floor":34.0},{"not_picked":["Shrug It Off+1","Dropkick"],"picked":"Iron Wave+1","floor":34.0},{"not_picked":["Sever Soul","Whirlwind","Anger"],"picked":"SKIP","floor":35.0},{"not_picked":["Rampage","Twin Strike+1","Thunderclap"],"picked":"SKIP","floor":36.0},{"not_picked":["Infernal Blade+1","Double Tap+1","Cleave"],"picked":"SKIP","floor":41.0},{"not_picked":["Armaments+1","Wild Strike","Thunderclap"],"picked":"SKIP","floor":44.0},{"not_picked":["Shrug It Off+1","Intimidate+1"],"picked":"Sword Boomerang","floor":47.0},{"not_picked":["Metallicize+1","Rampage"],"picked":"Perfected Strike+1","floor":48.0}],"player_experience":514836,"relics_obtained":[{"floor":9.0,"key":"Toxic Egg 2"},{"floor":10.0,"key":"Bag of Preparation"},{"floor":24.0,"key":"Whetstone"},{"floor":26.0,"key":"Gremlin Horn"},{"floor":29.0,"key":"Red Mask"},{"floor":44.0,"key":"Oddly Smooth Stone"}],"event_choices":[{"damage_healed":0.0,"max_hp_gain":0.0,"max_hp_loss":0.0,"gold_gain":0.0,"event_name":"Match and Keep!","player_choice":"0 cards matched","floor":3.0,"gold_loss":0.0,"damage_taken":0.0,"cards_obtained":[]},{"damage_healed":0.0,"max_hp_gain":0.0,"max_hp_loss":0.0,"gold_gain":0.0,"event_name":"Shining Light","player_choice":"Entered Light","floor":7.0,"gold_loss":0.0,"damage_taken":16.0,"cards_upgraded":["Bash","Defend_R"]},{"damage_healed":0.0,"max_hp_gain":0.0,"max_hp_loss":0.0,"gold_gain":0.0,"event_name":"Golden Idol","player_choice":"Take Damage","floor":14.0,"gold_loss":0.0,"damage_taken":20.0,"relics_obtained":["Golden Idol"]},{"damage_healed":0.0,"max_hp_gain":0.0,"max_hp_loss":0.0,"gold_gain":0.0,"event_name":"Back to Basics","player_choice":"Simplicity","floor":20.0,"gold_loss":0.0,"damage_taken":0.0,"cards_upgraded":["Strike_R","Strike_R","Strike_R","Strike_R","Strike_R","Defend_R","Defend_R","Defend_R"]},{"damage_healed":0.0,"max_hp_gain":0.0,"max_hp_loss":0.0,"gold_gain":99.0,"event_name":"Nest","player_choice":"Stole From Cult","floor":21.0,"gold_loss":0.0,"damage_taken":0.0},{"damage_healed":0.0,"max_hp_gain":0.0,"max_hp_loss":0.0,"gold_gain":0.0,"event_name":"Masked Bandits","player_choice":"Fought Bandits","floor":29.0,"gold_loss":0.0,"damage_taken":0.0},{"cards_removed":["Clothesline"],"damage_healed":0.0,"max_hp_gain":0.0,"max_hp_loss":0.0,"gold_gain":0.0,"event_name":"Falling","player_choice":"Removed Attack","floor":37.0,"gold_loss":0.0,"damage_taken":0.0},{"damage_healed":0.0,"max_hp_gain":0.0,"max_hp_loss":0.0,"gold_gain":222.0,"event_name":"Tomb of Lord Red Mask","player_choice":"Wore Mask","floor":39.0,"gold_loss":0.0,"damage_taken":0.0},{"damage_healed":0.0,"max_hp_gain":0.0,"max_hp_loss":0.0,"gold_gain":0.0,"event_name":"SensoryStone","player_choice":"Memory 3","floor":46.0,"gold_loss":0.0,"damage_taken":10.0}],"is_beta":false,"boss_relics":[{"not_picked":["Philosopher\u0027s Stone","Astrolabe"],"picked":"Black Blood"},{"not_picked":["Tiny House","White Beast Statue"],"picked":"Orrery"}],"items_purged_floors":[5,38],"is_endless":false,"potions_floor_spawned":[1,4,13,18,24,29,35,41,47],"killed_by":"Donu and Deca","ascension_level":0}