{"gold_per_floor":[114,133,133,133,133,164,164,19,19,19,33,33,33,56,56,187,187,202,202,226,242,152,152,192,192,215,239,262,262,282,306,306,437,437,460,460,4,129,154,172,172],"floor_reached":41,"playtime":1820,"items_purged":[],"score":562,"play_id":"c5c43724-c7d3-4834-9f89-4bf1fbcae06a","local_time":"20181028001827","is_ascension_mode":true,"campfire_choices":[{"floor":7,"key":"REST"},{"floor":10,"key":"REST"},{"data":"Bandage Up","floor":12,"key":"SMITH"},{"data":"Flame Barrier","floor":15,"key":"SMITH"},{"floor":23,"key":"REST"},{"floor":25,"key":"REST"},{"floor":29,"key":"REST"},{"floor":32,"key":"REST"}],"neow_cost":"NONE","seed_source_timestamp":1491382596742611,"circlet_count":0,"master_deck":["Strike_R+1","Strike_R+1","Strike_R+1","Strike_R+1","Strike_R+1","Defend_R+1","Defend_R+1","Defend_R+1","Defend_R+1","Bash+1","Impatience","Wild Strike","Spot Weakness","Power Through","Bandage Up+1","Perfected Strike","Evolve","Flame Barrier+1","Impervious","Burning Pact","True Grit","Twin Strike","Demon Form","Seeing Red","Intimidate","Fire Breathing+1","Impervious","Madness","Madness","Perfected Strike","Enlightenment","Flex","Pummel","Burning Pact+1","Flame Barrier+1"],"relics":["Black Blood","Golden Idol","NlothsMask","Bottled Lightning","Sozu","Boot","Potion Belt","Gremlin Horn","Incense Burner"],"potions_floor_usage":[16,33],"damage_taken":[{"damage":6,"enemies":"Cultist","floor":1,"turns":3},{"damage":7,"enemies":"Jaw Worm","floor":2,"turns":3},{"damage":50,"enemies":"3 Sentries","floor":6,"turns":9},{"damage":12,"enemies":"Small Slimes","floor":11,"turns":2},{"damage":8,"enemies":"2 Fungi Beasts","floor":14,"turns":3},{"damage":32,"enemies":"The Guardian","floor":16,"turns":14},{"damage":12,"enemies":"Chosen","floor":18,"turns":4},{"damage":14,"enemies":"2 Thieves","floor":20,"turns":4},{"damage":37,"enemies":"Snecko","floor":21,"turns":6},{"damage":55,"enemies":"Slavers","floor":24,"turns":8},{"damage":18,"enemies":"Centurion and Healer","floor":27,"turns":7},{"damage":16,"enemies":"Snake Plant","floor":28,"turns":3},{"damage":20,"enemies":"Shelled Parasite and Fungi","floor":30,"turns":6},{"damage":25,"enemies":"Centurion and Healer","floor":31,"turns":7},{"damage":28,"enemies":"Champ","floor":33,"turns":11},{"damage":11,"enemies":"Orb Walker","floor":35,"turns":5},{"damage":16,"enemies":"Mind Bloom Boss Battle","floor":38,"turns":8},{"damage":0,"enemies":"3 Darklings","floor":39,"turns":5},{"damage":56,"enemies":"Transient","floor":40,"turns":5},{"damage":45,"enemies":"Giant Head","floor":41,"turns":6}],"seed_played":"-2326947670985352202","potions_obtained":[{"floor":1,"key":"FearPotion"},{"floor":2,"key":"Dexterity Potion"},{"floor":16,"key":"Energy Potion"}],"is_trial":false,"path_per_floor":["M","M","?","?","?","E","R","$","T","R","M","R","$","M","R","B",null,"M","?","M","M","?","R","E","R","T","M","M","R","M","M","R","B",null,"M","?","$","?","M","M"],"character_chosen":"IRONCLAD","items_purchased":["Bandage Up","Perfected Strike","Perfected Strike","Enlightenment","Gremlin Horn","Flex"],"campfire_rested":6,"item_purchase_floors":[8,8,37,37,37,37],"current_hp_per_floor":[72,71,71,55,55,11,35,35,35,59,57,57,57,61,61,41,70,70,70,68,43,43,67,24,48,48,42,38,62,54,41,65,49,72,77,67,67,67,77,36,0],"gold":172,"neow_bonus":"RANDOM_COLORLESS","is_prod":false,"is_daily":false,"chose_seed":false,"campfire_upgraded":2,"win_rate":0,"timestamp":1540707507,"path_taken":["M","?","?","?","?","E","R","$","T","R","M","R","?","M","R","BOSS","M","?","M","?","?","R","E","R","T","M","M","R","M","M","R","BOSS","M","?","$","?","?","M","E"],"build_version":"2018-10-25v2","purchased_purges":0,"victory":false,"max_hp_per_floor":[80,80,80,80,80,80,80,80,80,80,80,80,80,80,80,80,80,80,80,80,80,80,80,80,80,80,80,80,80,80,80,80,80,80,80,80,80,80,80,80,80],"card_choices":[{"not_picked":["Spot Weakness","Sword Boomerang"],"picked":"Wild Strike","floor":1},{"not_picked":["Metallicize","Wild Strike"],"picked":"Spot Weakness","floor":2},{"not_picked":["Thunderclap","Heavy Blade"],"picked":"Power Through","floor":6},{"not_picked":["Searing Blow","Headbutt"],"picked":"Evolve","floor":11},{"not_picked":["Headbutt","Clothesline"],"picked":"Flame Barrier","floor":14},{"not_picked":["Brutality","Exhume"],"picked":"Impervious","floor":16},{"not_picked":["Power Through","Anger"],"picked":"Burning Pact","floor":18},{"not_picked":["Warcry","Sentinel"],"picked":"True Grit","floor":20},{"not_picked":["Armaments","Uppercut"],"picked":"Twin Strike","floor":21},{"not_picked":["Shrug It Off","True Grit"],"picked":"Demon Form","floor":24},{"not_picked":["Sword Boomerang","Feel No Pain"],"picked":"Seeing Red","floor":27},{"not_picked":["True Grit","Burning Pact","Sever Soul"],"picked":"SKIP","floor":28},{"not_picked":["Flex","Thunderclap"],"picked":"Intimidate","floor":30},{"not_picked":["Anger","True Grit"],"picked":"Fire Breathing+1","floor":31},{"not_picked":["Demon Form","Fiend Fire"],"picked":"Impervious","floor":33},{"not_picked":["Rage","Warcry+1","Dual Wield"],"picked":"SKIP","floor":35},{"not_picked":["Entrench+1","Reckless Charge+1"],"picked":"Pummel","floor":38},{"not_picked":["Seeing Red","Flex"],"picked":"Burning Pact+1","floor":39},{"not_picked":["Cleave","Pommel Strike"],"picked":"Flame Barrier+1","floor":40}],"player_experience":914966,"relics_obtained":[{"floor":6,"key":"Bottled Lightning"},{"floor":24,"key":"Boot"},{"floor":26,"key":"Potion Belt"},{"floor":38,"key":"Incense Burner"}],"event_choices":[{"damage_healed":0,"gold_gain":0,"player_choice":"Take Wound","damage_taken":0,"relics_obtained":["Golden Idol"],"max_hp_gain":0,"max_hp_loss":0,"event_name":"Golden Idol","floor":3,"gold_loss":0,"cards_obtained":["Injury"]},{"damage_healed":0,"gold_gain":0,"player_choice":"Entered Light","damage_taken":16,"max_hp_gain":0,"max_hp_loss":0,"event_name":"Shining Light","floor":4,"gold_loss":0,"cards_upgraded":["Strike_R","Defend_R"]},{"damage_healed":0,"gold_gain":0,"player_choice":"Trade","damage_taken":0,"relics_obtained":["NlothsMask"],"max_hp_gain":0,"max_hp_loss":0,"event_name":"FaceTrader","floor":5,"gold_loss":0},{"damage_healed":0,"gold_gain":0,"player_choice":"Simplicity","damage_taken":0,"max_hp_gain":0,"max_hp_loss":0,"event_name":"Back to Basics","floor":19,"gold_loss":0,"cards_upgraded":["Strike_R","Strike_R","Strike_R","Strike_R","Defend_R","Defend_R","Defend_R"]},{"cards_removed":["Injury"],"damage_healed":0,"gold_gain":0,"player_choice":"Upgrade and Remove","damage_taken":0,"max_hp_gain":0,"max_hp_loss":0,"event_name":"Designer","floor":22,"gold_loss":90,"cards_upgraded":["Bash"]},{"damage_healed":0,"gold_gain":0,"player_choice":"Embrace Madness","damage_taken":10,"max_hp_gain":0,"max_hp_loss":0,"event_name":"Winding Halls","floor":36,"gold_loss":0,"cards_obtained":["Madness","Madness"]},{"damage_healed":0,"gold_gain":0,"player_choice":"Fight","damage_taken":0,"max_hp_gain":0,"max_hp_loss":0,"event_name":"MindBloom","floor":38,"gold_loss":0}],"is_beta":false,"boss_relics":[{"not_picked":["Runic Dome","Runic Cube"],"picked":"Sozu"},{"not_picked":["Philosopher\u0027s Stone","Tiny House"],"picked":"Black Blood"}],"items_purged_floors":[],"is_endless":false,"potions_floor_spawned":[1,2,16,21,27,28,30,31,39],"killed_by":"Giant Head","ascension_level":6}