{"gold_per_floor":[111,111,131,145,70,70,105,55,55,130,130,89,107,107],"floor_reached":14,"playtime":444,"items_purged":["Strike_R"],"score":92,"play_id":"bb2cf094-182c-46b0-880e-88117908066c","local_time":"20190107214823","is_ascension_mode":true,"campfire_choices":[{"data":"Bash","floor":6,"key":"SMITH"},{"floor":11,"key":"REST"}],"neow_cost":"NONE","seed_source_timestamp":537605965769478,"circlet_count":0,"master_deck":["Strike_R+1","Strike_R","Strike_R","Defend_R+1","Defend_R","Defend_R","Bash+1","Headbutt","Dropkick"],"relics":["Burning Blood","Pantograph","Paper Frog"],"potions_floor_usage":[14,14],"damage_taken":[{"damage":6,"enemies":"2 Louse","floor":1,"turns":3},{"damage":11,"enemies":"Jaw Worm","floor":3,"turns":2},{"damage":6,"enemies":"Cultist","floor":4,"turns":3},{"damage":28,"enemies":"Lagavulin","floor":7,"turns":5},{"damage":12,"enemies":"Exordium Thugs","floor":13,"turns":3},{"damage":47,"enemies":"3 Sentries","floor":14,"turns":14}],"seed_played":"8876244705388730625","potions_obtained":[{"floor":1,"key":"Block Potion"},{"floor":13,"key":"SkillPotion"}],"is_trial":false,"path_per_floor":["M","?","M","M","$","R","E","?","T","?","R","$","M","E"],"character_chosen":"IRONCLAD","items_purchased":["Dropkick"],"campfire_rested":1,"item_purchase_floors":[12],"current_hp_per_floor":[80,64,59,59,59,59,37,37,37,26,50,50,44,0],"gold":107,"neow_bonus":"REMOVE_CARD","is_prod":false,"is_daily":false,"chose_seed":true,"campfire_upgraded":1,"win_rate":0,"timestamp":1546926503,"path_taken":["M","?","M","M","$","R","E","?","T","?","R","?","?","E"],"build_version":"2019-01-03v4","purchased_purges":1,"victory":false,"max_hp_per_floor":[80,80,80,80,80,80,80,80,80,80,80,80,80,80],"card_choices":[{"not_picked":["Battle Trance","Cleave","Fire Breathing"],"picked":"SKIP","floor":1},{"not_picked":["Perfected Strike","Pommel Strike"],"picked":"Headbutt","floor":3},{"not_picked":["Warcry","Uppercut","Headbutt"],"picked":"SKIP","floor":4},{"not_picked":["Warcry","True Grit","Twin Strike"],"picked":"SKIP","floor":7},{"not_picked":["Blood for Blood","Clash","Hemokinesis"],"picked":"SKIP","floor":13}],"player_experience":165165,"relics_obtained":[{"floor":7,"key":"Pantograph"},{"floor":9,"key":"Paper Frog"}],"event_choices":[{"damage_healed":0,"gold_gain":0,"player_choice":"Entered Light","damage_taken":16,"max_hp_gain":0,"max_hp_loss":0,"event_name":"Shining Light","floor":2,"gold_loss":0,"cards_upgraded":["Strike_R","Defend_R"]},{"cards_removed":["Defend_R"],"damage_healed":0,"gold_gain":0,"player_choice":"Card Removal","damage_taken":0,"max_hp_gain":0,"max_hp_loss":0,"event_name":"The Cleric","floor":8,"gold_loss":50},{"damage_healed":0,"gold_gain":75,"player_choice":"Gather Gold","damage_taken":11,"max_hp_gain":0,"max_hp_loss":0,"event_name":"World of Goop","floor":10,"gold_loss":0}],"is_beta":false,"boss_relics":[],"items_purged_floors":[5],"is_endless":false,"potions_floor_spawned":[1,13],"killed_by":"3 Sentries","ascension_level":1}