{"gold_per_floor":[118,27,27,27,27,27,68,68,68,109,134,170,170,195,195,195],"floor_reached":16,"playtime":506,"items_purged":[],"score":266,"play_id":"18670223-ccc4-4e0f-9406-1f19477e19c0","local_time":"20181114150519","is_ascension_mode":true,"campfire_choices":[{"data":"Uppercut","floor":6,"key":"SMITH"},{"data":"Havoc","floor":8,"key":"SMITH"},{"floor":13,"key":"REST"},{"data":"Body Slam","floor":15,"key":"SMITH"}],"neow_cost":"NONE","seed_source_timestamp":76691068125715,"circlet_count":0,"master_deck":["AscendersBane","Strike_R","Strike_R","Strike_R","Strike_R","Strike_R","Defend_R","Defend_R","Defend_R","Defend_R","Bash","Havoc+1","Uppercut+1","True Grit","Regret","Shockwave","Wild Strike","Body Slam+1","Impervious","Flame Barrier"],"relics":["Burning Blood","NeowsBlessing","Golden Idol","Juzu Bracelet","Bag of Marbles","Turnip","Omamori","Frozen Egg 2"],"potions_floor_usage":[12],"damage_taken":[{"damage":0,"enemies":"Small Slimes","floor":1,"turns":2},{"damage":0,"enemies":"3 Sentries","floor":7,"turns":2},{"damage":0,"enemies":"Gremlin Nob","floor":10,"turns":1},{"damage":5,"enemies":"2 Louse","floor":11,"turns":3},{"damage":41,"enemies":"Lagavulin","floor":12,"turns":7},{"damage":7,"enemies":"Jaw Worm","floor":14,"turns":3},{"damage":71,"enemies":"Hexaghost","floor":16,"turns":13}],"seed_played":"-2888105465525039552","potions_obtained":[{"floor":1,"key":"SkillPotion"},{"floor":11,"key":"Swift Potion"}],"is_trial":false,"path_per_floor":["M","$","?","?","?","R","E","R","T","E","M","E","R","M","R","B"],"character_chosen":"IRONCLAD","items_purchased":["Uppercut","True Grit"],"campfire_rested":1,"item_purchase_floors":[2,2],"current_hp_per_floor":[78,78,78,71,71,71,77,77,77,80,80,45,69,68,68,0],"gold":195,"neow_bonus":"THREE_ENEMY_KILL","is_prod":false,"is_daily":false,"chose_seed":false,"campfire_upgraded":3,"win_rate":0,"timestamp":1542233119,"path_taken":["M","$","?","?","?","R","E","R","T","E","M","E","R","M","R","BOSS"],"build_version":"2018-11-08","purchased_purges":0,"victory":false,"max_hp_per_floor":[80,80,80,80,80,80,80,80,80,80,80,80,80,80,80,80],"card_choices":[{"not_picked":["Iron Wave","Headbutt"],"picked":"Havoc","floor":1},{"not_picked":["Rupture","Sever Soul"],"picked":"Shockwave","floor":7},{"not_picked":["Clothesline","Sentinel"],"picked":"Wild Strike","floor":10},{"not_picked":["Rampage","True Grit"],"picked":"Body Slam","floor":11},{"not_picked":["True Grit","Body Slam"],"picked":"Impervious","floor":12},{"not_picked":["Cleave","Perfected Strike"],"picked":"Flame Barrier","floor":14}],"player_experience":1067970,"relics_obtained":[{"floor":7,"key":"Bag of Marbles"},{"floor":9,"key":"Turnip"},{"floor":10,"key":"Omamori"},{"floor":12,"key":"Frozen Egg 2"}],"event_choices":[{"damage_healed":0,"gold_gain":0,"player_choice":"Take Wound","damage_taken":0,"relics_obtained":["Golden Idol"],"max_hp_gain":0,"max_hp_loss":0,"event_name":"Golden Idol","floor":3,"gold_loss":0,"cards_obtained":["Injury"]},{"cards_removed":["Injury"],"damage_healed":0,"gold_gain":0,"player_choice":"Card Removal","damage_taken":7,"max_hp_gain":0,"max_hp_loss":0,"event_name":"Golden Wing","floor":4,"gold_loss":0},{"damage_healed":0,"gold_gain":0,"player_choice":"Box","damage_taken":0,"relics_obtained":["Juzu Bracelet"],"max_hp_gain":0,"max_hp_loss":0,"event_name":"Big Fish","floor":5,"gold_loss":0,"cards_obtained":["Regret"]}],"is_beta":false,"boss_relics":[],"items_purged_floors":[],"is_endless":false,"potions_floor_spawned":[1,11],"killed_by":"Hexaghost","ascension_level":12}