{"gold_per_floor":[11,11,236,286,29,29,42,82,108,129,129,204,3,67,67,192,192,213,234,322,372,372,372,386,386,434,454,504,504],"floor_reached":29,"playtime":901,"items_purged":["Doubt","Strike_B"],"score":279,"play_id":"34e64ffd-d324-4972-81f8-93602103bf79","local_time":"20181008234032","is_ascension_mode":true,"campfire_choices":[{"data":"Injury","floor":6,"key":"PURGE"},{"data":"Strike_B","floor":11,"key":"PURGE"},{"data":"Strike_B","floor":15,"key":"PURGE"},{"floor":23,"key":"REST"},{"data":"Lockon","floor":25,"key":"SMITH"}],"neow_cost":"NO_GOLD","seed_source_timestamp":34695147477216,"circlet_count":0,"master_deck":["Zap","Dualcast","Tempest","Static Discharge","Rebound","Rip and Tear","Ball Lightning","Rainbow","Ball Lightning","Coolheaded","Conserve Battery","Core Surge","Steam Power","Steam","Lockon+1","Redo","Gash","Leap","FTL","BootSequence","Leap"],"relics":["Cracked Core","Peace Pipe","SsserpentHead","Golden Idol","StoneCalendar","Centennial Puzzle","Pandora\u0027s Box","Red Mask","Art of War"],"potions_floor_usage":[7,8,20,27,29,29],"damage_taken":[{"damage":9,"enemies":"Jaw Worm","floor":1,"turns":3},{"damage":30,"enemies":"3 Sentries","floor":8,"turns":4},{"damage":0,"enemies":"Cultist","floor":10,"turns":2},{"damage":0,"enemies":"Small Slimes","floor":12,"turns":2},{"damage":11,"enemies":"Looter","floor":14,"turns":2},{"damage":17,"enemies":"The Guardian","floor":16,"turns":8},{"damage":3,"enemies":"Spheric Guardian","floor":18,"turns":3},{"damage":8,"enemies":"Shell Parasite","floor":19,"turns":3},{"damage":17,"enemies":"Masked Bandits","floor":20,"turns":3},{"damage":21,"enemies":"Cultist and Chosen","floor":24,"turns":5},{"damage":9,"enemies":"Shelled Parasite and Fungi","floor":27,"turns":4},{"damage":12,"enemies":"Colosseum Slavers","floor":28,"turns":3},{"damage":22,"enemies":"Centurion and Healer","floor":29,"turns":5}],"seed_played":"162438144237060773","potions_obtained":[{"floor":1,"key":"Explosive Potion"},{"floor":10,"key":"GamblersBrew"},{"floor":12,"key":"Dexterity Potion"},{"floor":18,"key":"Block Potion"},{"floor":20,"key":"GamblersBrew"}],"is_trial":false,"path_per_floor":["M","?","?","?","$","R","$","E","T","M","R","M","$","M","R","B",null,"M","M","?","?","$","R","M","R","T","M","?"],"character_chosen":"DEFECT","items_purchased":["Fruit Juice","Static Discharge","Rebound","Rip and Tear","FocusPotion","Coolheaded"],"campfire_rested":1,"item_purchase_floors":[5,5,5,7,13,13],"current_hp_per_floor":[66,66,66,66,66,66,71,41,41,41,41,41,41,30,30,13,80,77,69,52,37,37,62,41,41,41,32,20,0],"gold":504,"neow_bonus":"ONE_RARE_RELIC","is_prod":false,"is_daily":false,"chose_seed":false,"campfire_upgraded":1,"win_rate":0,"timestamp":1539056432,"path_taken":["M","?","?","?","$","R","?","E","T","M","R","?","$","?","R","BOSS","M","M","?","?","$","R","M","R","T","M","?","M"],"build_version":"2018-10-04","purchased_purges":2,"victory":false,"max_hp_per_floor":[75,75,75,75,75,75,80,80,80,80,80,80,80,80,80,80,80,80,80,80,85,85,85,85,85,85,85,85,85],"card_choices":[{"not_picked":["Hello World","Beam Cell"],"picked":"Tempest","floor":1},{"not_picked":["Aggregate","Conserve Battery"],"picked":"Ball Lightning","floor":8},{"not_picked":["Go for the Eyes","Reprogram"],"picked":"Rainbow","floor":10},{"not_picked":["Turbo","Streamline"],"picked":"Ball Lightning","floor":12},{"not_picked":["Streamline","Sunder"],"picked":"Conserve Battery","floor":14},{"not_picked":["Machine Learning","All For One"],"picked":"Core Surge","floor":16},{"not_picked":["Turbo","Skim"],"picked":"Leap","floor":18},{"not_picked":["Chill","Streamline+1"],"picked":"FTL","floor":19},{"not_picked":["Go for the Eyes+1","FTL"],"picked":"BootSequence","floor":24},{"not_picked":["Reprogram+1","Genetic Algorithm"],"picked":"Leap","floor":27}],"player_experience":321411,"relics_obtained":[{"floor":8,"key":"StoneCalendar"},{"floor":9,"key":"Centennial Puzzle"},{"floor":20,"key":"Red Mask"},{"floor":26,"key":"Art of War"}],"event_choices":[{"event_name":"FaceTrader","player_choice":"Trade","floor":2,"damage_taken":0},{"event_name":"Liars Game","player_choice":"agreed","floor":3,"damage_taken":0},{"event_name":"Golden Idol","player_choice":"Take Wound","floor":4,"damage_taken":0},{"event_name":"Masked Bandits","player_choice":"Fought Bandits","floor":20,"damage_taken":0},{"event_name":"Forgotten Altar","player_choice":"Shed Blood","floor":21,"damage_taken":0},{"event_name":"Colosseum","player_choice":"Fight","floor":28,"damage_taken":0},{"event_name":"Colosseum","player_choice":"Fled From Nobs","floor":28,"damage_taken":0}],"is_beta":true,"boss_relics":[{"not_picked":["Velvet Choker","Runic Dome"],"picked":"Pandora\u0027s Box"}],"items_purged_floors":[5,13],"is_endless":false,"potions_floor_spawned":[1,10,12,18,20,28],"killed_by":"Centurion and Healer","ascension_level":3}