{"gold_per_floor":[367,19,34,51,67,67,67,85,109,171,171,200,219,237,237,340,340,356,356,51,41,56,56,56],"floor_reached":24,"playtime":1485,"items_purged":[],"score":294,"play_id":"794e1fd8-f9b5-4081-9069-4e4674a2df13","local_time":"20190323142021","is_ascension_mode":true,"campfire_choices":[{"data":"Anger","floor":6,"key":"SMITH"},{"data":"Bash","floor":11,"key":"SMITH"},{"data":"Havoc","floor":15,"key":"SMITH"},{"data":"Havoc","floor":23,"key":"SMITH"}],"neow_cost":"CURSE","seed_source_timestamp":657649347352029,"circlet_count":0,"master_deck":["Strike_R","Strike_R","Strike_R","Strike_R","Defend_R","Defend_R","Defend_R","Defend_R","Bash+1","Clash","Anger+1","Feel No Pain","Ghostly Armor","Reaper","Second Wind","Havoc+1","Dark Embrace","Spot Weakness+1","Feel No Pain","Panache","Havoc+1","Warcry"],"relics":["Burning Blood","Unceasing Top","Art of War","Tiny Chest","Dream Catcher","Black Star"],"potions_floor_usage":[8,16,22,24],"damage_taken":[{"damage":3,"enemies":"2 Louse","floor":1,"turns":4},{"damage":10,"enemies":"Small Slimes","floor":3,"turns":3},{"damage":1,"enemies":"Cultist","floor":4,"turns":3},{"damage":27,"enemies":"Lots of Slimes","floor":5,"turns":7},{"damage":0,"enemies":"Exordium Thugs","floor":8,"turns":5},{"damage":9,"enemies":"3 Sentries","floor":10,"turns":11},{"damage":26,"enemies":"Gremlin Nob","floor":12,"turns":4},{"damage":8,"enemies":"Large Slime","floor":13,"turns":6},{"damage":2,"enemies":"Exordium Wildlife","floor":14,"turns":6},{"damage":59,"enemies":"Hexaghost","floor":16,"turns":11},{"damage":12,"enemies":"Chosen","floor":18,"turns":7},{"damage":17,"enemies":"2 Thieves","floor":21,"turns":4},{"damage":29,"enemies":"Centurion and Healer","floor":22,"turns":5},{"damage":66,"enemies":"Gremlin Leader","floor":24,"turns":4}],"seed_played":"-3218629298697555983","potions_obtained":[{"floor":3,"key":"Energy Potion"},{"floor":4,"key":"Strength Potion"},{"floor":8,"key":"Regen Potion"},{"floor":12,"key":"LiquidBronze"},{"floor":14,"key":"Weak Potion"},{"floor":16,"key":"Ancient Potion"},{"floor":22,"key":"FearPotion"}],"is_trial":false,"path_per_floor":["?","?","M"],"character_chosen":"IRONCLAD","items_purchased":["Unceasing Top","Clash","Feel No Pain","Panache","Havoc"],"campfire_rested":0,"item_purchase_floors":[2,2,20,20,20],"current_hp_per_floor":[75,75,71,76,55,55,55,61,61,58,58,44,50,54,54,7,62,62,62,62,59,64,64,0],"gold":56,"neow_bonus":"TWO_FIFTY_GOLD","is_prod":false,"is_daily":false,"chose_seed":false,"campfire_upgraded":4,"win_rate":0,"timestamp":1553365221,"path_taken":["M","$","M","M","M","R","?","M","T","E","R","E","M","M","R","BOSS","M","?","$","?","M","R","E"],"build_version":"2019-01-23","purchased_purges":0,"victory":false,"max_hp_per_floor":[80,80,80,80,80,80,80,80,80,80,80,80,80,80,80,80,80,80,80,80,80,80,80,80],"card_choices":[{"not_picked":["Perfected Strike","Havoc","Entrench"],"picked":"SKIP","floor":1},{"not_picked":["True Grit","Havoc"],"picked":"Anger","floor":3},{"not_picked":["Power Through","Searing Blow"],"picked":"Feel No Pain","floor":4},{"not_picked":["Pummel","Wild Strike"],"picked":"Ghostly Armor","floor":5},{"not_picked":["Wild Strike","Entrench","Perfected Strike"],"picked":"SKIP","floor":8},{"not_picked":["Clothesline","Power Through"],"picked":"Reaper","floor":10},{"not_picked":["Clothesline","Barricade"],"picked":"Second Wind","floor":12},{"not_picked":["Battle Trance","Warcry"],"picked":"Havoc","floor":13},{"not_picked":["Clothesline","Headbutt","Wild Strike"],"picked":"SKIP","floor":14},{"not_picked":["Barricade","Reaper"],"picked":"Dark Embrace","floor":16},{"not_picked":["Metallicize","Pummel+1"],"picked":"Spot Weakness+1","floor":18},{"not_picked":["Wild Strike+1","Heavy Blade"],"picked":"Warcry","floor":21},{"not_picked":["Shrug It Off","Sever Soul","Infernal Blade"],"picked":"SKIP","floor":22}],"player_experience":930240,"relics_obtained":[{"floor":9,"key":"Art of War"},{"floor":10,"key":"Tiny Chest"},{"floor":12,"key":"Dream Catcher"}],"event_choices":[{"cards_removed":["Injury"],"damage_healed":0,"gold_gain":0,"player_choice":"Forget","damage_taken":0,"max_hp_gain":0,"max_hp_loss":0,"event_name":"Living Wall","floor":7,"gold_loss":0},{"cards_removed":["Strike_R"],"damage_healed":0,"gold_gain":0,"player_choice":"Purged","damage_taken":0,"max_hp_gain":0,"max_hp_loss":0,"event_name":"Purifier","floor":19,"gold_loss":0}],"is_beta":false,"boss_relics":[{"not_picked":["Philosopher\u0027s Stone","Sozu"],"picked":"Black Star"}],"items_purged_floors":[],"is_endless":false,"potions_floor_spawned":[3,4,8,12,14,16,22],"killed_by":"Gremlin Leader","ascension_level":8}