{"gold_per_floor":[110,126,126,126,44,44,71,71,71,71,87,102,102,118,118,218,218,238,252,252,268,295,295,308,0,0,11,24,24,34,54,54,151,151,170,270,370,380,391,391,404,404,404,435,162,162,177,52,52,52],"floor_reached":51,"playtime":6171,"items_purged":["Strike_B","Strike_B","Defend_B"],"score":688,"play_id":"c70bc484-f80f-4d08-98bb-ce6c26e5c0d1","local_time":"20190408135537","is_ascension_mode":true,"campfire_choices":[{"data":"Zap","floor":6.0,"key":"SMITH"},{"data":"Madness","floor":8.0,"key":"SMITH"},{"data":"Dualcast","floor":10.0,"key":"SMITH"},{"data":"Scrape","floor":15.0,"key":"SMITH"},{"data":"Reprogram","floor":23.0,"key":"SMITH"},{"floor":32.0,"key":"REST"},{"data":"Scrape","floor":40,"key":"SMITH"},{"floor":42,"key":"REST"},{"floor":46,"key":"REST"},{"floor":49,"key":"REST"}],"neow_cost":"NONE","seed_source_timestamp":0,"circlet_count":0,"master_deck":["Strike_B+1","Defend_B+1","Defend_B","Defend_B","Zap+1","Dualcast+1","Steam+1","Go for the Eyes+1","Madness+1","Conserve Battery","Scrape+1","Cold Snap","Machine Learning","Gash","Chill","Reprogram+1","Steam+1","Beam Cell+1","Scrape+1","Turbo","Turbo+1","Capacitor","Gash+1","Leap","Creative AI","Gash","Coolheaded+1","Defragment+1","Glacier","Cold Snap","FTL","Gash","FTL+1"],"special_seed":0,"relics":["Cracked Core","Regal Pillow","Whetstone","Sundial","Shuriken","Runic Pyramid","Red Mask","War Paint","Vajra","Nuclear Battery","Calipers","Mummified Hand","Question Card","Pen Nib"],"potions_floor_usage":[50,50],"damage_taken":[{"damage":2.0,"enemies":"2 Louse","floor":1.0,"turns":3.0},{"damage":0.0,"enemies":"Small Slimes","floor":2.0,"turns":5.0},{"damage":30.0,"enemies":"3 Sentries","floor":7.0,"turns":8.0},{"damage":0.0,"enemies":"Jaw Worm","floor":11.0,"turns":2.0},{"damage":3.0,"enemies":"Gremlin Gang","floor":12.0,"turns":3.0},{"damage":7.0,"enemies":"Exordium Thugs","floor":14.0,"turns":4.0},{"damage":10.0,"enemies":"Hexaghost","floor":16.0,"turns":10.0},{"damage":1.0,"enemies":"Shell Parasite","floor":18.0,"turns":5.0},{"damage":19.0,"enemies":"2 Thieves","floor":19.0,"turns":4.0},{"damage":3.0,"enemies":"Shelled Parasite and Fungi","floor":21.0,"turns":6.0},{"damage":6.0,"enemies":"Masked Bandits","floor":22.0,"turns":5.0},{"damage":0.0,"enemies":"Centurion and Healer","floor":24.0,"turns":8.0},{"damage":8.0,"enemies":"Snake Plant","floor":27.0,"turns":3.0},{"damage":0.0,"enemies":"Cultist and Chosen","floor":28.0,"turns":6.0},{"damage":9.0,"enemies":"Centurion and Healer","floor":30.0,"turns":6.0},{"damage":24.0,"enemies":"Shelled Parasite and Fungi","floor":31.0,"turns":5.0},{"damage":20.0,"enemies":"Champ","floor":33.0,"turns":9.0},{"damage":5.0,"enemies":"Orb Walker","floor":35.0,"turns":4.0},{"damage":13,"enemies":"Mind Bloom Boss Battle","floor":36,"turns":7},{"damage":0,"enemies":"3 Shapes","floor":38,"turns":6},{"damage":18,"enemies":"Jaw Worm Horde","floor":39,"turns":8},{"damage":0,"enemies":"Transient","floor":41,"turns":5},{"damage":24,"enemies":"Nemesis","floor":44,"turns":7},{"damage":20,"enemies":"4 Shapes","floor":47,"turns":7},{"damage":37,"enemies":"Time Eater","floor":50,"turns":9}],"seed_played":"-8417580050417772589","potions_obtained":[{"floor":12.0,"key":"Weak Potion"},{"floor":14.0,"key":"Weak Potion"},{"floor":19.0,"key":"Ancient Potion"},{"floor":21.0,"key":"SteroidPotion"},{"floor":24.0,"key":"Poison Potion"},{"floor":27.0,"key":"LiquidBronze"},{"floor":39,"key":"LiquidBronze"},{"floor":47,"key":"Explosive Potion"}],"is_trial":false,"path_per_floor":["M","M","?","?","$","R","E","R","T","R","M","M","T","M","R","B",null,"M","M","?","M","?","R","M","$","T","M","M","?","M","M","R","B",null,"M","?","?","M","M","R","M","R","T","E","$","R","M","$","R","B",null],"character_chosen":"DEFECT","items_purchased":["Madness","Scrape","Turbo","War Paint","Gash","Pen Nib"],"campfire_rested":4,"item_purchase_floors":[5,25,25,25,45,45],"current_hp_per_floor":[73,73,78,78,78,78,48,48,48,48,48,45,45,38,38,28,80,79,60,60,57,51,51,51,51,51,43,43,43,34,10,49,29,80,75,62,62,62,44,44,44,80,80,56,56,80,60,60,80,43],"gold":52,"neow_bonus":"RANDOM_COMMON_RELIC","is_prod":false,"is_daily":false,"chose_seed":false,"campfire_upgraded":6,"win_rate":0,"timestamp":1554746137,"path_taken":["M","M","?","?","$","R","E","R","T","R","M","M","?","M","R","BOSS","M","?","?","?","?","R","M","$","T","M","M","?","M","M","R","BOSS","M","?","?","M","M","R","?","R","T","E","?","R","?","$","R","BOSS"],"build_version":"2019-01-23","purchased_purges":3,"victory":true,"max_hp_per_floor":[75,75,80,80,80,80,80,80,80,80,80,80,80,80,80,80,80,80,80,80,80,80,80,80,80,80,80,80,80,80,80,80,80,80,80,80,80,80,80,80,80,80,80,80,80,80,80,80,80,80],"card_choices":[{"not_picked":["Barrage","Static Discharge"],"picked":"Steam","floor":1.0},{"not_picked":["Rebound","Loop"],"picked":"Go for the Eyes","floor":2.0},{"not_picked":["Sweeping Beam","Amplify"],"picked":"Conserve Battery","floor":7.0},{"not_picked":["Stack","Ball Lightning"],"picked":"Scrape","floor":11.0},{"not_picked":["Fusion","Redo","Sweeping Beam"],"picked":"SKIP","floor":12.0},{"not_picked":["Fusion","Hologram"],"picked":"Cold Snap","floor":14.0},{"not_picked":["Thunder Strike","Multi-Cast"],"picked":"Machine Learning","floor":16.0},{"not_picked":["Sweeping Beam+1","Genetic Algorithm"],"picked":"Gash","floor":18.0},{"not_picked":["Auto Shields","Streamline"],"picked":"Chill","floor":19.0},{"not_picked":["Redo","Undo"],"picked":"Reprogram","floor":21.0},{"not_picked":["Leap","Hologram"],"picked":"Steam+1","floor":22.0},{"not_picked":["Steam Power","Cold Snap"],"picked":"Beam Cell+1","floor":24.0},{"not_picked":["Consume","Barrage"],"picked":"Turbo+1","floor":27.0},{"not_picked":["Melter","Cold Snap"],"picked":"Capacitor","floor":28.0},{"not_picked":["Undo","Leap"],"picked":"Gash+1","floor":30.0},{"not_picked":["Thunder Strike","Undo"],"picked":"Leap","floor":31.0},{"not_picked":["Thunder Strike","Electrodynamics"],"picked":"Creative AI","floor":33.0},{"not_picked":["Rip and Tear","BootSequence+1"],"picked":"Gash","floor":35.0},{"not_picked":["Darkness","Redo"],"picked":"Coolheaded+1","floor":36},{"not_picked":["Tempest","Coolheaded"],"picked":"Defragment+1","floor":38},{"not_picked":["Genetic Algorithm+1","Stack+1"],"picked":"Glacier","floor":39},{"not_picked":["Conserve Battery+1","Self Repair"],"picked":"Cold Snap","floor":41},{"not_picked":["Go for the Eyes+1","Beam Cell"],"picked":"FTL","floor":44},{"not_picked":["Gash","Ball Lightning+1","Self Repair+1"],"picked":"FTL+1","floor":47}],"player_experience":257465,"relics_obtained":[{"floor":7.0,"key":"Whetstone"},{"floor":9.0,"key":"Sundial"},{"floor":13.0,"key":"Shuriken"},{"floor":22.0,"key":"Red Mask"},{"floor":26.0,"key":"Vajra"},{"floor":36,"key":"Calipers"},{"floor":43,"key":"Mummified Hand"},{"floor":44,"key":"Question Card"}],"event_choices":[{"damage_healed":0.0,"max_hp_gain":5.0,"max_hp_loss":0.0,"gold_gain":0.0,"event_name":"Big Fish","player_choice":"Donut","floor":3.0,"gold_loss":0.0,"damage_taken":0.0},{"damage_healed":0.0,"max_hp_gain":0.0,"max_hp_loss":0.0,"gold_gain":0.0,"event_name":"Liars Game","player_choice":"Ignored","floor":4.0,"gold_loss":0.0,"damage_taken":0.0},{"cards_removed":["Strike_B"],"damage_healed":0.0,"max_hp_gain":0.0,"max_hp_loss":0.0,"gold_gain":0.0,"event_name":"Bonfire Elementals","player_choice":"Offered Basic","floor":20.0,"gold_loss":0.0,"damage_taken":0.0},{"damage_healed":0.0,"max_hp_gain":0.0,"max_hp_loss":0.0,"gold_gain":0.0,"event_name":"Masked Bandits","player_choice":"Fought Bandits","floor":22.0,"gold_loss":0.0,"damage_taken":0.0},{"damage_healed":0,"gold_gain":0,"player_choice":"Fight","damage_taken":0,"max_hp_gain":0,"max_hp_loss":0,"event_name":"MindBloom","floor":36,"gold_loss":0},{"damage_healed":0,"gold_gain":100,"player_choice":"Pray","damage_taken":0,"max_hp_gain":0,"max_hp_loss":0,"event_name":"Golden Shrine","floor":37,"gold_loss":0}],"is_beta":false,"boss_relics":[{"not_picked":["Philosopher\u0027s Stone","Fusion Hammer"],"picked":"Runic Pyramid"},{"not_picked":["Pandora\u0027s Box","Busted Crown"],"picked":"Nuclear Battery"}],"items_purged_floors":[25,45,48],"is_endless":false,"potions_floor_spawned":[12,14,19,21,24,27,39,47],"ascension_level":1}