{"gold_per_floor":[112,128,142,142,142,167,183,195,195,213,213,225,225,244,244,343,393,403,420,186,198,217,217],"floor_reached":23,"playtime":1011,"items_purged":[],"score":244,"play_id":"4c3acce1-7165-44b1-831e-6df5198a3565","local_time":"20190110114720","is_ascension_mode":true,"campfire_choices":[{"floor":13,"key":"DIG"},{"floor":15,"key":"REST"}],"neow_cost":"NONE","seed_source_timestamp":760524193187044,"circlet_count":0,"master_deck":["Strike_B","Strike_B","Strike_B","Strike_B","Defend_B","Defend_B","Defend_B","Defend_B","Zap","Dualcast","Fusion","BootSequence","Redo","Gash","Chill","Capacitor","Go for the Eyes+1","Steam","Electrodynamics","Beam Cell","Gash","Consume","Gash","FTL","Go for the Eyes+1","Gash"],"special_seed":0,"relics":["Cracked Core","NeowsBlessing","Mercury Hourglass","Shovel","Dodecahedron","Ornamental Fan","Tiny House","Lantern"],"potions_floor_usage":[16,21,23,23],"damage_taken":[{"damage":0.0,"enemies":"Cultist","floor":1.0,"turns":1.0},{"damage":0.0,"enemies":"2 Louse","floor":2.0,"turns":1.0},{"damage":0.0,"enemies":"Jaw Worm","floor":3.0,"turns":1.0},{"damage":39,"enemies":"Gremlin Nob","floor":6,"turns":6},{"damage":4,"enemies":"2 Fungi Beasts","floor":7,"turns":3},{"damage":0,"enemies":"Looter","floor":8,"turns":3},{"damage":9,"enemies":"Red Slaver","floor":10,"turns":3},{"damage":0,"enemies":"2 Fungi Beasts","floor":12,"turns":3},{"damage":4,"enemies":"Looter","floor":14,"turns":3},{"damage":40,"enemies":"The Guardian","floor":16,"turns":13},{"damage":18,"enemies":"2 Thieves","floor":18,"turns":3},{"damage":14,"enemies":"Shell Parasite","floor":19,"turns":8},{"damage":0,"enemies":"Cultist and Chosen","floor":21,"turns":4},{"damage":27,"enemies":"3 Cultists","floor":22,"turns":6},{"damage":26,"enemies":"Gremlin Leader","floor":23,"turns":3}],"seed_played":"-3991571758016236785","potions_obtained":[{"floor":1.0,"key":"Weak Potion"},{"floor":6,"key":"Ancient Potion"},{"floor":7,"key":"EssenceOfSteel"},{"floor":10,"key":"Energy Potion"},{"floor":17,"key":"PowerPotion"},{"floor":19,"key":"Fruit Juice"},{"floor":22,"key":"AttackPotion"}],"is_trial":false,"path_per_floor":["M","M","M","$","?","E","M","M","T","M","?","M","R","M","R","B",null,"M","M","$","M","M","E"],"character_chosen":"DEFECT","items_purchased":["Gash","FTL","Lantern"],"campfire_rested":1,"item_purchase_floors":[20,20,20],"current_hp_per_floor":[75,75,75,75,75,36,32,32,32,23,23,23,23,19,41,1,80,62,48,48,53,26,0],"gold":217,"neow_bonus":"THREE_ENEMY_KILL","is_prod":false,"is_daily":false,"chose_seed":false,"campfire_upgraded":0,"win_rate":0,"timestamp":1547149640,"path_taken":["M","?","M","$","?","E","M","?","T","M","?","M","R","M","R","BOSS","M","M","$","M","M","E"],"build_version":"2019-01-03v4","purchased_purges":0,"victory":false,"max_hp_per_floor":[75,75,75,75,75,75,75,75,75,75,75,75,75,75,75,75,80,80,80,80,85,85,85],"card_choices":[{"not_picked":["Fusion","Rip and Tear","Streamline"],"picked":"SKIP","floor":1.0},{"not_picked":["Rip and Tear","Streamline"],"picked":"Fusion","floor":1.0},{"not_picked":["FTL","Rebound"],"picked":"BootSequence","floor":2.0},{"not_picked":["Double Energy","Coolheaded"],"picked":"Redo","floor":3.0},{"not_picked":["Hello World","Sweeping Beam"],"picked":"Gash","floor":6},{"not_picked":["Hello World","Beam Cell"],"picked":"Chill","floor":7},{"not_picked":["Barrage","Heatsinks"],"picked":"Capacitor","floor":8},{"not_picked":["Chill","Sunder"],"picked":"Go for the Eyes","floor":10},{"not_picked":["Self Repair","Coolheaded"],"picked":"Steam","floor":12},{"not_picked":["Stack","Steam"],"picked":"Electrodynamics","floor":14},{"not_picked":["Darkness","Rebound"],"picked":"Beam Cell","floor":17},{"not_picked":["Go for the Eyes","Ball Lightning"],"picked":"Gash","floor":18},{"not_picked":["Sweeping Beam","Stack"],"picked":"Consume","floor":19},{"not_picked":["Hello World","Coolheaded"],"picked":"Go for the Eyes+1","floor":21},{"not_picked":["Ball Lightning","Turbo"],"picked":"Gash","floor":22}],"player_experience":195040,"relics_obtained":[{"floor":6,"key":"Shovel"},{"floor":9,"key":"Dodecahedron"},{"floor":13,"key":"Ornamental Fan"}],"event_choices":[{"damage_healed":0,"gold_gain":0,"player_choice":"Gave Potion","damage_taken":0,"relics_obtained":["Mercury Hourglass"],"max_hp_gain":0,"max_hp_loss":0,"event_name":"WeMeetAgain","floor":5,"gold_loss":0},{"damage_healed":0,"gold_gain":0,"player_choice":"Searched \u00270\u0027 times","damage_taken":0,"max_hp_gain":0,"max_hp_loss":0,"event_name":"Dead Adventurer","floor":11,"gold_loss":0}],"is_beta":false,"boss_relics":[{"not_picked":["Snecko Eye","Lizard Tail"],"picked":"Tiny House"}],"items_purged_floors":[],"is_endless":false,"potions_floor_spawned":[1,6,7,10,14,18,19,22],"killed_by":"Gremlin Leader","ascension_level":2}