{"path_per_floor":["M","?","M","M","M","M","R","M","T","R","M","M","?","M","R","B",null,"M"],"character_chosen":"IRONCLAD","items_purchased":[],"gold_per_floor":[18,18,43,58,72,27,27,51,51,51,75,89,89,103,103,231,231,171],"floor_reached":19,"campfire_rested":0,"playtime":1331,"current_hp_per_floor":[75,55,61,63,49,47,47,53,53,53,55,44,37,45,45,50,80,70],"items_purged":[],"gold":171,"score":161,"play_id":"4387cf1b-e68d-410d-8b5b-f382aaf60e32","local_time":"20180305004243","is_prod":false,"is_daily":false,"is_ascension_mode":false,"campfire_upgraded":3,"timestamp":1520228563,"path_taken":["M","?","M","M","M","?","R","M","T","R","?","M","?","M","R","BOSS","M","$"],"build_version":"2018-03-02-BETA2","purchased_purges":0,"victory":false,"master_deck":["Strike_R","Strike_R","Defend_R","Defend_R","Defend_R","Bash","Barricade+1","Power Through","Bloodletting","Exhume+1","Armaments+1","Intimidate","Sentinel","Disarm","Headbutt","Shockwave","Reaper","Sword Boomerang+1","Immolate+1","Seeing Red+1","Metallicize+1"],"max_hp_per_floor":[80,80,80,80,80,80,80,80,80,80,80,80,80,80,80,80,80,80],"relics":["Burning Blood","Golden Idol","Bird Faced Urn","Astrolabe"],"card_choices":[{"not_picked":["Immolate","Bludgeon"],"picked":"Barricade"},{"not_picked":["Warcry","Iron Wave"],"picked":"Power Through"},{"not_picked":["Shrug It Off","Clothesline"],"picked":"Bloodletting"},{"not_picked":["Searing Blow","Flex"],"picked":"Exhume"},{"not_picked":["True Grit","Perfected Strike"],"picked":"Armaments"},{"not_picked":["Rage","Anger"],"picked":"Intimidate"},{"not_picked":["Heavy Blade","Rage"],"picked":"Sentinel"},{"not_picked":["Seeing Red","Flex"],"picked":"Disarm"},{"not_picked":["Barricade","Anger"],"picked":"Headbutt"},{"not_picked":["Armaments","Perfected Strike"],"picked":"Shockwave"},{"not_picked":["Immolate","Juggernaut"],"picked":"Reaper"},{"not_picked":["Rage","Battle Trance"],"picked":"Metallicize"}],"player_experience":50596,"potions_floor_usage":[],"damage_taken":[{"damage":11.0,"enemies":"Jaw Worm","floor":1.0,"turns":3.0},{"damage":0.0,"enemies":"Small Slimes","floor":3.0,"turns":4.0},{"damage":4.0,"enemies":"Cultist","floor":4.0,"turns":3.0},{"damage":20.0,"enemies":"Lots of Slimes","floor":5.0,"turns":10.0},{"damage":8.0,"enemies":"Looter","floor":6.0,"turns":5.0},{"damage":0.0,"enemies":"3 Louse","floor":8.0,"turns":6.0},{"damage":6.0,"enemies":"Gremlin Gang","floor":11.0,"turns":8.0},{"damage":19.0,"enemies":"2 Fungi Beasts","floor":12.0,"turns":6.0},{"damage":0.0,"enemies":"Blue Slaver","floor":14.0,"turns":7.0},{"damage":3.0,"enemies":"Hexaghost","floor":16.0,"turns":16.0},{"damage":19.0,"enemies":"2 Thieves","floor":18.0,"turns":4.0}],"event_choices":[{"event_name":"Golden Idol","player_choice":"Take Damage","floor":2.0,"damage_taken":0.0},{"event_name":"Golden Wing","player_choice":"Card Removal","floor":13.0,"damage_taken":0.0}],"boss_relics":[],"potions_floor_spawned":[1,8,14],"seed_played":"-1674415014009165364","ascension_level":0,"is_trial":false}