{"gold_per_floor":[118,35,45,45,59,59,90,90,90,105,140,172,202,241,253,336,348,374,386,418,31,50,50,50,67,116,116],"floor_reached":27,"playtime":1518,"items_purged":[],"score":481,"play_id":"d8a0e899-8c4d-4543-a10e-d6ca77793367","local_time":"20190407130254","is_ascension_mode":true,"campfire_choices":[{"data":"Glass Knife","floor":6,"key":"SMITH"},{"data":"Neutralize","floor":8,"key":"SMITH"},{"floor":15,"key":"REST"},{"floor":23,"key":"REST"}],"neow_cost":"NONE","seed_source_timestamp":1948968284028567,"circlet_count":0,"master_deck":["AscendersBane","Defend_G","Defend_G","Defend_G","Defend_G","Defend_G","Strike_G","Strike_G","Strike_G","Strike_G","Strike_G","Survivor","Neutralize+1","Glass Knife+1","Noxious Fumes+1","Well Laid Plans","Sucker Punch","Caltrops","Dash","All Out Attack","Adrenaline","Backstab","Caltrops","Corpse Explosion","Infinite Blades","Cloak And Dagger","Caltrops+1"],"relics":["Ring of the Snake","Pocketwatch","Nunchaku","MawBank","Shuriken","Orrery","MutagenicStrength","Potion Belt","Orichalcum"],"potions_floor_usage":[10,22],"damage_taken":[{"damage":3,"enemies":"2 Louse","floor":1,"turns":3},{"damage":1,"enemies":"Cultist","floor":3,"turns":4},{"damage":2,"enemies":"Small Slimes","floor":5,"turns":4},{"damage":16,"enemies":"Gremlin Nob","floor":7,"turns":4},{"damage":13,"enemies":"Exordium Thugs","floor":10,"turns":6},{"damage":0,"enemies":"Lagavulin","floor":11,"turns":7},{"damage":3,"enemies":"Looter","floor":12,"turns":3},{"damage":16,"enemies":"Gremlin Gang","floor":13,"turns":2},{"damage":5,"enemies":"3 Sentries","floor":14,"turns":8},{"damage":15,"enemies":"Hexaghost","floor":16,"turns":8},{"damage":22,"enemies":"Spheric Guardian","floor":18,"turns":4},{"damage":17,"enemies":"3 Byrds","floor":20,"turns":2},{"damage":0,"enemies":"Snecko","floor":22,"turns":5},{"damage":29,"enemies":"Snake Plant","floor":25,"turns":4},{"damage":22,"enemies":"Book of Stabbing","floor":27,"turns":4}],"seed_played":"-4725222872346316825","potions_obtained":[{"floor":0,"key":"EssenceOfSteel"},{"floor":0,"key":"Weak Potion"},{"floor":7,"key":"Regen Potion"},{"floor":13,"key":"GamblersBrew"},{"floor":20,"key":"Block Potion"}],"is_trial":false,"path_per_floor":["?","M","?","?"],"character_chosen":"THE_SILENT","items_purchased":["Noxious Fumes","Corpse Explosion","Potion Belt","Infinite Blades"],"campfire_rested":2,"item_purchase_floors":[2,21,21,21],"current_hp_per_floor":[56,56,55,55,53,53,37,37,37,39,39,36,20,15,34,19,54,32,32,15,15,15,34,47,18,18,0],"gold":116,"neow_bonus":"THREE_SMALL_POTIONS","is_prod":false,"is_daily":false,"chose_seed":false,"campfire_upgraded":2,"win_rate":0,"timestamp":1554656574,"path_taken":["M","$","M","?","M","R","E","R","T","M","E","?","M","E","R","BOSS","M","?","M","$","M","R","?","M","T","E"],"build_version":"2019-01-23","purchased_purges":0,"victory":false,"max_hp_per_floor":[66,66,66,66,66,66,66,66,66,66,66,66,66,66,66,66,66,66,66,66,66,66,66,66,66,66,66],"card_choices":[{"not_picked":["Blade Dance","Bane"],"picked":"Glass Knife","floor":1},{"not_picked":["Flechettes","Flying Knee"],"picked":"Well Laid Plans","floor":3},{"not_picked":["Cloak And Dagger","Slice"],"picked":"Sucker Punch","floor":5},{"not_picked":["Cloak And Dagger","Flying Knee"],"picked":"Caltrops","floor":7},{"not_picked":["Endless Agony","Distraction"],"picked":"Dash","floor":10},{"not_picked":["Dagger Spray","Slice"],"picked":"All Out Attack","floor":11},{"not_picked":["Expertise","Slice","Blade Dance"],"picked":"SKIP","floor":12},{"not_picked":["Heel Hook","Bouncing Flask","A Thousand Cuts"],"picked":"SKIP","floor":13},{"not_picked":["Predator","Tactician","Eviscerate"],"picked":"SKIP","floor":14},{"not_picked":["Unload","Grand Finale"],"picked":"Adrenaline","floor":16},{"not_picked":["Dagger Spray","Slice"],"picked":"Backstab","floor":17},{"not_picked":["Choke","Sucker Punch"],"picked":"Caltrops","floor":17},{"not_picked":["Escape Plan","Bouncing Flask","Endless Agony"],"picked":"SKIP","floor":18},{"not_picked":["Deflect","Dagger Spray+1","Deadly Poison"],"picked":"SKIP","floor":20},{"not_picked":["Dagger Spray","Underhanded Strike"],"picked":"Cloak And Dagger","floor":22},{"not_picked":["Calculated Gamble","Quick Slash+1"],"picked":"Caltrops+1","floor":25}],"player_experience":1588136,"relics_obtained":[{"floor":7,"key":"Pocketwatch"},{"floor":9,"key":"Nunchaku"},{"floor":11,"key":"MawBank"},{"floor":14,"key":"Shuriken"},{"floor":26,"key":"Orichalcum"}],"event_choices":[{"damage_healed":0,"gold_gain":0,"player_choice":"Upgraded","damage_taken":0,"max_hp_gain":0,"max_hp_loss":0,"event_name":"Upgrade Shrine","floor":4,"gold_loss":0,"cards_upgraded":["Noxious Fumes"]},{"damage_healed":0,"gold_gain":0,"player_choice":"Inject Mutagens","damage_taken":0,"relics_obtained":["MutagenicStrength"],"max_hp_gain":0,"max_hp_loss":0,"event_name":"Drug Dealer","floor":19,"gold_loss":0},{"damage_healed":13,"gold_gain":0,"player_choice":"Heal","damage_taken":0,"max_hp_gain":0,"max_hp_loss":0,"event_name":"The Library","floor":24,"gold_loss":0}],"is_beta":false,"boss_relics":[{"not_picked":["Tiny House","Lizard Tail"],"picked":"Orrery"}],"items_purged_floors":[],"is_endless":false,"potions_floor_spawned":[5,7,13,16,18,20],"killed_by":"Book of Stabbing","ascension_level":17}