{"gold_per_floor":[119,119,132,28,203,230,243,258,258,213,178,178,191,203,203,307,307,317,317,317,328,253,278,378,378,378,378,388,422,422,453,453,453],"floor_reached":33,"playtime":2037,"items_purged":[],"score":394,"play_id":"d7dfa24b-655f-4cb4-a93b-4cde49520882","local_time":"20190321001931","is_ascension_mode":true,"campfire_choices":[{"data":"Rampage","floor":12,"key":"SMITH"},{"data":"Warcry","floor":15,"key":"SMITH"},{"data":"Shrug It Off","floor":25,"key":"SMITH"},{"floor":27,"key":"REST"},{"floor":30,"key":"REST"},{"floor":32,"key":"REST"}],"neow_cost":"NONE","seed_source_timestamp":433825824373610,"circlet_count":0,"master_deck":["Strike_R+1","Strike_R","Strike_R","Strike_R","Strike_R","Defend_R","Defend_R","Defend_R","Defend_R","Bash","Armaments+1","Rampage+1","Shrug It Off+1","Inflame","Warcry+1","Reaper","Spot Weakness","RitualDagger"],"relics":["Burning Blood","Art of War","Ginger","Mercury Hourglass","Busted Crown","Sundial","The Courier","Oddly Smooth Stone","Orichalcum"],"potions_floor_usage":[21,23,31,33],"damage_taken":[{"damage":8,"enemies":"Small Slimes","floor":1,"turns":4},{"damage":0,"enemies":"2 Louse","floor":3,"turns":4},{"damage":51,"enemies":"Gremlin Nob","floor":6,"turns":6},{"damage":12,"enemies":"Jaw Worm","floor":7,"turns":4},{"damage":4,"enemies":"3 Louse","floor":8,"turns":5},{"damage":6,"enemies":"Looter","floor":13,"turns":3},{"damage":20,"enemies":"Exordium Thugs","floor":14,"turns":5},{"damage":10,"enemies":"The Guardian","floor":16,"turns":13},{"damage":13,"enemies":"3 Byrds","floor":18,"turns":5},{"damage":21,"enemies":"2 Thieves","floor":21,"turns":3},{"damage":59,"enemies":"Gremlin Leader","floor":23,"turns":9},{"damage":1,"enemies":"Cultist and Chosen","floor":28,"turns":4},{"damage":63,"enemies":"Slavers","floor":29,"turns":6},{"damage":40,"enemies":"Book of Stabbing","floor":31,"turns":6},{"damage":65,"enemies":"Automaton","floor":33,"turns":8}],"seed_played":"2316095212462499867","potions_obtained":[{"floor":1,"key":"Energy Potion"},{"floor":6,"key":"GamblersBrew"},{"floor":14,"key":"Poison Potion"},{"floor":28,"key":"EssenceOfSteel"}],"is_trial":false,"path_per_floor":["?","?","?","?","?","?","?","?","M"],"character_chosen":"IRONCLAD","items_purchased":["Shrug It Off","Inflame"],"campfire_rested":3,"item_purchase_floors":[4,4],"current_hp_per_floor":[70,54,60,60,60,15,9,11,11,11,31,31,31,17,17,13,63,62,56,56,61,61,26,26,26,26,50,55,28,52,29,53,0],"gold":453,"neow_bonus":"RANDOM_COMMON_RELIC","is_prod":false,"is_daily":false,"chose_seed":false,"campfire_upgraded":3,"win_rate":0,"timestamp":1553141971,"path_taken":["M","?","M","$","?","E","M","M","T","?","?","R","M","M","R","BOSS","M","?","?","M","?","E","?","R","T","R","?","E","R","E","R","BOSS"],"build_version":"2019-01-23","purchased_purges":0,"victory":false,"max_hp_per_floor":[80,80,80,80,80,80,80,80,80,80,80,80,80,80,80,80,80,80,80,80,80,80,80,80,80,80,80,80,80,80,80,80,80],"card_choices":[{"not_picked":["Dropkick","Body Slam"],"picked":"Armaments","floor":1},{"not_picked":["Clash","Clothesline"],"picked":"Rampage","floor":3},{"not_picked":["Thunderclap","Flex","Rampage"],"picked":"SKIP","floor":6},{"not_picked":["Thunderclap","Wild Strike"],"picked":"Warcry","floor":7},{"not_picked":["Sever Soul","Seeing Red","Thunderclap"],"picked":"SKIP","floor":8},{"not_picked":["Bloodletting","Perfected Strike","Exhume"],"picked":"SKIP","floor":13},{"not_picked":["Twin Strike","Flex","Searing Blow"],"picked":"SKIP","floor":14},{"not_picked":["Fiend Fire","Offering"],"picked":"Reaper","floor":16},{"not_picked":[],"picked":"Spot Weakness","floor":18},{"not_picked":["Perfected Strike+1"],"picked":"SKIP","floor":21},{"not_picked":["Clash+1"],"picked":"SKIP","floor":23},{"not_picked":["Iron Wave"],"picked":"SKIP","floor":28},{"not_picked":["Sword Boomerang"],"picked":"SKIP","floor":29},{"not_picked":["Perfected Strike+1"],"picked":"SKIP","floor":31}],"player_experience":847572,"relics_obtained":[{"floor":6,"key":"Ginger"},{"floor":9,"key":"Mercury Hourglass"},{"floor":23,"key":"Sundial"},{"floor":26,"key":"The Courier"},{"floor":29,"key":"Oddly Smooth Stone"},{"floor":31,"key":"Orichalcum"}],"event_choices":[{"damage_healed":0,"gold_gain":0,"player_choice":"Entered Light","damage_taken":16,"max_hp_gain":0,"max_hp_loss":0,"event_name":"Shining Light","floor":2,"gold_loss":0,"cards_upgraded":["Strike_R","Armaments"]},{"damage_healed":0,"gold_gain":175,"player_choice":"AGREE","damage_taken":0,"max_hp_gain":0,"max_hp_loss":0,"event_name":"Liars Game","floor":5,"gold_loss":0,"cards_obtained":["Doubt"]},{"damage_healed":0,"gold_gain":0,"player_choice":"Left Gold","damage_taken":0,"max_hp_gain":0,"max_hp_loss":0,"event_name":"World of Goop","floor":10,"gold_loss":45},{"damage_healed":20,"gold_gain":0,"player_choice":"Healed","damage_taken":0,"max_hp_gain":0,"max_hp_loss":0,"event_name":"The Cleric","floor":11,"gold_loss":35},{"damage_healed":0,"gold_gain":0,"player_choice":"Joined the Cult","damage_taken":6,"max_hp_gain":0,"max_hp_loss":0,"event_name":"Nest","floor":19,"gold_loss":0,"cards_obtained":["RitualDagger"]},{"damage_healed":0,"gold_gain":0,"player_choice":"Ignored","damage_taken":0,"max_hp_gain":0,"max_hp_loss":0,"event_name":"Ghosts","floor":20,"gold_loss":0},{"cards_removed":["Doubt"],"damage_healed":0,"gold_gain":0,"player_choice":"Gave Gold","damage_taken":0,"max_hp_gain":0,"max_hp_loss":0,"event_name":"Beggar","floor":22,"gold_loss":75},{"damage_healed":0,"gold_gain":100,"player_choice":"Pray","damage_taken":0,"max_hp_gain":0,"max_hp_loss":0,"event_name":"Golden Shrine","floor":24,"gold_loss":0}],"is_beta":false,"boss_relics":[{"not_picked":["Runic Dome","Snecko Eye"],"picked":"Busted Crown"}],"items_purged_floors":[],"is_endless":false,"potions_floor_spawned":[1,6,14,28],"killed_by":"Automaton","ascension_level":6}