{"gold_per_floor":[111,111,130,130,146,116,116,133,133,58,74,99,99,99,99,99],"floor_reached":16,"playtime":534,"items_purged":["Bash"],"score":175,"play_id":"edf81590-2a4b-414a-9f4d-d23e93295b39","local_time":"20190330232221","is_ascension_mode":true,"campfire_choices":[{"data":"Uppercut","floor":7,"key":"SMITH"},{"data":"Metallicize","floor":15,"key":"SMITH"}],"neow_cost":"NONE","seed_source_timestamp":71137651077400,"circlet_count":0,"master_deck":["AscendersBane","Strike_R","Strike_R","Strike_R","Strike_R","Defend_R","Defend_R","Defend_R","Defend_R","Shrug It Off","Disarm","Uppercut+1","Metallicize+1","Feed+1"],"relics":["Burning Blood","Unceasing Top"],"potions_floor_usage":[16],"damage_taken":[{"damage":23,"enemies":"Jaw Worm","floor":1,"turns":5},{"damage":6,"enemies":"Cultist","floor":3,"turns":4},{"damage":0,"enemies":"2 Louse","floor":5,"turns":3},{"damage":6,"enemies":"Looter","floor":6,"turns":4},{"damage":14,"enemies":"Exordium Wildlife","floor":8,"turns":5},{"damage":2,"enemies":"Red Slaver","floor":11,"turns":4},{"damage":43,"enemies":"Lagavulin","floor":12,"turns":10},{"damage":19,"enemies":"Hexaghost","floor":16,"turns":13}],"seed_played":"-4661754775624323096","potions_obtained":[{"floor":1,"key":"Dexterity Potion"},{"floor":8,"key":"Swift Potion"}],"is_trial":false,"path_per_floor":["M","?","M","?","M","M","R","M","T","$","M","E","?","?","R","B"],"character_chosen":"IRONCLAD","items_purchased":[],"campfire_rested":0,"item_purchase_floors":[],"current_hp_per_floor":[58,58,58,58,64,64,64,56,56,56,60,23,23,23,23,4],"gold":99,"neow_bonus":"TEN_PERCENT_HP_BONUS","is_prod":false,"is_daily":false,"chose_seed":false,"campfire_upgraded":2,"win_rate":0,"timestamp":1554013341,"path_taken":["M","?","M","?","?","M","R","M","T","$","M","E","?","?","R","BOSS"],"build_version":"2019-01-23","purchased_purges":1,"victory":false,"max_hp_per_floor":[82,82,82,82,82,82,82,82,82,82,82,82,82,82,82,82],"card_choices":[{"not_picked":["Bloodletting","Twin Strike"],"picked":"Shrug It Off","floor":1},{"not_picked":["Shockwave","Warcry"],"picked":"Disarm","floor":3},{"not_picked":["Corruption","Fire Breathing","Thunderclap"],"picked":"SKIP","floor":5},{"not_picked":["Corruption","Fire Breathing","Thunderclap"],"picked":"SKIP","floor":5},{"not_picked":["Havoc","Evolve"],"picked":"Uppercut","floor":6},{"not_picked":["Armaments","Clothesline"],"picked":"Metallicize","floor":8},{"not_picked":["Wild Strike","Thunderclap","Headbutt"],"picked":"SKIP","floor":11},{"not_picked":["Wild Strike","Evolve"],"picked":"Feed","floor":12}],"player_experience":455693,"relics_obtained":[{"floor":12,"key":"Unceasing Top"}],"event_choices":[{"damage_healed":0,"gold_gain":0,"player_choice":"Ignored","damage_taken":0,"max_hp_gain":0,"max_hp_loss":0,"event_name":"Shining Light","floor":2,"gold_loss":0},{"cards_removed":["Strike_R"],"damage_healed":0,"gold_gain":0,"player_choice":"Offered Basic","damage_taken":0,"max_hp_gain":0,"max_hp_loss":0,"event_name":"Bonfire Elementals","floor":4,"gold_loss":0},{"damage_healed":0,"gold_gain":0,"player_choice":"Grow","damage_taken":0,"max_hp_gain":0,"max_hp_loss":0,"event_name":"Living Wall","floor":13,"gold_loss":0,"cards_upgraded":["Feed"]},{"damage_healed":0,"gold_gain":0,"player_choice":"Ignored","damage_taken":0,"max_hp_gain":0,"max_hp_loss":0,"event_name":"Liars Game","floor":14,"gold_loss":0}],"is_beta":false,"boss_relics":[],"items_purged_floors":[10],"is_endless":false,"potions_floor_spawned":[1,8,12],"killed_by":"Hexaghost","ascension_level":15}