{"gold_per_floor":[109,109,127,202,51,51,65,65,91,111,145,145,174,101,101,196,196,208,57,57,57],"floor_reached":21,"playtime":2526,"items_purged":["Normality"],"score":204,"play_id":"758da614-8801-42d4-98f4-c700f9d30ca8","local_time":"20180829094941","is_ascension_mode":true,"campfire_choices":[{"data":"Dualcast","floor":6,"key":"SMITH"},{"floor":8,"key":"REST"},{"floor":15,"key":"REST"}],"neow_cost":"","seed_source_timestamp":1065458808663687,"circlet_count":0,"master_deck":["Strike_B","Strike_B","Strike_B","Defend_B","Defend_B+1","Defend_B","Defend_B+1","Zap","Dualcast+1","Loop","Core Surge","Hologram","Coolheaded","Defragment","Coolheaded","Cold Snap","Redo","Hologram","Storm","Chaos","Steam","Redo","Rainbow","Clumsy","Parasite","Self Repair","Steam","Redo","Defragment"],"relics":["Cracked Core","Blood Vial","Shuriken","Bottled Lightning","Calling Bell","War Paint","Singing Bowl","Thread and Needle"],"potions_floor_usage":[16,16,16,21,21,21],"damage_taken":[{"damage":10,"enemies":"Small Slimes","floor":1,"turns":2},{"damage":1,"enemies":"Cultist","floor":3,"turns":3},{"damage":5,"enemies":"Jaw Worm","floor":7,"turns":2},{"damage":15,"enemies":"Blue Slaver","floor":10,"turns":3},{"damage":11,"enemies":"3 Sentries","floor":11,"turns":10},{"damage":9,"enemies":"Gremlin Nob","floor":13,"turns":4},{"damage":13,"enemies":"The Guardian","floor":16,"turns":12},{"damage":10,"enemies":"Shell Parasite","floor":18,"turns":13},{"damage":22,"enemies":"Colosseum Slavers","floor":21,"turns":6},{"damage":47,"enemies":"Colosseum Nobs","floor":21,"turns":5}],"seed_played":"2032032992505076327","potions_obtained":[{"floor":1,"key":"LiquidBronze"},{"floor":3,"key":"GamblersBrew"},{"floor":11,"key":"Energy Potion"},{"floor":13,"key":"EntropicBrew"},{"floor":16,"key":"Explosive Potion"}],"is_trial":false,"path_per_floor":["M","?","M","?","$","R","M","R","T","M","E","?","E","$","R","B",null,"M","$","?"],"character_chosen":"DEFECT","items_purchased":["Defragment","Coolheaded","Cold Snap","Steam","Redo","Steam","Redo"],"campfire_rested":2,"item_purchase_floors":[5,5,5,14,14,19,19],"current_hp_per_floor":[65,65,64,53,53,53,48,70,70,57,48,48,41,41,63,52,75,65,65,65,0],"gold":57,"neow_bonus":"","is_prod":false,"is_daily":false,"chose_seed":false,"campfire_upgraded":1,"win_rate":0,"timestamp":1535557781,"path_taken":["M","?","M","?","?","R","M","R","T","M","E","?","E","?","R","BOSS","M","$","?","?"],"build_version":"2018-08-23v2","purchased_purges":1,"victory":false,"max_hp_per_floor":[75,75,75,75,75,75,75,75,75,75,75,75,75,75,75,75,75,75,75,75,75],"card_choices":[{"not_picked":["Auto Shields","Go for the Eyes"],"picked":"Loop","floor":1},{"not_picked":["Chill","Reprogram"],"picked":"Coolheaded","floor":3},{"not_picked":["Rebound","Scrape"],"picked":"Redo","floor":7},{"not_picked":["Streamline","Core Surge"],"picked":"Hologram","floor":10},{"not_picked":["Conserve Battery","Rebound"],"picked":"Storm","floor":11},{"not_picked":["Aggregate","All For One"],"picked":"Chaos","floor":13},{"not_picked":["Machine Learning","All For One"],"picked":"Rainbow","floor":16},{"not_picked":["Cold Snap","Ball Lightning"],"picked":"Self Repair","floor":18}],"player_experience":383053,"relics_obtained":[{"floor":9,"key":"Blood Vial"},{"floor":11,"key":"Shuriken"},{"floor":13,"key":"Bottled Lightning"},{"floor":17,"key":"War Paint"},{"floor":17,"key":"Singing Bowl"},{"floor":17,"key":"Thread and Needle"}],"event_choices":[{"event_name":"Match and Keep!","player_choice":"2 cards matched","floor":2,"damage_taken":0},{"event_name":"World of Goop","player_choice":"Gather Gold","floor":4,"damage_taken":0},{"event_name":"Purifier","player_choice":"One Purge","floor":12,"damage_taken":0},{"event_name":"The Library","player_choice":"Read","floor":20,"damage_taken":0},{"event_name":"Colosseum","player_choice":"Fight","floor":21,"damage_taken":0},{"event_name":"Colosseum","player_choice":"Fought Nobs","floor":21,"damage_taken":0}],"is_beta":false,"boss_relics":[{"not_picked":["White Beast Statue","Eternal Feather"],"picked":"Calling Bell"}],"items_purged_floors":[19],"is_endless":false,"potions_floor_spawned":[1,3,11,13,16],"killed_by":"Colosseum Nobs","ascension_level":2}