{"gold_per_floor":[113,113,126,126,140,171,188,252,252,271,13,13,33,43,43,145,145,158,173,173,183,202,236,236,155,155,430,441,489,504,524,524,524],"floor_reached":33,"playtime":1898,"items_purged":["Decay"],"score":362,"play_id":"9bdfc86e-91c5-41b6-a444-3851387a7460","local_time":"20180820153141","is_ascension_mode":true,"campfire_choices":[{"floor":12,"key":"REST"},{"floor":15,"key":"REST"},{"floor":24,"key":"REST"},{"floor":32,"key":"REST"}],"neow_cost":"NONE","seed_source_timestamp":308987969959333,"circlet_count":0,"master_deck":["Defend_G","Defend_G","Defend_G+1","Defend_G+1","Defend_G","Strike_G","Strike_G","Strike_G","Strike_G","Strike_G","Survivor","Neutralize","Prepared","Deadly Poison","Cloak And Dagger","Infinite Blades","All Out Attack","All Out Attack","Distraction+1","Bandage Up+1","Footwork","Leg Sweep+1","Endless Agony","Burst+1","Dash","Blade Dance+1","Writhe","Sucker Punch+1","Bullet Time+1","Noxious Fumes+1","Infinite Blades","Backflip+1","Normality","Regret","Blur+1","Normality","Eviscerate+1","Deflect+1"],"relics":["Cursed Key","NlothsMask","Toxic Egg 2","StoneCalendar","Black Star","Darkstone Periapt","Pen Nib","Bag of Marbles","Pear","Snake Skull"],"potions_floor_usage":[6,8,19,22,22,23,30,30],"damage_taken":[{"damage":2,"enemies":"2 Louse","floor":1,"turns":4},{"damage":1,"enemies":"Cultist","floor":3,"turns":4},{"damage":0,"enemies":"Small Slimes","floor":5,"turns":3},{"damage":11,"enemies":"Lagavulin","floor":6,"turns":8},{"damage":10,"enemies":"3 Louse","floor":7,"turns":3},{"damage":11,"enemies":"Lagavulin Event","floor":8,"turns":5},{"damage":2,"enemies":"Blue Slaver","floor":10,"turns":3},{"damage":0,"enemies":"Exordium Thugs","floor":13,"turns":3},{"damage":5,"enemies":"3 Louse","floor":14,"turns":2},{"damage":3,"enemies":"Slime Boss","floor":16,"turns":8},{"damage":12,"enemies":"3 Byrds","floor":18,"turns":6},{"damage":15,"enemies":"2 Thieves","floor":19,"turns":4},{"damage":31,"enemies":"Snake Plant","floor":21,"turns":7},{"damage":7,"enemies":"Cultist and Chosen","floor":22,"turns":7},{"damage":31,"enemies":"Slavers","floor":23,"turns":7},{"damage":29,"enemies":"Sentry and Sphere","floor":28,"turns":7},{"damage":18,"enemies":"Centurion and Healer","floor":30,"turns":7},{"damage":7,"enemies":"Snake Plant","floor":31,"turns":5},{"damage":72,"enemies":"Champ","floor":33,"turns":11}],"seed_played":"5484351105072638008","potions_obtained":[{"floor":1,"key":"SpeedPotion"},{"floor":7,"key":"Poison Potion"},{"floor":13,"key":"Weak Potion"},{"floor":16,"key":"EssenceOfSteel"},{"floor":18,"key":"SteroidPotion"},{"floor":22,"key":"Fire Potion"},{"floor":23,"key":"PowerPotion"},{"floor":28,"key":"Weak Potion"}],"is_trial":false,"path_per_floor":["M","?","M","?","M","E","M","?","T","M","$","R","M","M","R","B",null,"M","M","?","M","M","E","R","$","T","?","M","T","M","M","R"],"character_chosen":"THE_SILENT","items_purchased":["Bandage Up+1","Footwork","Infinite Blades","Backflip+1"],"campfire_rested":4,"item_purchase_floors":[11,11,25,25],"current_hp_per_floor":[68,68,67,53,53,42,32,21,21,19,19,40,40,41,62,65,70,58,49,55,30,29,4,26,26,42,48,25,31,19,18,49,0],"gold":524,"neow_bonus":"BOSS_RELIC","is_prod":false,"is_daily":false,"chose_seed":false,"campfire_upgraded":0,"win_rate":0,"timestamp":1534800701,"path_taken":["M","?","?","?","M","E","M","?","T","M","$","R","M","?","R","BOSS","M","M","?","M","?","E","R","$","T","?","M","?","M","?","R","BOSS"],"build_version":"2018-08-16","purchased_purges":1,"victory":false,"max_hp_per_floor":[70,70,70,70,70,70,70,70,70,70,70,70,70,70,70,70,70,70,70,76,76,76,76,76,76,92,98,98,104,104,104,104,104],"card_choices":[{"not_picked":["Concentrate","Quick Slash"],"picked":"Prepared","floor":1},{"not_picked":["Outmaneuver","Acrobatics"],"picked":"Deadly Poison","floor":3},{"not_picked":["Prepared","Masterful Stab"],"picked":"Cloak And Dagger","floor":5},{"not_picked":["Choke","Storm of Steel"],"picked":"Infinite Blades","floor":6},{"not_picked":["Quick Slash","Infinite Blades"],"picked":"All Out Attack","floor":7},{"not_picked":["Riddle With Holes","Flechettes"],"picked":"All Out Attack","floor":8},{"not_picked":["Outmaneuver+1","Dagger Throw"],"picked":"Distraction+1","floor":10},{"not_picked":["Outmaneuver+1","Concentrate+1"],"picked":"Leg Sweep+1","floor":13},{"not_picked":["Skewer","Outmaneuver+1"],"picked":"Endless Agony","floor":14},{"not_picked":["Phantasmal Killer+1","Tools of the Trade"],"picked":"Burst+1","floor":16},{"not_picked":["Underhanded Strike+1","Slice"],"picked":"Dash","floor":18},{"not_picked":["Outmaneuver+1","Distraction+1"],"picked":"Blade Dance+1","floor":19},{"not_picked":["Acrobatics+1","Leg Sweep+1"],"picked":"Sucker Punch+1","floor":21},{"not_picked":["Acrobatics+1","Slice+1"],"picked":"Bullet Time+1","floor":22},{"not_picked":["Choke","Acrobatics+1"],"picked":"Noxious Fumes+1","floor":23},{"not_picked":["Bane","Catalyst+1"],"picked":"Blur+1","floor":28},{"not_picked":["Dagger Spray","Prepared+1"],"picked":"Eviscerate+1","floor":30},{"not_picked":["Distraction+1","Underhanded Strike"],"picked":"Deflect+1","floor":31}],"player_experience":284073,"relics_obtained":[{"floor":6,"key":"Toxic Egg 2"},{"floor":8,"key":"StoneCalendar"},{"floor":23,"key":"Pen Nib"},{"floor":23,"key":"Bag of Marbles"},{"floor":26,"key":"Pear"},{"floor":29,"key":"Snake Skull"}],"event_choices":[{"event_name":"FaceTrader","player_choice":"Trade","floor":2,"damage_taken":0},{"event_name":"Shining Light","player_choice":"Entered Light","floor":4,"damage_taken":0},{"event_name":"Dead Adventurer","player_choice":"Searched \u00272\u0027 times","floor":8,"damage_taken":0},{"event_name":"The Mausoleum","player_choice":"Yes","floor":20,"damage_taken":0},{"event_name":"Golden Shrine","player_choice":"Desecrate","floor":27,"damage_taken":0}],"is_beta":false,"boss_relics":[{"not_picked":["Empty Cage","Philosopher\u0027s Stone"],"picked":"Black Star"}],"items_purged_floors":[11],"is_endless":false,"potions_floor_spawned":[1,7,13,16,18,22,23,28],"killed_by":"Champ","ascension_level":1}