{"gold_per_floor":[119,119,140,164,164,198,198,242,242,260,34,48,48,61,61,187,187,201,201,471,508,518,518,537,537,563,563,582,596,622,632,632,735,735,745,761,761,761,399,399,415,415,440,451,451,451,22,37,37,37],"floor_reached":51,"playtime":3263,"items_purged":["Storm of Steel","Grand Finale"],"score":1106,"play_id":"3755a3bf-381d-468f-a3ed-07f7c76f52d5","local_time":"20190210231444","is_ascension_mode":true,"campfire_choices":[{"data":"Neutralize","floor":7.0,"key":"SMITH"},{"data":"Cloak And Dagger","floor":13.0,"key":"SMITH"},{"data":"Footwork","floor":15.0,"key":"SMITH"},{"data":"A Thousand Cuts","floor":23.0,"key":"SMITH"},{"data":"Jack Of All Trades","floor":25.0,"key":"SMITH"},{"data":"Bouncing Flask","floor":32.0,"key":"SMITH"},{"data":"Footwork","floor":40.0,"key":"SMITH"},{"data":"Acrobatics","floor":42.0,"key":"SMITH"},{"data":"Tools of the Trade","floor":45,"key":"SMITH"},{"data":"Footwork","floor":49,"key":"SMITH"}],"neow_cost":"NONE","seed_source_timestamp":705689141479504,"circlet_count":0,"master_deck":["AscendersBane","Survivor","Neutralize+1","Cloak And Dagger+1","Dagger Throw","Blade Dance","Adrenaline+1","Blur","Footwork+1","Dagger Throw","Finisher","Underhanded Strike","Tools of the Trade+1","Acrobatics+1","Flechettes","Heel Hook","Masterful Stab","Outmaneuver+1","PiercingWail","Jack Of All Trades+1","Accuracy","Dodge and Roll","PiercingWail","Neutralize","Bouncing Flask+1","PiercingWail","Corpse Explosion","Escape Plan","Prepared+1","Footwork+1","Impatience","Accuracy","Leg Sweep","After Image","Mayhem","Footwork+1"],"special_seed":0,"relics":["Ring of the Serpent","NeowsBlessing","Bloody Idol","Pen Nib","Incense Burner","Paper Crane","Nunchaku","Art of War","Pandora\u0027s Box","Happy Flower","Mango","War Paint","Vajra","The Courier"],"potions_floor_usage":[44,50],"damage_taken":[{"damage":0.0,"enemies":"Small Slimes","floor":1.0,"turns":1.0},{"damage":0.0,"enemies":"Jaw Worm","floor":3.0,"turns":1.0},{"damage":0.0,"enemies":"3 Sentries","floor":6.0,"turns":1.0},{"damage":19.0,"enemies":"Lagavulin","floor":8.0,"turns":5.0},{"damage":0.0,"enemies":"Cultist","floor":10.0,"turns":3.0},{"damage":9.0,"enemies":"Exordium Wildlife","floor":12.0,"turns":6.0},{"damage":2.0,"enemies":"3 Louse","floor":14.0,"turns":5.0},{"damage":0.0,"enemies":"The Guardian","floor":16.0,"turns":18.0},{"damage":6.0,"enemies":"Chosen","floor":18.0,"turns":3.0},{"damage":7.0,"enemies":"Shell Parasite","floor":21.0,"turns":4.0},{"damage":17.0,"enemies":"Shelled Parasite and Fungi","floor":22.0,"turns":5.0},{"damage":1.0,"enemies":"Snecko","floor":24.0,"turns":4.0},{"damage":0.0,"enemies":"3 Cultists","floor":28.0,"turns":4.0},{"damage":18.0,"enemies":"Snake Plant","floor":29.0,"turns":4.0},{"damage":11.0,"enemies":"Book of Stabbing","floor":30.0,"turns":6.0},{"damage":1.0,"enemies":"Centurion and Healer","floor":31.0,"turns":6.0},{"damage":22.0,"enemies":"Automaton","floor":33.0,"turns":11.0},{"damage":18.0,"enemies":"3 Darklings","floor":35.0,"turns":5.0},{"damage":4.0,"enemies":"Orb Walker","floor":36.0,"turns":5.0},{"damage":0.0,"enemies":"Maw","floor":41.0,"turns":8.0},{"damage":7,"enemies":"Transient","floor":44,"turns":5},{"damage":5,"enemies":"Jaw Worm Horde","floor":48,"turns":4},{"damage":26,"enemies":"Awakened One","floor":50,"turns":21}],"seed_played":"5089018115855882812","potions_obtained":[{"floor":5.0,"key":"AttackPotion"},{"floor":5.0,"key":"Regen Potion"},{"floor":5.0,"key":"Ancient Potion"},{"floor":12.0,"key":"Fire Potion"},{"floor":16.0,"key":"Regen Potion"},{"floor":18.0,"key":"SteroidPotion"},{"floor":29.0,"key":"Fire Potion"},{"floor":31.0,"key":"FearPotion"},{"floor":41.0,"key":"Swift Potion"},{"floor":44,"key":"FearPotion"}],"is_trial":false,"path_per_floor":["M","?","M","T","?","E","R","E","T","M","$","M","R","M","R","B",null,"M","?","?","M","M","R","M","R","T","?","M","M","E","M","R","B",null,"M","M","?","?","$","R","M","R","T","M","R","T","$","M","R","B",null],"character_chosen":"THE_SILENT","items_purchased":["Footwork","Art of War","War Paint","Footwork","Impatience","Accuracy","Leg Sweep","After Image","Mayhem"],"campfire_rested":0,"item_purchase_floors":[11,11,39,39,39,47,47,47,47],"current_hp_per_floor":[63,46,46,46,46,46,46,27,27,27,27,33,33,31,31,31,60,54,54,34,37,39,39,43,43,48,48,53,40,48,52,52,35,72,59,60,60,60,60,60,65,65,70,68,68,68,68,68,68,42],"gold":37,"neow_bonus":"THREE_ENEMY_KILL","is_prod":false,"is_daily":false,"chose_seed":false,"campfire_upgraded":10,"win_rate":0,"timestamp":1549869284,"path_taken":["M","?","M","?","?","E","R","E","T","M","$","?","R","M","R","BOSS","M","?","?","M","?","R","M","R","T","?","M","?","E","M","R","BOSS","M","M","?","?","$","R","M","R","T","M","R","?","$","M","R","BOSS"],"build_version":"2019-01-23","purchased_purges":2,"victory":true,"max_hp_per_floor":[70,70,70,70,70,70,70,70,70,70,70,70,70,70,70,70,70,70,70,70,70,70,70,70,70,70,70,70,70,84,84,84,84,84,84,84,84,84,84,84,84,84,84,84,84,84,84,84,84,84],"card_choices":[{"not_picked":["Backflip","Infinite Blades"],"picked":"Cloak And Dagger","floor":1.0},{"not_picked":["Leg Sweep","Dagger Spray"],"picked":"Dagger Throw","floor":3.0},{"not_picked":["Cloak And Dagger","Dagger Spray"],"picked":"Blade Dance","floor":6.0},{"not_picked":["Accuracy","Backflip"],"picked":"Adrenaline","floor":8.0},{"not_picked":["Slice","Quick Slash"],"picked":"Blur","floor":10.0},{"not_picked":["Deadly Poison","Dagger Throw","Distraction"],"picked":"SKIP","floor":12.0},{"not_picked":["Infinite Blades","Backstab","Slice"],"picked":"SKIP","floor":14.0},{"not_picked":["Malaise","Wraith Form v2"],"picked":"A Thousand Cuts","floor":16.0},{"not_picked":["Quick Slash","Dagger Spray"],"picked":"PiercingWail","floor":18.0},{"not_picked":["Masterful Stab","Dash"],"picked":"Accuracy","floor":21.0},{"not_picked":["Deadly Poison","Deflect"],"picked":"Dodge and Roll","floor":22.0},{"not_picked":["Infinite Blades","Underhanded Strike"],"picked":"PiercingWail","floor":24.0},{"not_picked":["PiercingWail","Slice"],"picked":"Bouncing Flask","floor":28.0},{"not_picked":["Eviscerate","Setup+1"],"picked":"PiercingWail","floor":29.0},{"not_picked":["Acrobatics","Bouncing Flask","Unload"],"picked":"SKIP","floor":30.0},{"not_picked":["Terror+1","Poisoned Stab","Prepared"],"picked":"SKIP","floor":31.0},{"not_picked":["Die Die Die","Adrenaline"],"picked":"Corpse Explosion","floor":33.0},{"not_picked":["Underhanded Strike","Bane"],"picked":"Escape Plan","floor":35.0},{"not_picked":["Expertise","Masterful Stab+1"],"picked":"Prepared+1","floor":36.0},{"not_picked":["Expertise","Dagger Spray+1","Underhanded Strike+1"],"picked":"SKIP","floor":41.0},{"not_picked":["Poisoned Stab+1","Quick Slash+1","Masterful Stab"],"picked":"SKIP","floor":44},{"not_picked":["Underhanded Strike+1","PiercingWail+1"],"picked":"Footwork","floor":48}],"player_experience":377766,"relics_obtained":[{"floor":4.0,"key":"Pen Nib"},{"floor":6.0,"key":"Incense Burner"},{"floor":8.0,"key":"Paper Crane"},{"floor":9.0,"key":"Nunchaku"},{"floor":26.0,"key":"Happy Flower"},{"floor":30.0,"key":"Mango"},{"floor":43.0,"key":"Vajra"},{"floor":46,"key":"The Courier"}],"event_choices":[{"damage_healed":0.0,"max_hp_gain":0.0,"max_hp_loss":0.0,"gold_gain":0.0,"event_name":"Golden Idol","player_choice":"Take Damage","floor":2.0,"gold_loss":0.0,"damage_taken":17.0,"relics_obtained":["Golden Idol"]},{"damage_healed":0.0,"max_hp_gain":0.0,"max_hp_loss":0.0,"gold_gain":0.0,"event_name":"Lab","player_choice":"Got Potions","floor":5.0,"gold_loss":0.0,"damage_taken":0.0},{"damage_healed":0.0,"max_hp_gain":0.0,"max_hp_loss":0.0,"gold_gain":0.0,"event_name":"Forgotten Altar","player_choice":"Gave Idol","floor":19.0,"relics_lost":["Golden Idol"],"gold_loss":0.0,"damage_taken":0.0,"relics_obtained":["Bloody Idol"]},{"damage_healed":0.0,"max_hp_gain":0.0,"max_hp_loss":0.0,"gold_gain":270.0,"event_name":"Knowing Skull","player_choice":"GOLD GOLD GOLD CARD ","floor":20.0,"potions_obtained":[],"gold_loss":0.0,"damage_taken":35.0,"cards_obtained":["Jack Of All Trades"]},{"damage_healed":0.0,"max_hp_gain":0.0,"max_hp_loss":0.0,"gold_gain":0.0,"event_name":"Match and Keep!","player_choice":"2 cards matched","floor":27.0,"gold_loss":0.0,"damage_taken":0.0,"cards_obtained":["Grand Finale","Neutralize"]},{"damage_healed":0.0,"max_hp_gain":0.0,"max_hp_loss":0.0,"gold_gain":0.0,"event_name":"Mysterious Sphere","player_choice":"Ignored","floor":37.0,"gold_loss":0.0,"damage_taken":0.0},{"cards_removed":["A Thousand Cuts"],"damage_healed":0.0,"max_hp_gain":0.0,"max_hp_loss":0.0,"gold_gain":0.0,"event_name":"Falling","player_choice":"Removed Power","floor":38.0,"gold_loss":0.0,"damage_taken":0.0}],"is_beta":false,"boss_relics":[{"not_picked":["Runic Pyramid","Velvet Choker"],"picked":"Pandora\u0027s Box"},{"not_picked":["WristBlade","Sozu"],"picked":"Ring of the Serpent"}],"items_purged_floors":[39,47],"is_endless":false,"potions_floor_spawned":[12,16,18,29,31,41,44,48],"ascension_level":10}