{"gold_per_floor":[112,187,187,213,213,244,244,260,260,410,410,443,458,489,489,584,584,599,622,645,45,60,60,73,104,128,128,128,143,143,159,159,159],"floor_reached":33,"playtime":8108,"items_purged":[],"score":630,"play_id":"6bd1a916-e4fb-448c-9af9-5e345e039608","local_time":"20190408180909","is_ascension_mode":true,"campfire_choices":[{"data":"Buffer","floor":7,"key":"SMITH"},{"data":"Zap","floor":11,"key":"SMITH"},{"data":"White Noise","floor":15,"key":"SMITH"},{"floor":23,"key":"REST"},{"floor":27,"key":"REST"},{"floor":30,"key":"REST"},{"data":"Self Repair","floor":32,"key":"SMITH"}],"neow_cost":"NONE","seed_source_timestamp":2047154858925077,"circlet_count":0,"master_deck":["AscendersBane","Strike_B","Strike_B","Strike_B","Defend_B","Defend_B","Defend_B","Defend_B","Zap+1","Dualcast","Ball Lightning","Buffer+1","Darkness","Doubt","White Noise+1","Hyperbeam+1","Hyperbeam+1","Streamline+1","Electrodynamics","Compile Driver+1","Static Discharge","Self Repair+1","Streamline+1","Shame","Streamline+1"],"relics":["Cracked Core","NeowsBlessing","Anchor","Golden Idol","Du-Vu Doll","Molten Egg 2","Matryoshka","Boot","Snecko Eye","DataDisk","Pen Nib","Bottled Flame","Symbiotic Virus","Strawberry","Nunchaku"],"potions_floor_usage":[33],"damage_taken":[{"damage":0,"enemies":"Small Slimes","floor":1,"turns":1},{"damage":0,"enemies":"3 Sentries","floor":6,"turns":1},{"damage":0,"enemies":"Jaw Worm","floor":8,"turns":1},{"damage":0,"enemies":"Lagavulin","floor":12,"turns":7},{"damage":0,"enemies":"2 Louse","floor":13,"turns":3},{"damage":0,"enemies":"Gremlin Nob","floor":14,"turns":4},{"damage":32,"enemies":"The Guardian","floor":16,"turns":10},{"damage":0,"enemies":"3 Byrds","floor":18,"turns":3},{"damage":0,"enemies":"Spheric Guardian","floor":19,"turns":1},{"damage":29,"enemies":"Snake Plant","floor":20,"turns":4},{"damage":3,"enemies":"Chosen and Byrds","floor":22,"turns":3},{"damage":6,"enemies":"Centurion and Healer","floor":24,"turns":3},{"damage":30,"enemies":"Book of Stabbing","floor":25,"turns":4},{"damage":12,"enemies":"3 Cultists","floor":29,"turns":3},{"damage":14,"enemies":"Snake Plant","floor":31,"turns":2},{"damage":63,"enemies":"Champ","floor":33,"turns":8}],"seed_played":"-1990140524306993065","potions_obtained":[{"floor":6,"key":"Swift Potion"},{"floor":14,"key":"AttackPotion"},{"floor":18,"key":"PowerPotion"}],"is_trial":false,"path_per_floor":["?","?","T","?","M","?","?"],"character_chosen":"DEFECT","items_purchased":["Electrodynamics","DataDisk","Pen Nib","Compile Driver+1","FairyPotion"],"campfire_rested":3,"item_purchase_floors":[21,21,21,21,21],"current_hp_per_floor":[64,53,46,46,46,46,46,46,46,46,46,46,46,46,46,14,52,52,52,23,23,20,39,33,10,17,38,38,33,54,40,40,0],"gold":159,"neow_bonus":"THREE_ENEMY_KILL","is_prod":false,"is_daily":false,"chose_seed":false,"campfire_upgraded":4,"win_rate":0,"timestamp":1554761349,"path_taken":["M","?","?","?","?","E","R","?","T","?","R","E","M","E","R","BOSS","M","M","M","$","M","R","M","E","T","R","?","M","R","M","R","BOSS"],"build_version":"2019-01-23","purchased_purges":0,"victory":false,"max_hp_per_floor":[71,71,71,71,64,64,64,64,64,64,64,64,64,64,64,64,64,64,64,64,64,64,64,64,64,71,71,71,71,71,71,71,71],"card_choices":[{"not_picked":["BootSequence","Gash"],"picked":"Ball Lightning","floor":1},{"not_picked":["Hologram","Go for the Eyes"],"picked":"Buffer","floor":6},{"not_picked":["FTL","Leap"],"picked":"Darkness","floor":8},{"not_picked":["Hologram","Leap","Chill"],"picked":"SKIP","floor":12},{"not_picked":["Hologram","Fusion"],"picked":"White Noise","floor":13},{"not_picked":["Cold Snap+1","Steam"],"picked":"Hyperbeam+1","floor":14},{"not_picked":["Multi-Cast","Thunder Strike+1"],"picked":"Hyperbeam+1","floor":16},{"not_picked":["Gash+1","Conserve Battery","Stack+1"],"picked":"SKIP","floor":18},{"not_picked":["Go for the Eyes+1","Stack","Beam Cell+1"],"picked":"SKIP","floor":19},{"not_picked":["Redo","Chaos"],"picked":"Streamline+1","floor":20},{"not_picked":["FTL+1","Double Energy"],"picked":"Static Discharge","floor":22},{"not_picked":["Defragment","Consume"],"picked":"Self Repair","floor":24},{"not_picked":["Cold Snap+1","Rainbow"],"picked":"Streamline+1","floor":25},{"not_picked":["Barrage+1","Genetic Algorithm"],"picked":"Streamline+1","floor":29},{"not_picked":["Redo","Chaos","Conserve Battery"],"picked":"SKIP","floor":31}],"player_experience":1617636,"relics_obtained":[{"floor":4,"key":"Anchor"},{"floor":6,"key":"Du-Vu Doll"},{"floor":9,"key":"Molten Egg 2"},{"floor":12,"key":"Matryoshka"},{"floor":14,"key":"Boot"},{"floor":25,"key":"Bottled Flame"},{"floor":26,"key":"Symbiotic Virus"},{"floor":26,"key":"Strawberry"}],"event_choices":[{"damage_healed":0,"gold_gain":75,"player_choice":"Gather Gold","damage_taken":11,"max_hp_gain":0,"max_hp_loss":0,"event_name":"World of Goop","floor":2,"gold_loss":0},{"cards_removed":["Strike_B"],"damage_healed":0,"gold_gain":0,"player_choice":"Card Removal","damage_taken":7,"max_hp_gain":0,"max_hp_loss":0,"event_name":"Golden Wing","floor":3,"gold_loss":0},{"damage_healed":0,"gold_gain":0,"player_choice":"Lose Max HP","damage_taken":0,"relics_obtained":["Golden Idol"],"max_hp_gain":0,"max_hp_loss":7,"event_name":"Golden Idol","floor":5,"gold_loss":0},{"damage_healed":0,"gold_gain":150,"player_choice":"AGREE","damage_taken":0,"max_hp_gain":0,"max_hp_loss":0,"event_name":"Liars Game","floor":10,"gold_loss":0,"cards_obtained":["Doubt"]},{"damage_healed":0,"gold_gain":0,"player_choice":"Stole Relic","damage_taken":0,"relics_obtained":["Nunchaku"],"max_hp_gain":0,"max_hp_loss":0,"event_name":"Addict","floor":28,"gold_loss":0,"cards_obtained":["Shame"]}],"is_beta":false,"boss_relics":[{"not_picked":["Orrery","Calling Bell"],"picked":"Snecko Eye"}],"items_purged_floors":[],"is_endless":false,"potions_floor_spawned":[6,14,18,19,22,25,31],"killed_by":"Champ","ascension_level":15}