{"gold_per_floor":[363,109,128,141,159,159,193,193,217,142,160,160,190,211,211,305,305,298,37,57,81,81,81,112,112,165,196,210,238,238,250,250,250],"floor_reached":33,"playtime":1701,"items_purged":["Injury"],"score":537,"play_id":"40d6368a-5d15-4196-9330-e63fc0e9cf2c","local_time":"20180813194243","is_ascension_mode":true,"campfire_choices":[{"data":"Armaments","floor":6,"key":"SMITH"},{"data":"True Grit","floor":12,"key":"SMITH"},{"data":"Uppercut","floor":15,"key":"SMITH"},{"floor":23,"key":"REST"},{"floor":25,"key":"REST"},{"data":"1","floor":30,"key":"LIFT"},{"data":"2","floor":32,"key":"LIFT"}],"neow_cost":"PERCENT_DAMAGE","seed_source_timestamp":37999758849649,"circlet_count":0,"master_deck":["Strike_R","Strike_R","Strike_R","Strike_R","Strike_R","Defend_R","Defend_R","Defend_R","Defend_R","Bash","AscendersBane","Armaments+1","Heavy Blade","Clothesline","Shockwave","Uppercut+1","True Grit+1","Feed","Metallicize","Flame Barrier","Disarm","Whirlwind+1","Shrug It Off"],"relics":["Burning Blood","Lantern","Centennial Puzzle","Bloody Idol","Red Skull","Blood Vial","Sozu","MawBank","Shuriken","Oddly Smooth Stone","Girya","Mercury Hourglass"],"potions_floor_usage":[11,14],"damage_taken":[{"damage":1,"enemies":"Cultist","floor":1,"turns":3},{"damage":3,"enemies":"Jaw Worm","floor":3,"turns":4},{"damage":4,"enemies":"Small Slimes","floor":4,"turns":3},{"damage":9,"enemies":"Blue Slaver","floor":5,"turns":3},{"damage":15,"enemies":"Gremlin Nob","floor":7,"turns":4},{"damage":7,"enemies":"Large Slime","floor":11,"turns":6},{"damage":5,"enemies":"2 Fungi Beasts","floor":14,"turns":4},{"damage":44,"enemies":"Hexaghost","floor":16,"turns":12},{"damage":11,"enemies":"2 Thieves","floor":18,"turns":4},{"damage":0,"enemies":"3 Byrds","floor":20,"turns":4},{"damage":31,"enemies":"Sentry and Sphere","floor":21,"turns":7},{"damage":44,"enemies":"Slavers","floor":24,"turns":11},{"damage":41,"enemies":"Gremlin Leader","floor":27,"turns":9},{"damage":3,"enemies":"Snecko","floor":28,"turns":6},{"damage":18,"enemies":"Book of Stabbing","floor":29,"turns":8},{"damage":3,"enemies":"Snake Plant","floor":31,"turns":4},{"damage":98,"enemies":"Automaton","floor":33,"turns":12}],"seed_played":"-6120811294297551256","potions_obtained":[{"floor":1,"key":"Block Potion"},{"floor":7,"key":"Regen Potion"}],"is_trial":false,"path_per_floor":["M","$","M","M","M","R","E","?","T","$","M","R","?","M","R","B",null,"M","$","M","M","?","R","E","R","T","E","M","E","R","M","R"],"character_chosen":"IRONCLAD","items_purchased":["Lantern","Armaments","Heavy Blade","MawBank","Metallicize","Flame Barrier"],"campfire_rested":2,"item_purchase_floors":[2,2,2,19,19,19],"current_hp_per_floor":[55,55,58,60,57,57,48,48,48,48,62,62,62,65,65,29,64,64,64,75,52,52,76,45,69,74,46,56,55,55,65,65,0],"gold":250,"neow_bonus":"TWO_FIFTY_GOLD","is_prod":false,"is_daily":false,"chose_seed":false,"campfire_upgraded":3,"win_rate":0,"timestamp":1534185763,"path_taken":["M","$","M","M","M","R","E","?","T","$","M","R","?","M","R","BOSS","M","$","M","M","?","R","E","R","T","E","M","E","R","M","R","BOSS"],"build_version":"2018-08-09","purchased_purges":1,"victory":false,"max_hp_per_floor":[75,75,75,75,75,75,75,75,75,75,75,75,75,75,75,75,75,78,78,81,81,81,81,81,81,81,81,81,85,85,85,85,85],"card_choices":[{"not_picked":["Dual Wield","Second Wind","Warcry"],"picked":"SKIP","floor":1},{"not_picked":["Shrug It Off","Sword Boomerang"],"picked":"Clothesline","floor":3},{"not_picked":["Feel No Pain","Pommel Strike"],"picked":"Shockwave","floor":4},{"not_picked":["Sentinel","Rupture","Searing Blow"],"picked":"SKIP","floor":5},{"not_picked":["Anger","Flex"],"picked":"Uppercut","floor":7},{"not_picked":["Uppercut","Iron Wave"],"picked":"True Grit","floor":11},{"not_picked":["Entrench","Fire Breathing","Iron Wave"],"picked":"SKIP","floor":14},{"not_picked":["Bludgeon","Double Tap"],"picked":"Feed","floor":16},{"not_picked":["Warcry","Anger","Havoc"],"picked":"SKIP","floor":18},{"not_picked":["Rage","Reckless Charge","Thunderclap"],"picked":"SKIP","floor":20},{"not_picked":["Reckless Charge","Intimidate"],"picked":"Disarm","floor":21},{"not_picked":["Reckless Charge","Perfected Strike","Evolve"],"picked":"SKIP","floor":24},{"not_picked":["Intimidate","Fire Breathing","Perfected Strike+1"],"picked":"SKIP","floor":27},{"not_picked":["Headbutt+1","Infernal Blade","Entrench"],"picked":"SKIP","floor":28},{"not_picked":["Reaper","Cleave"],"picked":"Whirlwind+1","floor":29},{"not_picked":["Clothesline","Anger"],"picked":"Shrug It Off","floor":31}],"player_experience":461031,"relics_obtained":[{"floor":7,"key":"Centennial Puzzle"},{"floor":9,"key":"Red Skull"},{"floor":24,"key":"Shuriken"},{"floor":26,"key":"Oddly Smooth Stone"},{"floor":27,"key":"Girya"},{"floor":29,"key":"Mercury Hourglass"}],"event_choices":[{"event_name":"Golden Idol","player_choice":"Take Wound","floor":8,"damage_taken":0},{"event_name":"Dead Adventurer","player_choice":"Searched \u00272\u0027 times","floor":13,"damage_taken":0},{"event_name":"Forgotten Altar","player_choice":"Gave Idol","floor":22,"damage_taken":0}],"is_beta":false,"boss_relics":[{"not_picked":["Cursed Key","Runic Cube"],"picked":"Sozu"}],"items_purged_floors":[10],"is_endless":false,"potions_floor_spawned":[1,7,18,21,31],"killed_by":"Automaton","ascension_level":15}