{"path_per_floor":["M","M","M","?","M","R","?","E","T","M","M","?","R","?","R","B",null,"M","?","M","M","?"],"character_chosen":"IRONCLAD","items_purchased":[],"gold_per_floor":[116,135,146,146,162,162,162,191,191,207,222,297,297,361,361,456,456,467,467,485,505,420],"floor_reached":23,"campfire_rested":1,"playtime":24913,"current_hp_per_floor":[80,73,75,59,59,59,52,32,32,36,40,29,29,33,57,30,80,80,80,72,42,42],"items_purged":[],"gold":420,"play_id":"7c0cf90b-fd32-498f-a3c9-ca5b8f17bb00","is_prod":false,"is_daily":false,"campfire_rituals":0,"campfire_upgraded":2,"is_hardmode":false,"path_taken":["M","M","M","?","M","R","?","E","T","M","?","?","R","?","R","BOSS","M","?","M","M","?","M"],"build_version":"2018-01-11-PROD2","purchased_purges":0,"victory":false,"master_deck":["Strike_R","Strike_R","Strike_R","Strike_R","Strike_R","Defend_R","Defend_R","Defend_R","Bash","Headbutt","Pommel Strike","Headbutt","Offering","Pummel","Perfected Strike","Spot Weakness","Twin Strike","Demon Form","Wild Strike","Heavy Blade"],"max_hp_per_floor":[80,80,80,80,80,80,80,80,80,80,80,80,80,80,80,80,80,80,80,80,80,80],"relics":["Burning Blood","Blood Vial","Matryoshka","Bottled Lightning","Red Skull","Toxic Egg","Ginger"],"campfire_meditates":0,"card_choices":[{"not_picked":["Sword Boomerang","Rage"],"picked":"Headbutt"},{"not_picked":["Warcry","Headbutt"],"picked":"Pommel Strike"},{"not_picked":["True Grit","Battle Trance"],"picked":"Headbutt"},{"not_picked":["Clash","Rampage"],"picked":"Offering"},{"not_picked":["Body Slam","Warcry"],"picked":"Pummel"},{"not_picked":["Dual Wield","Pommel Strike"],"picked":"Perfected Strike"},{"not_picked":["Thunderclap","Disarm"],"picked":"Spot Weakness"},{"not_picked":["Armaments","Shockwave"],"picked":"Twin Strike"},{"not_picked":["Feed","Impervious"],"picked":"Demon Form"},{"not_picked":["Armaments","Shockwave"],"picked":"Wild Strike"},{"not_picked":["Battle Trance","Anger"],"picked":"Heavy Blade"}],"player_experience":28963,"potions_floor_usage":[8,16,16,16],"damage_taken":[{"damage":5,"enemies":"2 Louse","floor":1,"turns":3},{"damage":13,"enemies":"Jaw Worm","floor":2,"turns":3},{"damage":6,"enemies":"Cultist","floor":3,"turns":3},{"damage":8,"enemies":"Large Slime","floor":5,"turns":4},{"damage":28,"enemies":"Lagavulin","floor":8,"turns":4},{"damage":4,"enemies":"Exordium Wildlife","floor":10,"turns":2},{"damage":4,"enemies":"Exordium Thugs","floor":11,"turns":2},{"damage":4,"enemies":"Lagavulin Event","floor":14,"turns":2},{"damage":35,"enemies":"The Guardian","floor":16,"turns":5},{"damage":4,"enemies":"Chosen","floor":18,"turns":2},{"damage":14,"enemies":"2 Thieves","floor":20,"turns":2},{"damage":38,"enemies":"Slaver and Parasite","floor":21,"turns":5},{"damage":45,"enemies":"Centurion and Healer","floor":23,"turns":3}],"event_choices":[{"event_name":"Shining Light","player_choice":"Entered Light","floor":4,"damage_taken":0},{"event_name":"Golden Wing","player_choice":"Card Removal","floor":7,"damage_taken":0},{"event_name":"World of Goop","player_choice":"Gather Gold","floor":12,"damage_taken":0},{"event_name":"Dead Adventurer","player_choice":"Searched \u00271\u0027 times","floor":14,"damage_taken":0},{"event_name":"Vampires","player_choice":"Ignored","floor":19,"damage_taken":0},{"event_name":"Addict","player_choice":"Obtained Relic","floor":22,"damage_taken":0}],"boss_relics":[{"not_picked":["Runic Cube","Velvet Choker","Snecko Eye"]}],"potions_floor_spawned":[5,8,10,14,14],"seed_played":"1194245838271616512","killed_by":"Centurion and Healer","is_trial":false}