{"gold_per_floor":[119,294,311,311,261,261,289,289,289,309,327,352,368,22,22,117,117,131,144,144,144,144,169,19,39,39,67,19,19,0,34,34,132,132,149,200,217,217,114,114,148,148,175,192,192,207,207,9,9,9],"floor_reached":50,"playtime":2287,"items_purged":[],"score":611,"play_id":"b1afb046-cbaa-40c1-8a76-964423870243","local_time":"20180920123728","is_ascension_mode":true,"campfire_choices":[{"data":"Neutralize","floor":6.0,"key":"SMITH"},{"floor":8.0,"key":"REST"},{"data":"Discovery","floor":15.0,"key":"SMITH"},{"floor":29.0,"key":"REST"},{"floor":32.0,"key":"REST"},{"floor":40.0,"key":"DIG"},{"floor":42.0,"key":"REST"},{"floor":45.0,"key":"DIG"},{"floor":47.0,"key":"DIG"},{"floor":49.0,"key":"DIG"}],"neow_cost":"TEN_PERCENT_HP_LOSS","seed_source_timestamp":0,"circlet_count":0,"master_deck":["Defend_G","Defend_G","Defend_G","Defend_G","Defend_G","Survivor","Neutralize+1","Accuracy","Backflip","Malaise","Blade Dance","Acrobatics","Die Die Die+1","Discovery+1","Terror","Backflip","Storm of Steel","Dash","Blade Dance","Eviscerate","Good Instincts","Corpse Explosion","Heel Hook","Blur","Accuracy+1","Backflip+1","Blade Dance","Tactician+1","Quick Slash+1","Cloak And Dagger","Die Die Die","Phantasmal Killer+1","Die Die Die+1","Doppelganger+1","PiercingWail","Backflip","Leg Sweep+1","Expertise+1","Escape Plan","Backflip","Discovery+1"],"special_seed":0,"relics":["Ring of the Snake","Pocketwatch","Regal Pillow","Bottled Tornado","Art of War","Potion Belt","Omamori","Cursed Key","Boot","Shuriken","Dream Catcher","Vajra","Astrolabe","Shovel","Blue Candle","Gremlin Horn","Whetstone","Molten Egg 2","Kunai","DollysMirror","Bag of Preparation"],"potions_floor_usage":[50],"damage_taken":[{"damage":0.0,"enemies":"Small Slimes","floor":1.0,"turns":4.0},{"damage":4.0,"enemies":"Cultist","floor":3.0,"turns":4.0},{"damage":21.0,"enemies":"3 Sentries","floor":7.0,"turns":14.0},{"damage":3.0,"enemies":"2 Louse","floor":10.0,"turns":6.0},{"damage":4.0,"enemies":"Blue Slaver","floor":11.0,"turns":6.0},{"damage":1.0,"enemies":"Lagavulin","floor":12.0,"turns":7.0},{"damage":0.0,"enemies":"Red Slaver","floor":13.0,"turns":4.0},{"damage":8.0,"enemies":"Hexaghost","floor":16.0,"turns":14.0},{"damage":0.0,"enemies":"Spheric Guardian","floor":18.0,"turns":3.0},{"damage":4.0,"enemies":"Shell Parasite","floor":19.0,"turns":4.0},{"damage":40.0,"enemies":"Slavers","floor":23.0,"turns":4.0},{"damage":12.0,"enemies":"Shelled Parasite and Fungi","floor":25.0,"turns":7.0},{"damage":5.0,"enemies":"Book of Stabbing","floor":27.0,"turns":7.0},{"damage":27.0,"enemies":"Slavers","floor":31.0,"turns":5.0},{"damage":31.0,"enemies":"Automaton","floor":33.0,"turns":11.0},{"damage":1.0,"enemies":"Orb Walker","floor":35.0,"turns":2.0},{"damage":3.0,"enemies":"Mysterious Sphere","floor":36.0,"turns":3.0},{"damage":27.0,"enemies":"3 Darklings","floor":37.0,"turns":3.0},{"damage":16.0,"enemies":"Nemesis","floor":41.0,"turns":5.0},{"damage":8.0,"enemies":"Transient","floor":44.0,"turns":5.0},{"damage":0.0,"enemies":"Sphere and 2 Shapes","floor":46.0,"turns":2.0},{"damage":42,"enemies":"Time Eater","floor":50,"turns":7}],"seed_played":"8240840679212970688","potions_obtained":[{"floor":7.0,"key":"SteroidPotion"},{"floor":11.0,"key":"Weak Potion"},{"floor":12.0,"key":"SkillPotion"},{"floor":16.0,"key":"Energy Potion"},{"floor":18.0,"key":"GamblersBrew"},{"floor":25.0,"key":"Dexterity Potion"},{"floor":31.0,"key":"Swift Potion"},{"floor":35.0,"key":"Fire Potion"},{"floor":41.0,"key":"FearPotion"},{"floor":46.0,"key":"Swift Potion"}],"is_trial":false,"path_per_floor":["M","?","M","?","?","R","E","R","T","M","M","E","M","$","R","B",null,"M","M","?","?","?","E","$","M","T","E","$","R","?","E","R","B",null,"M","?","M","?","$","R","E","R","T","M","R","M","R","$","R"],"character_chosen":"THE_SILENT","items_purchased":["Discovery","Omamori","Terror","Backflip","Regen Potion","Blur","Blade Dance","SkillPotion","Backflip","DollysMirror"],"campfire_rested":4,"item_purchase_floors":[14,14,14,14,24,24,28,39,39,48],"current_hp_per_floor":[63,63,59,52,52,52,31,63,63,60,56,55,55,55,55,47,63,63,59,59,59,59,19,19,7,7,17,17,50,50,23,56,25,63,62,59,32,32,32,32,16,49,49,41,41,41,41,41,41,0],"gold":9,"neow_bonus":"ONE_RARE_RELIC","is_prod":false,"is_daily":false,"chose_seed":false,"campfire_upgraded":2,"win_rate":0,"timestamp":1537461448,"path_taken":["M","?","M","?","?","R","E","R","T","?","M","E","M","$","R","BOSS","M","M","?","?","?","E","?","M","T","E","$","R","?","E","R","BOSS","M","?","M","?","$","R","E","R","T","M","R","?","R","$","R","BOSS"],"build_version":"2018-09-19","purchased_purges":0,"victory":false,"max_hp_per_floor":[63,63,63,63,63,63,63,63,63,63,63,63,63,63,63,63,63,63,63,63,63,63,63,63,63,63,63,63,63,63,63,63,63,63,63,63,63,63,63,63,63,63,63,63,63,63,63,63,63,63],"card_choices":[{"not_picked":["Blade Dance","PiercingWail"],"picked":"Accuracy","floor":1.0},{"not_picked":["Catalyst","Deflect"],"picked":"Backflip","floor":3.0},{"not_picked":["Expertise","Prepared"],"picked":"Malaise","floor":7.0},{"not_picked":["Deadly Poison","Expertise","Poisoned Stab"],"picked":"SKIP","floor":10.0},{"not_picked":["Backflip","Slice"],"picked":"Blade Dance","floor":11.0},{"not_picked":["Underhanded Strike","Dagger Throw"],"picked":"Acrobatics","floor":12.0},{"not_picked":["Flying Knee","Catalyst"],"picked":"Die Die Die","floor":13.0},{"not_picked":["Corpse Explosion","Bullet Time"],"picked":"Storm of Steel","floor":16.0},{"not_picked":["Dagger Throw+1","Tactician+1"],"picked":"Dash","floor":18.0},{"not_picked":["Poisoned Stab","Slice"],"picked":"Acrobatics","floor":19.0},{"not_picked":["Prepared","Reflex"],"picked":"Heel Hook","floor":23.0},{"not_picked":["Sucker Punch+1","Bouncing Flask"],"picked":"Accuracy+1","floor":25.0},{"not_picked":["Venomology","PiercingWail+1"],"picked":"Backflip+1","floor":27.0},{"not_picked":["Sucker Punch+1","Deadly Poison+1"],"picked":"Tactician+1","floor":29.0},{"not_picked":["Masterful Stab+1","Endless Agony+1"],"picked":"Quick Slash","floor":31.0},{"not_picked":["Deadly Poison","Finisher+1"],"picked":"Cloak And Dagger","floor":32.0},{"not_picked":["Envenom","Tools of the Trade"],"picked":"Die Die Die","floor":33.0},{"not_picked":["Quick Slash","Noxious Fumes+1","Masterful Stab+1"],"picked":"SKIP","floor":35.0},{"not_picked":["Poisoned Stab","Outmaneuver+1"],"picked":"PiercingWail","floor":37.0},{"not_picked":["Finisher+1","Corpse Explosion"],"picked":"Leg Sweep+1","floor":41.0},{"not_picked":["Deadly Poison+1","Crippling Poison+1"],"picked":"Expertise+1","floor":42.0},{"not_picked":["Outmaneuver","PiercingWail"],"picked":"Escape Plan","floor":44.0},{"not_picked":["Tactician","Slice+1"],"picked":"Backflip","floor":46.0}],"player_experience":255642,"relics_obtained":[{"floor":7.0,"key":"Bottled Tornado"},{"floor":9.0,"key":"Art of War"},{"floor":12.0,"key":"Potion Belt"},{"floor":23.0,"key":"Boot"},{"floor":26.0,"key":"Shuriken"},{"floor":27.0,"key":"Dream Catcher"},{"floor":31.0,"key":"Vajra"},{"floor":36.0,"key":"Shovel"},{"floor":40.0,"key":"Blue Candle"},{"floor":41.0,"key":"Gremlin Horn"},{"floor":43.0,"key":"Whetstone"},{"floor":45.0,"key":"Molten Egg 2"},{"floor":47.0,"key":"Kunai"},{"floor":49.0,"key":"Bag of Preparation"}],"event_choices":[{"event_name":"Liars Game","player_choice":"agreed","floor":2.0,"damage_taken":0.0},{"event_name":"Scrap Ooze","player_choice":"success","floor":4.0,"damage_taken":7.0},{"event_name":"The Cleric","player_choice":"Card Removal","floor":5.0,"damage_taken":0.0},{"event_name":"Transmorgrifier","player_choice":"Transform","floor":20.0,"damage_taken":0.0},{"event_name":"Back to Basics","player_choice":"Elegance","floor":21.0,"damage_taken":0.0},{"event_name":"Match and Keep!","player_choice":"3 cards matched","floor":22.0,"damage_taken":0.0},{"event_name":"Masked Bandits","player_choice":"Paid Fearfully","floor":30.0,"damage_taken":0.0},{"event_name":"Mysterious Sphere","player_choice":"Fight","floor":36.0,"damage_taken":0.0},{"event_name":"Falling","player_choice":"Removed Skill","floor":38.0,"damage_taken":0.0}],"is_beta":true,"boss_relics":[{"not_picked":["Snecko Eye","HoveringKite"],"picked":"Cursed Key"},{"not_picked":["Orrery","Runic Pyramid"],"picked":"Astrolabe"}],"items_purged_floors":[],"is_endless":false,"potions_floor_spawned":[7,11,12,16,18,25,31,35,41,46],"killed_by":"Time Eater","ascension_level":1}