{"gold_per_floor":[118,138,138,58,58,58,91,91,91,91,105,123,150,167,167,245,245,259,274,8,22,38,73,73,104,183,183,1,1,29,79,79,157,157,169,62,75,92,107,134,134,167,167,201,201,201,201,201,201,201,201],"floor_reached":52,"playtime":2441,"items_purged":["Defend_G","Defend_G","Deflect"],"score":2242,"play_id":"3695f067-05e4-4256-b32b-aa489eecbd6e","local_time":"20190411155139","is_ascension_mode":true,"campfire_choices":[{"data":"Neutralize","floor":6.0,"key":"SMITH"},{"floor":8.0,"key":"REST"},{"data":"Bouncing Flask","floor":10.0,"key":"SMITH"},{"data":"Footwork","floor":15.0,"key":"SMITH"},{"data":"Concentrate","floor":24.0,"key":"SMITH"},{"floor":27.0,"key":"REST"},{"data":"Catalyst","floor":32.0,"key":"SMITH"},{"data":"Well Laid Plans","floor":41.0,"key":"SMITH"},{"data":"Catalyst","floor":49.0,"key":"SMITH"}],"neow_cost":"TEN_PERCENT_HP_LOSS","seed_source_timestamp":153869749492100,"circlet_count":0,"master_deck":["AscendersBane","Defend_G","Defend_G","Survivor","Backflip+1","Skewer+1","Bouncing Flask+1","Footwork+1","PiercingWail","Malaise","Corpse Explosion+1","Unload+1","PiercingWail+1","Backflip+1","Concentrate+1","Dodge and Roll","Well Laid Plans+1","Catalyst+1","Crippling Poison","Adrenaline","Acrobatics","Predator","Leg Sweep","Catalyst+1","Catalyst","Escape Plan"],"special_seed":0,"relics":["Ring of the Snake","Smiling Mask","PreservedInsect","Happy Flower","Astrolabe","Bag of Preparation","Juzu Bracelet","Boot","Question Card","War Paint","Snecko Eye","Matryoshka","Blue Candle","Pear","Gambling Chip","Singing Bowl"],"potions_floor_usage":[51,51],"damage_taken":[{"damage":2.0,"enemies":"2 Louse","floor":1.0,"turns":3.0},{"damage":14.0,"enemies":"Jaw Worm","floor":2.0,"turns":6.0},{"damage":24.0,"enemies":"Gremlin Nob","floor":7.0,"turns":4.0},{"damage":0.0,"enemies":"Cultist","floor":11.0,"turns":3.0},{"damage":0.0,"enemies":"Exordium Thugs","floor":12.0,"turns":3.0},{"damage":11.0,"enemies":"Lots of Slimes","floor":14.0,"turns":5.0},{"damage":0.0,"enemies":"The Guardian","floor":16.0,"turns":9.0},{"damage":5.0,"enemies":"Shell Parasite","floor":18.0,"turns":7.0},{"damage":0.0,"enemies":"3 Byrds","floor":19.0,"turns":2.0},{"damage":0.0,"enemies":"Snake Plant","floor":21.0,"turns":3.0},{"damage":0.0,"enemies":"3 Cultists","floor":22.0,"turns":3.0},{"damage":0.0,"enemies":"Slavers","floor":23.0,"turns":1.0},{"damage":15.0,"enemies":"Book of Stabbing","floor":25.0,"turns":7.0},{"damage":0.0,"enemies":"Slavers","floor":30.0,"turns":1.0},{"damage":43.0,"enemies":"Collector","floor":33.0,"turns":9.0},{"damage":1.0,"enemies":"3 Shapes","floor":35.0,"turns":2.0},{"damage":0.0,"enemies":"Orb Walker","floor":37.0,"turns":3.0},{"damage":0.0,"enemies":"4 Shapes","floor":38.0,"turns":4.0},{"damage":8.0,"enemies":"Maw","floor":39.0,"turns":6.0},{"damage":0.0,"enemies":"Giant Head","floor":40.0,"turns":5.0},{"damage":6.0,"enemies":"Nemesis","floor":42.0,"turns":5.0},{"damage":1.0,"enemies":"Giant Head","floor":44.0,"turns":3.0},{"damage":18.0,"enemies":"Awakened One","floor":50.0,"turns":20.0},{"damage":4,"enemies":"Time Eater","floor":51,"turns":6}],"seed_played":"-5460420681807461999","potions_obtained":[{"floor":2.0,"key":"SmokeBomb"},{"floor":7.0,"key":"PowerPotion"},{"floor":33.0,"key":"LiquidBronze"},{"floor":40.0,"key":"FearPotion"}],"is_trial":false,"path_per_floor":["M","M","?","$","?","R","E","R","T","R","M","M","T","M","R","B",null,"M","M","$","M","M","E","R","E","T","R","$","?","E","?","R","B",null,"M","$","M","M","M","E","R","E","T","E","?","?","?","?","R","B","B",null],"character_chosen":"THE_SILENT","items_purchased":["Skewer","Bag of Preparation","Backflip","Catalyst","Crippling Poison","Acrobatics"],"campfire_rested":2,"item_purchase_floors":[4,20,20,28,28,36],"current_hp_per_floor":[57,43,36,36,36,36,12,30,30,30,30,30,30,19,19,19,50,45,45,45,45,45,45,45,30,30,48,48,48,48,48,48,5,46,45,45,45,45,37,37,37,31,41,40,40,40,40,40,40,22,18],"gold":201,"neow_bonus":"REMOVE_TWO","is_prod":false,"is_daily":false,"chose_seed":false,"campfire_upgraded":7,"win_rate":0,"timestamp":1555023099,"path_taken":["M","M","?","$","?","R","E","R","T","R","M","?","?","M","R","BOSS","M","?","$","M","M","E","R","E","T","R","$","?","E","?","R","BOSS","M","$","M","M","M","E","R","E","T","E","?","?","?","?","R","BOSS","BOSS"],"build_version":"2019-01-23","purchased_purges":3,"victory":true,"max_hp_per_floor":[60,60,60,60,60,60,60,60,60,60,60,60,60,60,60,60,60,60,60,60,60,60,60,60,60,60,60,60,60,60,60,60,60,60,60,60,60,60,60,60,60,60,70,70,70,70,66,66,66,66,66],"card_choices":[{"not_picked":["Blade Dance","Dagger Throw"],"picked":"Backflip","floor":1.0},{"not_picked":["Underhanded Strike","Choke","Heel Hook"],"picked":"SKIP","floor":2.0},{"not_picked":["Riddle With Holes","Concentrate"],"picked":"Bouncing Flask","floor":7.0},{"not_picked":["Prepared","Bouncing Flask"],"picked":"Footwork","floor":11.0},{"not_picked":["Slice","Deflect"],"picked":"PiercingWail","floor":12.0},{"not_picked":["Dagger Throw","Deadly Poison"],"picked":"Deflect","floor":14.0},{"not_picked":["Night Terror","Unload"],"picked":"Malaise","floor":16.0},{"not_picked":["Prepared","Deadly Poison+1","Leg Sweep"],"picked":"SKIP","floor":18.0},{"not_picked":["Underhanded Strike","Prepared","Outmaneuver"],"picked":"SKIP","floor":19.0},{"not_picked":["Deadly Poison","Flying Knee"],"picked":"Concentrate","floor":21.0},{"not_picked":["Finisher","Blade Dance"],"picked":"Dodge and Roll","floor":22.0},{"not_picked":["Bane+1","Quick Slash","Skewer"],"picked":"SKIP","floor":23.0},{"not_picked":["Grand Finale","All Out Attack"],"picked":"Well Laid Plans","floor":25.0},{"not_picked":["Dagger Throw","Sucker Punch","Underhanded Strike","Caltrops"],"picked":"SKIP","floor":30.0},{"not_picked":["Storm of Steel","Unload","After Image"],"picked":"Adrenaline","floor":33.0},{"not_picked":["Dagger Throw","Quick Slash+1","Blade Dance","Sucker Punch"],"picked":"SKIP","floor":35.0},{"not_picked":["Terror","Bane","Slice"],"picked":"Predator","floor":37.0},{"not_picked":["Heel Hook+1","Dodge and Roll","Slice"],"picked":"Leg Sweep","floor":38.0},{"not_picked":["Dagger Spray+1","Infinite Blades","Reflex"],"picked":"Catalyst","floor":39.0},{"not_picked":["Bouncing Flask+1","Masterful Stab","Deadly Poison"],"picked":"Catalyst","floor":40.0},{"not_picked":["Die Die Die","All Out Attack","Masterful Stab","Quick Slash"],"picked":"SKIP","floor":42.0},{"not_picked":["Deflect","Poisoned Stab+1","Prepared"],"picked":"Escape Plan","floor":44.0}],"player_experience":526504,"relics_obtained":[{"floor":7.0,"key":"Smiling Mask"},{"floor":9.0,"key":"PreservedInsect"},{"floor":13.0,"key":"Happy Flower"},{"floor":23.0,"key":"Juzu Bracelet"},{"floor":25.0,"key":"Boot"},{"floor":26.0,"key":"Question Card"},{"floor":30.0,"key":"War Paint"},{"floor":40.0,"key":"Matryoshka"},{"floor":42.0,"key":"Blue Candle"},{"floor":43.0,"key":"Pear"},{"floor":43.0,"key":"Gambling Chip"},{"floor":44.0,"key":"Singing Bowl"}],"event_choices":[{"cards_removed":["Defend_G"],"damage_healed":0.0,"max_hp_gain":0.0,"max_hp_loss":0.0,"gold_gain":0.0,"event_name":"Golden Wing","player_choice":"Card Removal","floor":3.0,"gold_loss":0.0,"damage_taken":7.0},{"damage_healed":0.0,"max_hp_gain":0.0,"max_hp_loss":0.0,"gold_gain":0.0,"event_name":"Accursed Blacksmith","player_choice":"Forge","floor":5.0,"gold_loss":0.0,"damage_taken":0.0,"cards_upgraded":["Skewer"]},{"damage_healed":0.0,"max_hp_gain":0.0,"max_hp_loss":0.0,"gold_gain":0.0,"event_name":"Lab","player_choice":"Got Potions","floor":29.0,"gold_loss":0.0,"damage_taken":0.0},{"damage_healed":0.0,"max_hp_gain":0.0,"max_hp_loss":0.0,"gold_gain":50.0,"event_name":"Golden Shrine","player_choice":"Pray","floor":31.0,"gold_loss":0.0,"damage_taken":0.0},{"damage_healed":0.0,"max_hp_gain":0.0,"max_hp_loss":0.0,"gold_gain":0.0,"event_name":"SecretPortal","player_choice":"Ignored","floor":45.0,"gold_loss":0.0,"damage_taken":0.0},{"damage_healed":0.0,"max_hp_gain":0.0,"max_hp_loss":0.0,"gold_gain":0.0,"event_name":"Tomb of Lord Red Mask","player_choice":"Ignored","floor":46.0,"gold_loss":0.0,"damage_taken":0.0},{"damage_healed":0.0,"max_hp_gain":0.0,"max_hp_loss":4.0,"gold_gain":0.0,"event_name":"Winding Halls","player_choice":"Max HP","floor":47.0,"gold_loss":0.0,"damage_taken":0.0},{"cards_removed":["Neutralize"],"damage_healed":0.0,"max_hp_gain":0.0,"max_hp_loss":0.0,"gold_gain":0.0,"event_name":"Falling","player_choice":"Removed Attack","floor":48.0,"gold_loss":0.0,"damage_taken":0.0}],"is_beta":false,"boss_relics":[{"not_picked":["HoveringKite","Busted Crown"],"picked":"Astrolabe"},{"not_picked":["Empty Cage","Runic Dome"],"picked":"Snecko Eye"}],"items_purged_floors":[20,28,36],"is_endless":false,"potions_floor_spawned":[2,7,12,18,19,21,33,38,40],"ascension_level":20}