{"gold_per_floor":[124,311,323,352,364,416,447,459,471,483,495,507,534,565,577,709,721,749,686,671,683,718,730,778,790,802,814],"floor_reached":27,"playtime":1097,"items_purged":[],"score":231,"play_id":"469c7086-1f89-44c9-a741-d6e288c360d8","local_time":"20181121165153","is_ascension_mode":false,"campfire_choices":[{"floor":8,"key":"REST"},{"floor":11,"key":"REST"},{"data":"Body Slam","floor":15,"key":"SMITH"},{"floor":23,"key":"REST"}],"neow_cost":"NONE","seed_source_timestamp":687308273688330,"circlet_count":0,"master_deck":["Strike_R","Strike_R","Strike_R","Strike_R","Strike_R","Defend_R","Defend_R","Defend_R","Defend_R","Bash","Warcry","Shrug It Off","Wild Strike","Body Slam+1","Power Through","Flame Barrier","Shrug It Off","Fiend Fire","Body Slam","Ghostly Armor","Entrench+1","Body Slam+1","Flex","Injury","Injury"],"relics":["Burning Blood","MawBank","Golden Idol","Dodecahedron","Orichalcum","Dream Catcher","Cursed Key","Paper Frog","Ornamental Fan","Toxic Egg 2"],"potions_floor_usage":[16,16,24,24],"damage_taken":[{"damage":6,"enemies":"Jaw Worm","floor":1,"turns":4},{"damage":5,"enemies":"Cultist","floor":4,"turns":4},{"damage":69,"enemies":"Lagavulin","floor":6,"turns":10},{"damage":3,"enemies":"Small Slimes","floor":7,"turns":4},{"damage":10,"enemies":"2 Fungi Beasts","floor":13,"turns":4},{"damage":3,"enemies":"Large Slime","floor":14,"turns":9},{"damage":16,"enemies":"Hexaghost","floor":16,"turns":11},{"damage":0,"enemies":"3 Byrds","floor":18,"turns":5},{"damage":15,"enemies":"2 Thieves","floor":20,"turns":5},{"damage":14,"enemies":"Colosseum Slavers","floor":21,"turns":6},{"damage":39,"enemies":"Cultist and Chosen","floor":22,"turns":10},{"damage":4,"enemies":"Slavers","floor":24,"turns":5},{"damage":64,"enemies":"Sentry and Sphere","floor":27,"turns":11}],"seed_played":"-7368574451215985600","potions_obtained":[{"floor":7,"key":"Dexterity Potion"},{"floor":13,"key":"LiquidBronze"},{"floor":16,"key":"Fire Potion"},{"floor":22,"key":"Explosive Potion"}],"is_trial":false,"path_per_floor":["M","?","?","M","?","E","M","R","T","?","R","?","M","M","R","B",null,"M","?","M","?","M","R","E","T","T","M"],"character_chosen":"IRONCLAD","items_purchased":[],"campfire_rested":3,"item_purchase_floors":[],"current_hp_per_floor":[80,80,80,80,80,17,20,44,44,41,65,65,61,64,64,54,80,80,80,71,63,30,54,56,56,56,0],"gold":814,"neow_bonus":"RANDOM_COMMON_RELIC","is_prod":false,"is_daily":false,"chose_seed":false,"campfire_upgraded":1,"win_rate":0,"timestamp":1542844313,"path_taken":["M","?","?","?","?","E","M","R","T","?","R","?","M","M","R","BOSS","M","?","M","?","M","R","E","?","T","M"],"build_version":"2018-11-15","purchased_purges":0,"victory":false,"max_hp_per_floor":[80,80,80,80,80,80,80,80,80,80,80,80,80,80,80,80,80,80,80,80,80,80,80,80,80,80,80],"card_choices":[{"not_picked":["Cleave","Sword Boomerang"],"picked":"Warcry","floor":1},{"not_picked":["Rampage","Sword Boomerang"],"picked":"Shrug It Off","floor":4},{"not_picked":["Bludgeon","Heavy Blade"],"picked":"Wild Strike","floor":6},{"not_picked":["Shockwave","Evolve"],"picked":"Body Slam","floor":7},{"not_picked":["Heavy Blade","Thunderclap"],"picked":"Power Through","floor":11},{"not_picked":["Shockwave","Battle Trance"],"picked":"Flame Barrier","floor":13},{"not_picked":["Flex","Dual Wield"],"picked":"Shrug It Off","floor":14},{"not_picked":["Feed","Reaper"],"picked":"Fiend Fire","floor":16},{"not_picked":["Bloodletting","Intimidate+1"],"picked":"Body Slam","floor":18},{"not_picked":["Cleave","Rage"],"picked":"Ghostly Armor","floor":20},{"not_picked":["Shrug It Off","Twin Strike+1"],"picked":"Entrench+1","floor":22},{"not_picked":["Perfected Strike+1","Clash+1"],"picked":"Body Slam+1","floor":23},{"not_picked":["Pommel Strike","Cleave+1"],"picked":"Flex","floor":24}],"player_experience":1126153,"relics_obtained":[{"floor":6,"key":"Dodecahedron"},{"floor":9,"key":"Orichalcum"},{"floor":24,"key":"Paper Frog"},{"floor":25,"key":"Ornamental Fan"},{"floor":26,"key":"Toxic Egg 2"}],"event_choices":[{"damage_healed":0,"gold_gain":175,"player_choice":"AGREE","damage_taken":0,"max_hp_gain":0,"max_hp_loss":0,"event_name":"Liars Game","floor":2,"gold_loss":0,"cards_obtained":["Doubt"]},{"damage_healed":0,"gold_gain":0,"player_choice":"Ignored","damage_taken":0,"max_hp_gain":0,"max_hp_loss":0,"event_name":"NoteForYourself","floor":3,"gold_loss":0},{"damage_healed":0,"gold_gain":0,"player_choice":"Take Wound","damage_taken":0,"relics_obtained":["Golden Idol"],"max_hp_gain":0,"max_hp_loss":0,"event_name":"Golden Idol","floor":5,"gold_loss":0,"cards_obtained":["Injury"]},{"damage_healed":0,"gold_gain":0,"player_choice":"Success","damage_taken":3,"relics_obtained":["Dream Catcher"],"max_hp_gain":0,"max_hp_loss":0,"event_name":"Scrap Ooze","floor":10,"gold_loss":0},{"cards_removed":["Doubt"],"damage_healed":0,"gold_gain":0,"player_choice":"Forget","damage_taken":0,"max_hp_gain":0,"max_hp_loss":0,"event_name":"Living Wall","floor":12,"gold_loss":0},{"cards_removed":["Injury"],"damage_healed":0,"gold_gain":0,"player_choice":"Gave Gold","damage_taken":0,"max_hp_gain":0,"max_hp_loss":0,"event_name":"Beggar","floor":19,"gold_loss":75},{"damage_healed":0,"gold_gain":0,"player_choice":"Fight","damage_taken":0,"max_hp_gain":0,"max_hp_loss":0,"event_name":"Colosseum","floor":21,"gold_loss":0},{"damage_healed":0,"gold_gain":0,"player_choice":"Fled From Nobs","damage_taken":0,"max_hp_gain":0,"max_hp_loss":0,"event_name":"Colosseum","floor":21,"gold_loss":0}],"is_beta":false,"boss_relics":[{"not_picked":["White Beast Statue","Sozu"],"picked":"Cursed Key"}],"items_purged_floors":[],"is_endless":false,"potions_floor_spawned":[7,13,16,22],"killed_by":"Sentry and Sphere","ascension_level":0}