{"gold_per_floor":[111,125,125,125,141,204,204,228,228,228,228,228,228,228,228,228],"floor_reached":16,"playtime":372,"items_purged":[],"score":96,"play_id":"afb3dcfb-f162-4512-b83c-87a3c6463530","local_time":"20190122220623","is_ascension_mode":false,"campfire_choices":[{"floor":7,"key":"REST"},{"floor":11,"key":"REST"},{"floor":13,"key":"REST"},{"data":"Bash","floor":15,"key":"SMITH"}],"neow_cost":"NONE","seed_source_timestamp":866234726623217,"circlet_count":0,"master_deck":["Strike_R","Strike_R","Strike_R","Strike_R","Strike_R","Defend_R+1","Defend_R","Defend_R","Defend_R","Bash+1","True Grit+1","Headbutt","Infernal Blade","True Grit"],"relics":["Black Star","Torii","FossilizedHelix","Tiny Chest","Odd Mushroom","Art of War","Regal Pillow"],"potions_floor_usage":[],"damage_taken":[{"damage":5,"enemies":"Cultist","floor":1,"turns":4},{"damage":8,"enemies":"Jaw Worm","floor":2,"turns":6},{"damage":10,"enemies":"2 Louse","floor":5,"turns":4},{"damage":28,"enemies":"Gremlin Nob","floor":6,"turns":5},{"damage":27,"enemies":"The Mushroom Lair","floor":8,"turns":5},{"damage":0,"enemies":"Slime Boss","floor":16,"turns":1}],"seed_played":"-7648156567165543115","potions_obtained":[{"floor":2,"key":"Energy Potion"},{"floor":6,"key":"SpeedPotion"}],"is_trial":false,"path_per_floor":["M","M","?","T","M","E","R","?","T","T","R","$","R","$","R","B"],"character_chosen":"IRONCLAD","items_purchased":[],"campfire_rested":3,"item_purchase_floors":[],"current_hp_per_floor":[75,67,51,51,41,13,37,10,10,10,49,49,80,80,80,80],"gold":228,"neow_bonus":"BOSS_RELIC","is_prod":false,"is_daily":false,"chose_seed":false,"campfire_upgraded":1,"win_rate":0,"timestamp":1548223583,"path_taken":["M","?","?","?","M","E","R","?","T","?","R","$","R","$","R","BOSS"],"build_version":"2019-01-17v2","purchased_purges":0,"victory":false,"max_hp_per_floor":[80,80,80,80,80,80,80,80,80,80,80,80,80,80,80,80],"card_choices":[{"not_picked":["Cleave","Blood for Blood"],"picked":"True Grit","floor":1},{"not_picked":["Evolve","Shockwave"],"picked":"Headbutt","floor":2},{"not_picked":["Second Wind","Whirlwind","Warcry"],"picked":"SKIP","floor":5},{"not_picked":["Shrug It Off","Feel No Pain"],"picked":"Infernal Blade","floor":6},{"not_picked":["Blood for Blood","Shrug It Off"],"picked":"True Grit","floor":8}],"player_experience":283285,"relics_obtained":[{"floor":4,"key":"Torii"},{"floor":6,"key":"FossilizedHelix"},{"floor":6,"key":"Tiny Chest"},{"floor":8,"key":"Odd Mushroom"},{"floor":9,"key":"Art of War"},{"floor":10,"key":"Regal Pillow"}],"event_choices":[{"damage_healed":0,"gold_gain":0,"player_choice":"Entered Light","damage_taken":16,"max_hp_gain":0,"max_hp_loss":0,"event_name":"Shining Light","floor":3,"gold_loss":0,"cards_upgraded":["Defend_R","True Grit"]},{"damage_healed":0,"gold_gain":0,"player_choice":"Fought Mushrooms","damage_taken":0,"max_hp_gain":0,"max_hp_loss":0,"event_name":"Mushrooms","floor":8,"gold_loss":0}],"is_beta":false,"boss_relics":[],"items_purged_floors":[],"is_endless":false,"potions_floor_spawned":[2,6],"killed_by":"Slime Boss","ascension_level":0}