{"gold_per_floor":[109,121,121,139,24,50,109,109,109,143,143],"floor_reached":11,"playtime":1053,"items_purged":[],"score":93,"play_id":"1275d355-2cba-4689-bce5-237b3159bd5a","local_time":"20190131120704","is_ascension_mode":true,"campfire_choices":[{"floor":8,"key":"REST"}],"neow_cost":"NONE","seed_source_timestamp":60004367469589,"circlet_count":0,"master_deck":["Strike_R","Strike_R","Strike_R","Strike_R","Strike_R","Defend_R","Defend_R","Defend_R","Defend_R","Bash","Evolve","Dual Wield","Impatience","Iron Wave","Wild Strike","Uppercut","Wild Strike","Wild Strike"],"relics":["Burning Blood","NeowsBlessing","Potion Belt","Frozen Egg 2","Calipers"],"potions_floor_usage":[6],"damage_taken":[{"damage":0,"enemies":"Cultist","floor":1,"turns":1},{"damage":0,"enemies":"Jaw Worm","floor":2,"turns":1},{"damage":0,"enemies":"Small Slimes","floor":4,"turns":1},{"damage":64,"enemies":"Lagavulin","floor":6,"turns":9},{"damage":49,"enemies":"Gremlin Nob","floor":10,"turns":5},{"damage":23,"enemies":"Exordium Wildlife","floor":11,"turns":3}],"seed_played":"7707241824069801927","potions_obtained":[{"floor":1,"key":"Regen Potion"},{"floor":10,"key":"Fire Potion"}],"is_trial":false,"path_per_floor":["M","M","?","M","$","E","?","R","T","E","M"],"character_chosen":"IRONCLAD","items_purchased":["Wild Strike","Uppercut"],"campfire_rested":1,"item_purchase_floors":[5,5],"current_hp_per_floor":[80,80,80,80,80,37,37,61,61,18,0],"gold":143,"neow_bonus":"THREE_ENEMY_KILL","is_prod":false,"is_daily":false,"chose_seed":false,"campfire_upgraded":0,"win_rate":0,"timestamp":1548936424,"path_taken":["M","M","?","?","$","E","?","R","T","E","M"],"build_version":"2019-01-23","purchased_purges":0,"victory":false,"max_hp_per_floor":[80,80,80,80,80,80,80,80,80,80,80],"card_choices":[{"not_picked":["Flex","Clash"],"picked":"Evolve","floor":1},{"not_picked":["Ghostly Armor","Sword Boomerang"],"picked":"Dual Wield","floor":2},{"not_picked":["Pommel Strike","Burning Pact"],"picked":"Iron Wave","floor":4},{"not_picked":["Shrug It Off","Bloodletting"],"picked":"Wild Strike","floor":6},{"not_picked":["Shrug It Off","Thunderclap"],"picked":"Wild Strike","floor":10}],"player_experience":106609,"relics_obtained":[{"floor":6,"key":"Potion Belt"},{"floor":9,"key":"Frozen Egg 2"},{"floor":10,"key":"Calipers"}],"event_choices":[{"damage_healed":0,"gold_gain":0,"player_choice":"1 cards matched","damage_taken":0,"max_hp_gain":0,"max_hp_loss":0,"event_name":"Match and Keep!","floor":3,"gold_loss":0,"cards_obtained":["Impatience"]},{"damage_healed":0,"gold_gain":59,"player_choice":"Gained Gold","damage_taken":0,"max_hp_gain":0,"max_hp_loss":0,"event_name":"Golden Wing","floor":7,"gold_loss":0}],"is_beta":false,"boss_relics":[],"items_purged_floors":[],"is_endless":false,"potions_floor_spawned":[1,10],"killed_by":"Exordium Wildlife","ascension_level":3}