{"gold_per_floor":[360,360,156,156,156,181,181,194,194,213,161,173,184,195,195,294,294,314,314,314,333,293,293,323,333,363,363,363,55,71,71,71,71],"floor_reached":33,"playtime":970,"items_purged":[],"score":464,"play_id":"a499a181-b9a6-4ea1-a670-ed10b30eb337","local_time":"20181112152825","is_ascension_mode":true,"campfire_choices":[{"floor":7,"key":"REST"},{"data":"Seeing Red","floor":15,"key":"SMITH"},{"floor":23,"key":"REST"},{"floor":28,"key":"REST"},{"floor":32,"key":"REST"}],"neow_cost":"CURSE","seed_source_timestamp":2846466752757753,"circlet_count":0,"master_deck":["AscendersBane","Strike_R","Strike_R","Strike_R","Strike_R","Strike_R","Defend_R","Defend_R","Defend_R","Bash","Perfected Strike","Armaments+1","Iron Wave","Pommel Strike","Body Slam","Flex","Shrug It Off","Inflame","Seeing Red+1","Double Tap","Wild Strike+1","RitualDagger","Second Wind","Perfected Strike+1","Double Tap","Warcry","Power Through"],"relics":["Burning Blood","Orichalcum","Blood Vial","Incense Burner","Pen Nib","White Beast Statue","Red Skull","Tiny Chest","Pantograph"],"potions_floor_usage":[12,14,16,24,24,25,31,33],"damage_taken":[{"damage":9,"enemies":"2 Louse","floor":1,"turns":3},{"damage":40,"enemies":"Lagavulin","floor":6,"turns":7},{"damage":7,"enemies":"Jaw Worm","floor":8,"turns":3},{"damage":0,"enemies":"Small Slimes","floor":10,"turns":3},{"damage":11,"enemies":"Blue Slaver","floor":12,"turns":3},{"damage":2,"enemies":"3 Louse","floor":13,"turns":4},{"damage":5,"enemies":"Looter","floor":14,"turns":2},{"damage":8,"enemies":"Slime Boss","floor":16,"turns":8},{"damage":38,"enemies":"3 Byrds","floor":18,"turns":7},{"damage":22,"enemies":"Shell Parasite","floor":21,"turns":5},{"damage":23,"enemies":"Slavers","floor":24,"turns":6},{"damage":32,"enemies":"3 Cultists","floor":25,"turns":6},{"damage":26,"enemies":"Snecko","floor":30,"turns":4},{"damage":8,"enemies":"Colosseum Slavers","floor":31,"turns":3},{"damage":76,"enemies":"Automaton","floor":33,"turns":10}],"seed_played":"-8313473800482349994","potions_obtained":[{"floor":6,"key":"Poison Potion"},{"floor":10,"key":"BloodPotion"},{"floor":12,"key":"PowerPotion"},{"floor":18,"key":"FearPotion"},{"floor":21,"key":"LiquidBronze"},{"floor":24,"key":"EssenceOfSteel"},{"floor":25,"key":"Fire Potion"},{"floor":30,"key":"FearPotion"}],"is_trial":false,"path_per_floor":["M","?","$","?","?","E","R","M","T","M","$","M","M","M","R","B",null,"M","?","?","M","?","R","E","M","T","?","R","$","M","?","R","B"],"character_chosen":"IRONCLAD","items_purchased":["Armaments","Orichalcum","Flex","Pantograph","Warcry"],"campfire_rested":4,"item_purchase_floors":[3,3,11,29,29],"current_hp_per_floor":[69,69,69,69,66,34,58,59,59,67,67,72,78,80,80,78,80,48,42,42,28,28,52,37,13,13,13,37,37,19,19,43,0],"gold":71,"neow_bonus":"TWO_FIFTY_GOLD","is_prod":false,"is_daily":false,"chose_seed":false,"campfire_upgraded":1,"win_rate":0,"timestamp":1542061705,"path_taken":["M","?","$","?","?","E","R","M","T","M","?","?","M","M","R","BOSS","M","?","?","M","?","R","E","?","T","?","R","$","?","?","R","BOSS"],"build_version":"2018-11-08","purchased_purges":0,"victory":false,"max_hp_per_floor":[80,80,80,80,80,80,80,80,80,80,80,80,80,80,80,80,80,80,80,80,80,80,80,80,80,80,80,80,80,80,80,80,80],"card_choices":[{"not_picked":["Hemokinesis","Ghostly Armor"],"picked":"Perfected Strike","floor":1},{"not_picked":["Pummel","Metallicize"],"picked":"Iron Wave","floor":6},{"not_picked":["Spot Weakness","Havoc"],"picked":"Pommel Strike","floor":8},{"not_picked":["Clothesline","Armaments"],"picked":"Body Slam","floor":10},{"not_picked":["Feel No Pain","Bloodletting"],"picked":"Shrug It Off","floor":12},{"not_picked":["Clash","Juggernaut"],"picked":"Inflame","floor":13},{"not_picked":["Uppercut","Cleave"],"picked":"Seeing Red","floor":14},{"not_picked":["Limit Break","Exhume"],"picked":"Double Tap","floor":16},{"not_picked":["Cleave","Heavy Blade"],"picked":"Wild Strike+1","floor":18},{"not_picked":["Whirlwind+1","Blood for Blood","Entrench"],"picked":"SKIP","floor":21},{"not_picked":["Havoc","Infernal Blade"],"picked":"Second Wind","floor":24},{"not_picked":["Shrug It Off","Combust"],"picked":"Perfected Strike+1","floor":25},{"not_picked":["Inflame","Flex"],"picked":"Power Through","floor":30}],"player_experience":1056370,"relics_obtained":[{"floor":6,"key":"Incense Burner"},{"floor":9,"key":"Pen Nib"},{"floor":24,"key":"Red Skull"},{"floor":26,"key":"Tiny Chest"}],"event_choices":[{"cards_removed":["Pain"],"damage_healed":0,"gold_gain":0,"player_choice":"Forget","damage_taken":0,"max_hp_gain":0,"max_hp_loss":0,"event_name":"Living Wall","floor":2,"gold_loss":0},{"damage_healed":0,"gold_gain":0,"player_choice":"Ignored","damage_taken":0,"max_hp_gain":0,"max_hp_loss":0,"event_name":"Golden Wing","floor":4,"gold_loss":0},{"damage_healed":0,"gold_gain":0,"player_choice":"Success","damage_taken":3,"relics_obtained":["Blood Vial"],"max_hp_gain":0,"max_hp_loss":0,"event_name":"Scrap Ooze","floor":5,"gold_loss":0},{"damage_healed":0,"gold_gain":0,"player_choice":"Joined the Cult","damage_taken":6,"max_hp_gain":0,"max_hp_loss":0,"event_name":"Nest","floor":19,"gold_loss":0,"cards_obtained":["RitualDagger"]},{"damage_healed":0,"gold_gain":0,"player_choice":"Ignored","damage_taken":0,"max_hp_gain":0,"max_hp_loss":0,"event_name":"Vampires","floor":20,"gold_loss":0},{"damage_healed":0,"gold_gain":0,"player_choice":"Upgrade","damage_taken":0,"max_hp_gain":0,"max_hp_loss":0,"event_name":"Designer","floor":22,"gold_loss":40,"cards_upgraded":["Armaments"]},{"damage_healed":0,"gold_gain":0,"cards_transformed":["Defend_R"],"player_choice":"Transformed","damage_taken":0,"max_hp_gain":0,"max_hp_loss":0,"event_name":"Transmorgrifier","floor":27,"gold_loss":0,"cards_obtained":["Double Tap"]},{"damage_healed":0,"gold_gain":0,"player_choice":"Fight","damage_taken":0,"max_hp_gain":0,"max_hp_loss":0,"event_name":"Colosseum","floor":31,"gold_loss":0},{"damage_healed":0,"gold_gain":0,"player_choice":"Fled From Nobs","damage_taken":0,"max_hp_gain":0,"max_hp_loss":0,"event_name":"Colosseum","floor":31,"gold_loss":0}],"is_beta":false,"boss_relics":[{"not_picked":["Ectoplasm","Runic Pyramid"],"picked":"White Beast Statue"}],"items_purged_floors":[],"is_endless":false,"potions_floor_spawned":[6,10,12,18,21,24,25,30,31],"killed_by":"Automaton","ascension_level":12}