{"gold_per_floor":[116,136,136,155,11,43,43,53,53,37,71,86,86,106,106,211,211,222,4,4,15,15],"floor_reached":22,"playtime":1617,"items_purged":[],"score":273,"play_id":"5802a8dd-19b4-4f82-8ceb-3e608b5810d9","local_time":"20180730123143","daily_mods":["Insanity"],"is_ascension_mode":false,"campfire_choices":[{"data":"Madness","floor":7,"key":"SMITH"},{"floor":15,"key":"REST"}],"neow_cost":"","seed_source_timestamp":324138487631762,"circlet_count":0,"master_deck":["Creative AI","Echo Form","Reprogram","Steam Power","Turbo","Storm","Creative AI","Steam","Capacitor","Multi-Cast","BootSequence","Double Energy","Strike_B","Meteor Strike","Aggregate","Storm","Biased Cognition","Echo Form","Sweeping Beam","Tempest","Hologram","Dualcast","Consume","Turbo","Rainbow","Sunder+1","Hello World","BootSequence","Meteor Strike","Sunder","Blizzard","Self Repair","Gash+1","Turbo","Zap","Zap","Auto Shields","Force Field","Meteor Strike","BootSequence","Static Discharge","Redo","Dualcast","FTL","Melter","Stack","Static Discharge","Hyperbeam","Zap","Heatsinks","Redo","Sweeping Beam","Consume","Fusion","Self Repair","Madness+1","Doom and Gloom","Cold Snap","Electrodynamics","Hologram","Parasite","Loop","Reboot","Sweeping Beam","Gash","Thunder Strike","Redo","Turbo","Genetic Algorithm","Conserve Battery","Static Discharge","Beam Cell","Stack"],"relics":["Cracked Core","Strawberry","Whetstone","Blue Candle","Orrery","Enchiridion"],"potions_floor_usage":[8,10,11],"damage_taken":[{"damage":0,"enemies":"2 Louse","floor":1,"turns":2},{"damage":6,"enemies":"Cultist","floor":2,"turns":3},{"damage":0,"enemies":"Small Slimes","floor":4,"turns":3},{"damage":19,"enemies":"Lagavulin","floor":6,"turns":5},{"damage":31,"enemies":"3 Louse","floor":8,"turns":3},{"damage":16,"enemies":"Exordium Thugs","floor":10,"turns":5},{"damage":14,"enemies":"Gremlin Nob","floor":11,"turns":4},{"damage":0,"enemies":"Exordium Wildlife","floor":12,"turns":2},{"damage":26,"enemies":"Large Slime","floor":14,"turns":7},{"damage":67,"enemies":"The Guardian","floor":16,"turns":10},{"damage":31,"enemies":"Spheric Guardian","floor":18,"turns":4},{"damage":33,"enemies":"2 Thieves","floor":21,"turns":4},{"damage":14,"enemies":"Chosen and Byrds","floor":22,"turns":4}],"seed_played":"467882187978490755","potions_obtained":[{"floor":1,"key":"SneckoOil"},{"floor":2,"key":"PowerPotion"},{"floor":6,"key":"Energy Potion"},{"floor":8,"key":"Ancient Potion"},{"floor":16,"key":"Strength Potion"}],"is_trial":true,"path_per_floor":["M","M","?","M","$","E","R","M","T","M","E","M","?","M","R","B",null,"M","$","?","M"],"character_chosen":"DEFECT","items_purchased":["Self Repair","Madness","Genetic Algorithm","Conserve Battery","Static Discharge","Beam Cell"],"campfire_rested":1,"item_purchase_floors":[5,5,19,19,19,19],"current_hp_per_floor":[75,69,69,69,69,64,64,40,40,31,31,38,58,46,70,17,82,58,58,42,9,0],"gold":15,"neow_bonus":"","is_prod":false,"is_daily":false,"chose_seed":false,"campfire_upgraded":1,"win_rate":0,"timestamp":1532975503,"path_taken":["M","M","?","M","?","E","R","M","T","M","E","M","?","M","R","BOSS","M","$","?","M","M"],"build_version":"2018-07-26","purchased_purges":0,"victory":false,"max_hp_per_floor":[75,75,75,75,75,82,82,82,82,82,82,82,82,82,82,82,82,82,82,82,82,82],"card_choices":[{"not_picked":["Chill","Loop"],"picked":"Redo","floor":1},{"not_picked":["Turbo","Gash"],"picked":"Sweeping Beam","floor":2},{"not_picked":["Compile Driver","Rebound"],"picked":"Fusion","floor":4},{"not_picked":["Lockon","Rainbow"],"picked":"Doom and Gloom","floor":6},{"not_picked":["Hologram","Barrage","Streamline"],"picked":"SKIP","floor":8},{"not_picked":["Hello World","Ball Lightning"],"picked":"Cold Snap","floor":10},{"not_picked":["Streamline","Barrage"],"picked":"Electrodynamics","floor":11},{"not_picked":["Barrage","Consume"],"picked":"Hologram","floor":12},{"not_picked":["Stack","Leap"],"picked":"Loop","floor":14},{"not_picked":["Electrodynamics","Rainbow"],"picked":"Reboot","floor":16},{"not_picked":["BootSequence","Sunder"],"picked":"Sweeping Beam","floor":17},{"not_picked":["Rebound","Melter"],"picked":"Gash","floor":17},{"not_picked":["Force Field","Recycle"],"picked":"Thunder Strike","floor":17},{"not_picked":["Steam","Hologram"],"picked":"Redo","floor":17},{"not_picked":["Compile Driver","Steam"],"picked":"Turbo","floor":18},{"not_picked":["Recycle","Hologram"],"picked":"Stack","floor":21}],"player_experience":95225,"relics_obtained":[{"floor":6,"key":"Strawberry"},{"floor":9,"key":"Whetstone"},{"floor":11,"key":"Blue Candle"},{"floor":20,"key":"Enchiridion"}],"event_choices":[{"event_name":"Match and Keep!","player_choice":"1 cards matched","floor":3,"damage_taken":0},{"event_name":"Mushrooms","player_choice":"Healed and dodged fight","floor":13,"damage_taken":0},{"event_name":"Cursed Tome","player_choice":"Obtained Book","floor":20,"damage_taken":0}],"is_beta":false,"boss_relics":[{"not_picked":["Fusion Hammer","Pandora\u0027s Box"],"picked":"Orrery"}],"items_purged_floors":[],"is_endless":false,"potions_floor_spawned":[1,2,6,8,16],"killed_by":"Chosen and Byrds","ascension_level":0}