{"gold_per_floor":[19,32,32,32,32,71,94,108,108,142,142,157,177,177,177,177],"floor_reached":16,"playtime":1186,"items_purged":[],"score":118,"play_id":"66e446b8-37f4-463e-894f-8349df585fac","local_time":"20190201162819","is_ascension_mode":true,"campfire_choices":[{"floor":11,"key":"REST"},{"floor":15,"key":"REST"}],"neow_cost":"NO_GOLD","seed_source_timestamp":322413794932635,"circlet_count":0,"master_deck":["Defend_G","Defend_G","Defend_G","Defend_G","Defend_G","Strike_G","Strike_G+1","Strike_G","Strike_G+1","Strike_G+1","Survivor","Neutralize","Swift Strike","Deep Breath","Dagger Throw","Deadly Poison+1","Poisoned Stab+1","Poisoned Stab+1","Blur","Skewer+1","Dash+1","All Out Attack+1"],"relics":["Ring of the Snake","PreservedInsect","Golden Idol","Molten Egg 2","Whetstone","Smiling Mask"],"potions_floor_usage":[10,16],"damage_taken":[{"damage":0,"enemies":"Jaw Worm","floor":1,"turns":3},{"damage":1,"enemies":"2 Louse","floor":2,"turns":3},{"damage":8,"enemies":"Lagavulin","floor":6,"turns":4},{"damage":0,"enemies":"Cultist","floor":7,"turns":2},{"damage":0,"enemies":"2 Fungi Beasts","floor":8,"turns":2},{"damage":12,"enemies":"3 Sentries","floor":10,"turns":7},{"damage":0,"enemies":"Looter","floor":12,"turns":2},{"damage":0,"enemies":"Blue Slaver","floor":13,"turns":2},{"damage":53,"enemies":"The Guardian","floor":16,"turns":7}],"seed_played":"2105379134227541320","potions_obtained":[{"floor":6,"key":"Dexterity Potion"},{"floor":7,"key":"SpeedPotion"},{"floor":8,"key":"SteroidPotion"},{"floor":10,"key":"AttackPotion"}],"is_trial":false,"path_per_floor":["?","?","?","T"],"character_chosen":"THE_SILENT","items_purchased":[],"campfire_rested":2,"item_purchase_floors":[],"current_hp_per_floor":[70,69,55,48,31,23,23,23,23,11,32,32,32,32,53,0],"gold":177,"neow_bonus":"RANDOM_COLORLESS_2","is_prod":false,"is_daily":false,"chose_seed":false,"campfire_upgraded":0,"win_rate":0,"timestamp":1549056499,"path_taken":["M","M","?","?","?","E","M","M","T","E","R","M","M","?","R","BOSS"],"build_version":"2019-01-23","purchased_purges":0,"victory":false,"max_hp_per_floor":[70,70,70,70,70,70,70,70,70,70,70,70,70,70,70,70],"card_choices":[{"not_picked":["Underhanded Strike","Outmaneuver"],"picked":"Dagger Throw","floor":1},{"not_picked":["Backflip","Quick Slash"],"picked":"Deadly Poison","floor":2},{"not_picked":["Crippling Poison","Sucker Punch"],"picked":"Poisoned Stab","floor":6},{"not_picked":["Prepared","Slice+1"],"picked":"Poisoned Stab+1","floor":7},{"not_picked":["Deflect","Dagger Spray+1"],"picked":"Blur","floor":8},{"not_picked":["Tools of the Trade","Slice+1"],"picked":"Skewer+1","floor":10},{"not_picked":["Finisher+1","Predator+1"],"picked":"Dash+1","floor":12},{"not_picked":["PiercingWail","Flying Knee+1"],"picked":"All Out Attack+1","floor":13}],"player_experience":130567,"relics_obtained":[{"floor":6,"key":"Molten Egg 2"},{"floor":9,"key":"Whetstone"},{"floor":10,"key":"Smiling Mask"}],"event_choices":[{"damage_healed":0,"gold_gain":0,"player_choice":"Entered Light","damage_taken":14,"max_hp_gain":0,"max_hp_loss":0,"event_name":"Shining Light","floor":3,"gold_loss":0,"cards_upgraded":["Deadly Poison","Strike_G"]},{"damage_healed":0,"gold_gain":0,"player_choice":"Success","damage_taken":7,"relics_obtained":["PreservedInsect"],"max_hp_gain":0,"max_hp_loss":0,"event_name":"Scrap Ooze","floor":4,"gold_loss":0},{"damage_healed":0,"gold_gain":0,"player_choice":"Take Damage","damage_taken":17,"relics_obtained":["Golden Idol"],"max_hp_gain":0,"max_hp_loss":0,"event_name":"Golden Idol","floor":5,"gold_loss":0}],"is_beta":false,"boss_relics":[],"items_purged_floors":[],"is_endless":false,"potions_floor_spawned":[6,7,8,10],"killed_by":"The Guardian","ascension_level":1}