{"gold_per_floor":[116,116,41,56,76,105,105,105,132,32,32,48,48,79,79,177,177,192,207,233,247,247,247,247],"floor_reached":24,"playtime":1081,"items_purged":["Defend_R","Strike_R"],"score":204,"play_id":"c54c20f2-06ab-4ed8-9430-b66a154add73","local_time":"20190210175449","is_ascension_mode":false,"campfire_choices":[{"data":"Defend_R","floor":8,"key":"SMITH"},{"floor":13,"key":"REST"},{"floor":15,"key":"REST"},{"floor":23,"key":"REST"}],"neow_cost":"NONE","seed_source_timestamp":278179409025754,"circlet_count":0,"master_deck":["Strike_R","Strike_R+1","Defend_R+1","Defend_R","Defend_R","Bash","Rampage+1"],"relics":["Burning Blood","NeowsBlessing","Whetstone","Juzu Bracelet","Boot","Orrery","Red Mask"],"potions_floor_usage":[16,19,20,21,24],"damage_taken":[{"damage":0,"enemies":"Small Slimes","floor":1,"turns":1},{"damage":0,"enemies":"Cultist","floor":4,"turns":1},{"damage":0,"enemies":"2 Louse","floor":5,"turns":1},{"damage":27,"enemies":"Gremlin Nob","floor":6,"turns":4},{"damage":16,"enemies":"Lots of Slimes","floor":12,"turns":5},{"damage":40,"enemies":"3 Sentries","floor":14,"turns":9},{"damage":40,"enemies":"The Guardian","floor":16,"turns":8},{"damage":19,"enemies":"Spheric Guardian","floor":18,"turns":4},{"damage":8,"enemies":"Shell Parasite","floor":19,"turns":6},{"damage":51,"enemies":"Masked Bandits","floor":20,"turns":6},{"damage":21,"enemies":"Snecko","floor":21,"turns":5},{"damage":36,"enemies":"Centurion and Healer","floor":24,"turns":6}],"seed_played":"-6878630796284603051","potions_obtained":[{"floor":5,"key":"LiquidBronze"},{"floor":6,"key":"Weak Potion"},{"floor":12,"key":"Fire Potion"},{"floor":16,"key":"BloodPotion"},{"floor":20,"key":"GamblersBrew"},{"floor":21,"key":"AttackPotion"}],"is_trial":false,"path_per_floor":["?","$","M","?","?","?","?"],"character_chosen":"IRONCLAD","items_purchased":[],"campfire_rested":3,"item_purchase_floors":[],"current_hp_per_floor":[80,80,80,80,80,59,59,59,59,59,59,49,73,39,63,29,80,67,73,28,13,4,28,0],"gold":247,"neow_bonus":"THREE_ENEMY_KILL","is_prod":false,"is_daily":false,"chose_seed":false,"campfire_upgraded":1,"win_rate":0,"timestamp":1549839289,"path_taken":["M","?","?","M","?","E","?","R","T","$","?","M","R","E","R","BOSS","M","M","?","M","?","R","M"],"build_version":"2019-01-23","purchased_purges":2,"victory":false,"max_hp_per_floor":[80,80,80,80,80,80,80,80,80,80,80,80,80,80,80,80,80,80,80,80,80,80,80,80],"card_choices":[{"not_picked":["Perfected Strike","Hemokinesis","Corruption"],"picked":"SKIP","floor":1},{"not_picked":["Shrug It Off","Flex"],"picked":"Rampage","floor":4},{"not_picked":["Wild Strike","Sever Soul","Entrench"],"picked":"SKIP","floor":5},{"not_picked":["Shrug It Off","Feel No Pain","Clothesline"],"picked":"SKIP","floor":6},{"not_picked":["Perfected Strike","Shrug It Off","Bloodletting"],"picked":"SKIP","floor":12},{"not_picked":["Cleave","Dark Embrace","Inflame"],"picked":"SKIP","floor":14},{"not_picked":["Ghostly Armor","Clothesline+1","Twin Strike"],"picked":"SKIP","floor":18},{"not_picked":["Feel No Pain","Sword Boomerang","Power Through"],"picked":"SKIP","floor":19},{"not_picked":["Warcry+1","Wild Strike+1","Blood for Blood"],"picked":"SKIP","floor":21}],"player_experience":390035,"relics_obtained":[{"floor":6,"key":"Whetstone"},{"floor":9,"key":"Juzu Bracelet"},{"floor":14,"key":"Boot"},{"floor":20,"key":"Red Mask"}],"event_choices":[{"cards_removed":["Strike_R"],"damage_healed":0,"gold_gain":0,"player_choice":"Purged","damage_taken":0,"max_hp_gain":0,"max_hp_loss":0,"event_name":"Purifier","floor":2,"gold_loss":0},{"damage_healed":0,"gold_gain":0,"player_choice":"Ignored","damage_taken":0,"max_hp_gain":0,"max_hp_loss":0,"event_name":"NoteForYourself","floor":7,"gold_loss":0},{"cards_removed":["Strike_R"],"damage_healed":0,"gold_gain":0,"player_choice":"Forget","damage_taken":0,"max_hp_gain":0,"max_hp_loss":0,"event_name":"Living Wall","floor":11,"gold_loss":0},{"damage_healed":0,"gold_gain":0,"player_choice":"Fought Bandits","damage_taken":0,"max_hp_gain":0,"max_hp_loss":0,"event_name":"Masked Bandits","floor":20,"gold_loss":0},{"damage_healed":0,"gold_gain":0,"player_choice":"Stopped","damage_taken":9,"max_hp_gain":0,"max_hp_loss":0,"event_name":"Cursed Tome","floor":22,"gold_loss":0}],"is_beta":false,"boss_relics":[{"not_picked":["White Beast Statue","Ectoplasm"],"picked":"Orrery"}],"items_purged_floors":[3,10],"is_endless":false,"potions_floor_spawned":[5,6,12,16,20,21],"killed_by":"Centurion and Healer","ascension_level":0}