{"gold_per_floor":[111,111,123,123,141,176,176,193,193,193,221,233,265,265,265,368,368,382,402,421,1,15,15,42,42,42,42,42,42,61,88,88,187,187,207,254,254,61,71,100,100,100,100,119,119,119,148,161,161,161],"floor_reached":51,"playtime":2370,"items_purged":[],"score":1219,"play_id":"46e9d0c6-58a5-46ae-a164-4671fb1892d1","local_time":"20181017143344","is_ascension_mode":true,"campfire_choices":[{"data":"Bane","floor":7.0,"key":"SMITH"},{"floor":10.0,"key":"REST"},{"data":"Bane","floor":15.0,"key":"SMITH"},{"data":"After Image","floor":23.0,"key":"SMITH"},{"data":"After Image","floor":29.0,"key":"SMITH"},{"data":"Phantasmal Killer","floor":32.0,"key":"SMITH"},{"data":"Pain","floor":41.0,"key":"PURGE"},{"data":"Shame","floor":46.0,"key":"PURGE"},{"floor":49.0,"key":"REST"}],"neow_cost":"CURSE","seed_source_timestamp":0,"circlet_count":0,"master_deck":["Defend_G+1","Defend_G+1","Defend_G+1","Defend_G+1","Defend_G+1","Strike_G+1","Strike_G+1","Strike_G+1","Strike_G+1","Survivor","Neutralize","AscendersBane","Doubt","Bane+1","Poisoned Stab+1","Backflip","Backstab","Slice","After Image+1","Escape Plan","Bane","Backflip","Phantasmal Killer+1","Noxious Fumes","Cloak And Dagger+1","After Image+1","Noxious Fumes","Leg Sweep+1","Blur","Catalyst","Crippling Poison","Masterful Stab","Backstab","A Thousand Cuts+1","Caltrops+1","Backflip","Setup+1","Prepared+1","Dodge and Roll","Tactician+1","A Thousand Cuts+1","Footwork+1","Acrobatics+1"],"special_seed":0,"relics":["Ring of the Snake","Prayer Wheel","Lantern","Strawberry","Bottled Lightning","Ninja Scroll","Cursed Key","Lee\u0027s Waffle","Snake Skull","Pen Nib","Frozen Egg 2","Bag of Marbles","Bottled Flame","Empty Cage","Peace Pipe","Gremlin Horn","HandDrill","Dead Branch","Dream Catcher","Mummified Hand"],"potions_floor_usage":[50],"damage_taken":[{"damage":6.0,"enemies":"2 Louse","floor":1.0,"turns":3.0},{"damage":0.0,"enemies":"Small Slimes","floor":3.0,"turns":3.0},{"damage":0.0,"enemies":"Cultist","floor":5.0,"turns":3.0},{"damage":13.0,"enemies":"3 Sentries","floor":6.0,"turns":14.0},{"damage":0.0,"enemies":"2 Fungi Beasts","floor":8.0,"turns":4.0},{"damage":23.0,"enemies":"Lagavulin","floor":11.0,"turns":6.0},{"damage":1.0,"enemies":"Red Slaver","floor":12.0,"turns":2.0},{"damage":11.0,"enemies":"3 Sentries","floor":13.0,"turns":9.0},{"damage":24.0,"enemies":"Slime Boss","floor":16.0,"turns":11.0},{"damage":4.0,"enemies":"Shell Parasite","floor":18.0,"turns":4.0},{"damage":6.0,"enemies":"2 Thieves","floor":19.0,"turns":4.0},{"damage":25.0,"enemies":"Snecko","floor":20.0,"turns":7.0},{"damage":10.0,"enemies":"Centurion and Healer","floor":22.0,"turns":6.0},{"damage":3.0,"enemies":"Book of Stabbing","floor":24.0,"turns":5.0},{"damage":13.0,"enemies":"3 Cultists","floor":30.0,"turns":6.0},{"damage":8.0,"enemies":"Slavers","floor":31.0,"turns":5.0},{"damage":26.0,"enemies":"Automaton","floor":33.0,"turns":11.0},{"damage":0.0,"enemies":"Orb Walker","floor":35.0,"turns":3.0},{"damage":0.0,"enemies":"Mysterious Sphere","floor":36.0,"turns":4.0},{"damage":0.0,"enemies":"3 Shapes","floor":39.0,"turns":2.0},{"damage":2.0,"enemies":"Reptomancer","floor":40.0,"turns":5.0},{"damage":18.0,"enemies":"Maw","floor":44.0,"turns":6.0},{"damage":36.0,"enemies":"Giant Head","floor":47.0,"turns":7.0},{"damage":0.0,"enemies":"4 Shapes","floor":48.0,"turns":2.0},{"damage":27,"enemies":"Time Eater","floor":50,"turns":12}],"seed_played":"1399136456106390575","potions_obtained":[{"floor":1.0,"key":"Explosive Potion"},{"floor":5.0,"key":"SkillPotion"},{"floor":8.0,"key":"FearPotion"},{"floor":13.0,"key":"AttackPotion"},{"floor":19.0,"key":"PowerPotion"},{"floor":22.0,"key":"SkillPotion"},{"floor":31.0,"key":"Weak Potion"},{"floor":36.0,"key":"Poison Potion"},{"floor":44.0,"key":"Energy Potion"},{"floor":47.0,"key":"SpeedPotion"}],"is_trial":false,"path_per_floor":["M","?","M","?","M","E","R","M","T","R","E","M","E","?","R","B",null,"M","M","M","$","M","R","E","?","T","?","$","R","M","E","R","B",null,"M","?","T","$","M","E","R","$","T","M","?","R","E","M","R","B"],"character_chosen":"THE_SILENT","items_purchased":["Lee\u0027s Waffle","Snake Skull","Blur","HandDrill"],"campfire_rested":2,"item_purchase_floors":[21,21,21,38],"current_hp_per_floor":[57,57,57,57,57,44,44,44,51,74,51,50,39,64,64,40,68,64,58,33,84,74,74,71,71,71,71,71,71,58,50,50,24,69,69,69,69,69,69,67,67,67,67,49,49,49,13,13,38,11],"gold":161,"neow_bonus":"ONE_RARE_RELIC","is_prod":false,"is_daily":false,"chose_seed":false,"campfire_upgraded":5,"win_rate":0,"timestamp":1539801224,"path_taken":["M","?","M","?","?","E","R","M","T","R","E","M","E","?","R","BOSS","M","M","M","$","M","R","E","?","T","?","$","R","M","E","R","BOSS","M","?","?","$","M","E","R","$","T","?","?","R","E","M","R","BOSS"],"build_version":"2018-10-17","purchased_purges":0,"victory":true,"max_hp_per_floor":[70,70,70,70,70,70,70,70,77,77,77,77,77,77,77,77,77,77,77,77,84,84,84,84,84,84,84,84,84,84,84,84,84,84,84,84,84,84,84,84,84,84,84,84,84,84,84,84,84,84],"card_choices":[{"not_picked":["Dash","Backflip"],"picked":"Bane","floor":1.0},{"not_picked":["PiercingWail","Escape Plan"],"picked":"Poisoned Stab","floor":1.0},{"not_picked":["Dagger Spray","Dash"],"picked":"Backflip","floor":3.0},{"not_picked":["Caltrops","Underhanded Strike"],"picked":"Backstab","floor":3.0},{"not_picked":["Flying Knee","Slice"],"picked":"After Image","floor":5.0},{"not_picked":["Backflip","Underhanded Strike"],"picked":"Escape Plan","floor":5.0},{"not_picked":["Outmaneuver","Flying Knee","Heel Hook"],"picked":"SKIP","floor":6.0},{"not_picked":["Flying Knee","Dagger Throw","Endless Agony"],"picked":"SKIP","floor":8.0},{"not_picked":["Flying Knee","Infinite Blades","Outmaneuver"],"picked":"SKIP","floor":8.0},{"not_picked":["Glass Knife","Finisher"],"picked":"Bane","floor":11.0},{"not_picked":["Underhanded Strike","Masterful Stab"],"picked":"Bane","floor":12.0},{"not_picked":["Slice","Predator","Tactician"],"picked":"SKIP","floor":12.0},{"not_picked":["Sucker Punch","Cloak And Dagger"],"picked":"Backflip","floor":13.0},{"not_picked":["Burst","Wraith Form v2"],"picked":"Phantasmal Killer","floor":16.0},{"not_picked":["Cloak And Dagger","Dodge and Roll+1"],"picked":"Noxious Fumes","floor":18.0},{"not_picked":["Masterful Stab","Flying Knee"],"picked":"Cloak And Dagger+1","floor":18.0},{"not_picked":["Prepared+1","Heel Hook+1"],"picked":"After Image","floor":19.0},{"not_picked":["Riddle With Holes","Backstab","Quick Slash+1"],"picked":"SKIP","floor":19.0},{"not_picked":["PiercingWail+1","Concentrate+1"],"picked":"Noxious Fumes","floor":20.0},{"not_picked":["Sucker Punch","Blade Dance"],"picked":"Leg Sweep+1","floor":20.0},{"not_picked":["Poisoned Stab+1","Deadly Poison"],"picked":"Catalyst","floor":22.0},{"not_picked":["Outmaneuver+1","Sucker Punch","Dagger Spray"],"picked":"SKIP","floor":22.0},{"not_picked":["Prepared","Quick Slash"],"picked":"Crippling Poison","floor":24.0},{"not_picked":["Night Terror","Flying Knee"],"picked":"Masterful Stab","floor":30.0},{"not_picked":["Sucker Punch","Calculated Gamble","Infinite Blades+1"],"picked":"SKIP","floor":30.0},{"not_picked":["Slice+1","Poisoned Stab"],"picked":"Backstab","floor":31.0},{"not_picked":["Corpse Explosion","Bullet Time"],"picked":"A Thousand Cuts+1","floor":33.0},{"not_picked":["Deflect+1","Quick Slash+1"],"picked":"Caltrops+1","floor":35.0},{"not_picked":["Outmaneuver","Slice"],"picked":"Backflip","floor":35.0},{"not_picked":["Accuracy+1","Blade Dance"],"picked":"Setup+1","floor":36.0},{"not_picked":["Endless Agony","Sucker Punch"],"picked":"Prepared+1","floor":39.0},{"not_picked":["Bouncing Flask","Dagger Throw"],"picked":"Dodge and Roll","floor":39.0},{"not_picked":["Doppelganger","Finisher+1"],"picked":"Tactician+1","floor":40.0},{"not_picked":["Poisoned Stab","Dagger Spray","Bane+1"],"picked":"SKIP","floor":44.0},{"not_picked":["Flying Knee+1","Dagger Throw+1","Dagger Spray"],"picked":"SKIP","floor":44.0},{"not_picked":["Poisoned Stab","Dagger Spray","Bane+1"],"picked":"SKIP","floor":44.0},{"not_picked":["Flying Knee+1","Dagger Throw+1","Dagger Spray"],"picked":"SKIP","floor":44.0},{"not_picked":["Escape Plan+1","Outmaneuver"],"picked":"A Thousand Cuts+1","floor":47.0},{"not_picked":["Blur","Acrobatics+1"],"picked":"Footwork+1","floor":48.0},{"not_picked":["Tactician","Dash+1"],"picked":"Acrobatics+1","floor":48.0}],"player_experience":356211,"relics_obtained":[{"floor":6.0,"key":"Lantern"},{"floor":9.0,"key":"Strawberry"},{"floor":11.0,"key":"Bottled Lightning"},{"floor":13.0,"key":"Ninja Scroll"},{"floor":24.0,"key":"Pen Nib"},{"floor":26.0,"key":"Frozen Egg 2"},{"floor":31.0,"key":"Bottled Flame"},{"floor":36.0,"key":"Peace Pipe"},{"floor":37.0,"key":"Gremlin Horn"},{"floor":40.0,"key":"Dead Branch"},{"floor":43.0,"key":"Dream Catcher"},{"floor":47.0,"key":"Mummified Hand"}],"event_choices":[{"event_name":"Living Wall","player_choice":"Grow","floor":2.0,"damage_taken":0.0},{"event_name":"Transmorgrifier","player_choice":"Transform","floor":4.0,"damage_taken":0.0},{"event_name":"Big Fish","player_choice":"Banana","floor":14.0,"damage_taken":0.0},{"damage_healed":0.0,"max_hp_gain":0.0,"max_hp_loss":0.0,"gold_gain":0.0,"event_name":"Back to Basics","player_choice":"Simplicity","floor":25.0,"gold_loss":0.0,"damage_taken":0.0,"cards_upgraded":["Defend_G","Defend_G","Defend_G","Defend_G","Defend_G","Strike_G","Strike_G","Strike_G","Strike_G"]},{"damage_healed":0.0,"max_hp_gain":0.0,"max_hp_loss":0.0,"gold_gain":0.0,"event_name":"The Mausoleum","player_choice":"Opened","floor":27.0,"gold_loss":0.0,"damage_taken":0.0,"relics_obtained":["Bag of Marbles"],"cards_obtained":["Writhe"]},{"damage_healed":0.0,"max_hp_gain":0.0,"max_hp_loss":0.0,"gold_gain":0.0,"event_name":"Mysterious Sphere","player_choice":"Fight","floor":36.0,"gold_loss":0.0,"damage_taken":0.0},{"cards_removed":["Bane"],"damage_healed":0.0,"max_hp_gain":0.0,"max_hp_loss":0.0,"gold_gain":0.0,"event_name":"Falling","player_choice":"Removed Attack","floor":45.0,"gold_loss":0.0,"damage_taken":0.0}],"is_beta":true,"boss_relics":[{"not_picked":["Ring of the Serpent","Velvet Choker"],"picked":"Cursed Key"},{"not_picked":["Sozu","Snecko Eye"],"picked":"Empty Cage"}],"items_purged_floors":[],"is_endless":false,"potions_floor_spawned":[1,5,8,13,19,22,31,36,44,47],"ascension_level":11}