{"gold_per_floor":[118,118,138,151,151,180,180,180,225,240,254,264,276,62,62,164,164,154,165,145,45,61,61,96,114,139,139,154,171,6,21,21,126,126,140,140,0,15,1014,1014,1028,1045,1045,1045,1056,1080,81,101,101,101],"floor_reached":50,"playtime":12610,"items_purged":["Strike_G","Strike_G","Strike_G"],"score":519,"play_id":"0cd6205f-f67e-4c42-88aa-f0d12b276326","local_time":"20190403174839","is_ascension_mode":true,"campfire_choices":[{"floor":7.0,"key":"REST"},{"data":"Footwork","floor":15.0,"key":"SMITH"},{"floor":23.0,"key":"REST"},{"floor":27.0,"key":"REST"},{"floor":32.0,"key":"REST"},{"data":"Dagger Spray","floor":40,"key":"SMITH"},{"floor":44,"key":"REST"},{"floor":49,"key":"REST"}],"neow_cost":"NONE","seed_source_timestamp":0,"circlet_count":0,"master_deck":["Defend_G","Defend_G","Defend_G","Defend_G","Defend_G","Strike_G","Survivor","Neutralize","Quick Slash","Backflip","Footwork+1","Dagger Spray+1","Dodge and Roll","Terror","After Image","Tools of the Trade","Backstab+1","Underhanded Strike+1","Predator","Sucker Punch+1","Underhanded Strike+1","Bandage Up","Noxious Fumes","Dodge and Roll","Bullet Time","Parasite","Glass Knife+1","Reflex","Bane"],"special_seed":0,"relics":["Ring of the Snake","NeowsBlessing","Bronze Scales","Strawberry","Snecko Eye","Omamori","PreservedInsect","Runic Dome","Red Mask","Orichalcum","Potion Belt","TwistedFunnel","Ginger","Whetstone"],"potions_floor_usage":[41,50,50,50],"damage_taken":[{"damage":0.0,"enemies":"Jaw Worm","floor":1.0,"turns":1.0},{"damage":0.0,"enemies":"Cultist","floor":3.0,"turns":1.0},{"damage":0.0,"enemies":"Small Slimes","floor":4.0,"turns":1.0},{"damage":30.0,"enemies":"Lagavulin","floor":6.0,"turns":10.0},{"damage":4.0,"enemies":"3 Louse","floor":10.0,"turns":3.0},{"damage":1.0,"enemies":"Red Slaver","floor":11.0,"turns":4.0},{"damage":0.0,"enemies":"Blue Slaver","floor":12.0,"turns":4.0},{"damage":14.0,"enemies":"Gremlin Gang","floor":13.0,"turns":4.0},{"damage":42.0,"enemies":"Slime Boss","floor":16.0,"turns":17.0},{"damage":18.0,"enemies":"2 Thieves","floor":18.0,"turns":4.0},{"damage":6.0,"enemies":"Shell Parasite","floor":19.0,"turns":6.0},{"damage":3.0,"enemies":"Snecko","floor":22.0,"turns":5.0},{"damage":9.0,"enemies":"Book of Stabbing","floor":24.0,"turns":6.0},{"damage":5.0,"enemies":"Centurion and Healer","floor":25.0,"turns":6.0},{"damage":30.0,"enemies":"Sentry and Sphere","floor":28.0,"turns":7.0},{"damage":23.0,"enemies":"Snake Plant","floor":29.0,"turns":5.0},{"damage":18.0,"enemies":"Centurion and Healer","floor":31.0,"turns":7.0},{"damage":42.0,"enemies":"Champ","floor":33.0,"turns":13.0},{"damage":6,"enemies":"3 Darklings","floor":35,"turns":6},{"damage":9,"enemies":"Orb Walker","floor":38,"turns":4},{"damage":18,"enemies":"Maw","floor":41,"turns":7},{"damage":8,"enemies":"Writhing Mass","floor":42,"turns":6},{"damage":69,"enemies":"Sphere and 2 Shapes","floor":45,"turns":7},{"damage":0,"enemies":"4 Shapes","floor":48,"turns":3},{"damage":47,"enemies":"Donu and Deca","floor":50,"turns":8}],"seed_played":"5658517709751213501","potions_obtained":[{"floor":1.0,"key":"Block Potion"},{"floor":3.0,"key":"Poison Potion"},{"floor":10.0,"key":"FearPotion"},{"floor":16.0,"key":"Swift Potion"},{"floor":22.0,"key":"SteroidPotion"},{"floor":25.0,"key":"EntropicBrew"},{"floor":29.0,"key":"PowerPotion"},{"floor":38,"key":"Ancient Potion"}],"is_trial":false,"path_per_floor":["M","?","M","M","?","E","R","?","T","M","M","M","M","$","R","B",null,"M","M","?","$","M","R","E","M","T","R","M","M","$","M","R","B",null,"M","?","?","M","?","R","M","M","T","R","M","T","$","M","R","B"],"character_chosen":"THE_SILENT","items_purchased":["After Image","Bandage Up","Noxious Fumes","TwistedFunnel","Ginger","Whetstone","SpeedPotion","SteroidPotion","Block Potion","Reflex"],"campfire_rested":6,"item_purchase_floors":[14,30,30,47,47,47,47,47,47,47],"current_hp_per_floor":[70,70,70,70,75,45,67,67,74,70,69,69,55,55,55,13,82,64,58,58,58,55,79,70,65,65,82,52,29,29,15,39,1,82,80,80,80,73,73,73,59,55,55,79,10,10,10,14,38,0],"gold":101,"neow_bonus":"THREE_ENEMY_KILL","is_prod":false,"is_daily":false,"chose_seed":false,"campfire_upgraded":2,"win_rate":0,"timestamp":1554328119,"path_taken":["M","?","M","?","?","E","R","?","T","M","?","M","M","$","R","BOSS","M","M","?","$","M","R","E","M","T","R","M","?","?","M","R","BOSS","M","?","?","M","?","R","M","M","T","R","M","?","$","M","R","BOSS"],"build_version":"2019-01-23","purchased_purges":3,"victory":false,"max_hp_per_floor":[70,70,70,70,75,75,75,75,82,82,82,82,82,82,82,82,82,82,82,82,82,82,82,82,82,82,82,82,82,82,82,82,82,82,82,82,82,82,82,82,82,82,82,82,82,82,82,82,82,82],"card_choices":[{"not_picked":["Blade Dance","Cloak And Dagger","Quick Slash"],"picked":"SKIP","floor":1.0},{"not_picked":["Blade Dance","Cloak And Dagger"],"picked":"Quick Slash","floor":1.0},{"not_picked":["Acrobatics","Poisoned Stab"],"picked":"Backflip","floor":3.0},{"not_picked":["Tactician","Envenom","Reflex"],"picked":"SKIP","floor":4.0},{"not_picked":["Outmaneuver","Bane"],"picked":"Footwork","floor":6.0},{"not_picked":["Quick Slash","Accuracy"],"picked":"Dagger Spray","floor":10.0},{"not_picked":["Underhanded Strike","Outmaneuver"],"picked":"Dodge and Roll","floor":11.0},{"not_picked":["Flechettes","Slice"],"picked":"Terror","floor":12.0},{"not_picked":["Poisoned Stab","Eviscerate"],"picked":"Escape Plan","floor":13.0},{"not_picked":["Die Die Die","A Thousand Cuts"],"picked":"Tools of the Trade","floor":16.0},{"not_picked":["Riddle With Holes","Blade Dance"],"picked":"Backstab","floor":18.0},{"not_picked":["Cloak And Dagger+1","Masterful Stab"],"picked":"Underhanded Strike+1","floor":19.0},{"not_picked":["Prepared","Heel Hook"],"picked":"Predator","floor":22.0},{"not_picked":["Deflect+1","Poisoned Stab","Blade Dance"],"picked":"SKIP","floor":24.0},{"not_picked":["Dagger Spray","Bane"],"picked":"Sucker Punch+1","floor":25.0},{"not_picked":["After Image","Sucker Punch"],"picked":"Underhanded Strike+1","floor":28.0},{"not_picked":["Sucker Punch","Choke+1","Infinite Blades+1"],"picked":"SKIP","floor":29.0},{"not_picked":["Well Laid Plans","Poisoned Stab"],"picked":"Dodge and Roll","floor":31.0},{"not_picked":["Storm of Steel","After Image"],"picked":"Bullet Time","floor":33.0},{"not_picked":["Dagger Spray+1","Catalyst","Deadly Poison+1"],"picked":"SKIP","floor":35},{"not_picked":["Infinite Blades","Calculated Gamble","Slice"],"picked":"SKIP","floor":38},{"not_picked":["Deadly Poison","Expertise","Flying Knee"],"picked":"SKIP","floor":41},{"not_picked":["Deflect+1","Crippling Poison","Slice"],"picked":"SKIP","floor":42},{"not_picked":["Outmaneuver+1","Acrobatics"],"picked":"Glass Knife","floor":45},{"not_picked":["Flying Knee","All Out Attack+1"],"picked":"Bane","floor":48}],"player_experience":91114,"relics_obtained":[{"floor":6.0,"key":"Bronze Scales"},{"floor":9.0,"key":"Strawberry"},{"floor":24.0,"key":"Omamori"},{"floor":26.0,"key":"PreservedInsect"},{"floor":43,"key":"Orichalcum"},{"floor":46,"key":"Potion Belt"}],"event_choices":[{"cards_removed":["Strike_G"],"damage_healed":0.0,"max_hp_gain":0.0,"max_hp_loss":0.0,"gold_gain":0.0,"event_name":"Bonfire Elementals","player_choice":"Offered Basic","floor":2.0,"gold_loss":0.0,"damage_taken":0.0},{"damage_healed":0.0,"max_hp_gain":5.0,"max_hp_loss":0.0,"gold_gain":0.0,"event_name":"Big Fish","player_choice":"Donut","floor":5.0,"gold_loss":0.0,"damage_taken":0.0},{"damage_healed":0.0,"max_hp_gain":0.0,"max_hp_loss":0.0,"gold_gain":0.0,"event_name":"Match and Keep!","player_choice":"0 cards matched","floor":8.0,"gold_loss":0.0,"damage_taken":0.0,"cards_obtained":[]},{"damage_healed":0.0,"max_hp_gain":0.0,"max_hp_loss":0.0,"gold_gain":0.0,"event_name":"The Woman in Blue","player_choice":"Bought 1 Potion","floor":20.0,"gold_loss":0.0,"damage_taken":0.0},{"cards_removed":["Escape Plan"],"damage_healed":0,"gold_gain":0,"player_choice":"Removed Skill","damage_taken":0,"max_hp_gain":0,"max_hp_loss":0,"event_name":"Falling","floor":36,"gold_loss":0},{"damage_healed":0,"gold_gain":0,"player_choice":"Paid","damage_taken":0,"relics_obtained":["Red Mask"],"max_hp_gain":0,"max_hp_loss":0,"event_name":"Tomb of Lord Red Mask","floor":37,"gold_loss":140},{"damage_healed":0,"gold_gain":999,"player_choice":"Gold","damage_taken":0,"max_hp_gain":0,"max_hp_loss":0,"event_name":"MindBloom","floor":39,"gold_loss":0,"cards_obtained":["Normality","Normality"]}],"is_beta":false,"boss_relics":[{"not_picked":["Tiny House","Astrolabe"],"picked":"Snecko Eye"},{"not_picked":["Pandora\u0027s Box","White Beast Statue"],"picked":"Runic Dome"}],"items_purged_floors":[14,21,47],"is_endless":false,"potions_floor_spawned":[1,3,10,16,22,25,29,38],"killed_by":"Donu and Deca","ascension_level":1}