{"gold_per_floor":[117,192,208,208,33,33,63,63,144,14,34,48,61,91,91,91],"floor_reached":16,"playtime":815,"items_purged":[],"score":162,"play_id":"f3a3f958-0fe6-4544-adf5-40f00b531f2c","local_time":"20181111232843","is_ascension_mode":true,"campfire_choices":[{"data":"Genetic Algorithm","floor":6,"key":"SMITH"},{"floor":15,"key":"REST"}],"neow_cost":"NONE","seed_source_timestamp":312534126845868,"circlet_count":0,"master_deck":["Strike_B","Strike_B","Strike_B","Defend_B","Defend_B","Defend_B","Defend_B","Zap","Dualcast","Genetic Algorithm+1","Hologram","Echo Form","BootSequence","Coolheaded","Storm","Jack Of All Trades","Undo","Cold Snap","Capacitor","Amplify","Glacier"],"relics":["Cracked Core","Unceasing Top","DataDisk","Prayer Wheel","Bottled Lightning","Juzu Bracelet"],"potions_floor_usage":[12,14],"damage_taken":[{"damage":5,"enemies":"Small Slimes","floor":1,"turns":4},{"damage":3,"enemies":"Jaw Worm","floor":3,"turns":4},{"damage":41,"enemies":"Gremlin Nob","floor":7,"turns":5},{"damage":0,"enemies":"Cultist","floor":11,"turns":3},{"damage":4,"enemies":"Exordium Thugs","floor":12,"turns":6},{"damage":12,"enemies":"Large Slime","floor":13,"turns":7},{"damage":0,"enemies":"Lagavulin","floor":14,"turns":9},{"damage":40,"enemies":"Hexaghost","floor":16,"turns":11}],"seed_played":"-1480727914722554400","potions_obtained":[{"floor":1,"key":"Regen Potion"},{"floor":7,"key":"Dexterity Potion"}],"is_trial":false,"path_per_floor":["M","?","M","?","$","R","E","T","T","$","M","M","M","E","R","B"],"character_chosen":"DEFECT","items_purchased":["Echo Form","BootSequence","Storm","Jack Of All Trades"],"campfire_rested":1,"item_purchase_floors":[5,5,10,10],"current_hp_per_floor":[70,59,56,53,53,53,12,12,12,12,12,23,11,11,33,0],"gold":91,"neow_bonus":"REMOVE_CARD","is_prod":false,"is_daily":false,"chose_seed":false,"campfire_upgraded":1,"win_rate":0,"timestamp":1541996923,"path_taken":["M","?","M","?","$","R","E","?","T","$","?","M","M","E","R","BOSS"],"build_version":"2018-11-08","purchased_purges":0,"victory":false,"max_hp_per_floor":[75,75,75,75,75,75,75,75,75,75,75,75,75,75,75,75],"card_choices":[{"not_picked":["Stack","Conserve Battery"],"picked":"Genetic Algorithm","floor":1},{"not_picked":["Heatsinks","Turbo"],"picked":"Hologram","floor":3},{"not_picked":["Gash","Consume"],"picked":"Coolheaded","floor":7},{"not_picked":["Streamline","Stack"],"picked":"Undo","floor":11},{"not_picked":["Go for the Eyes","Steam"],"picked":"Cold Snap","floor":11},{"not_picked":["Melter","Ball Lightning"],"picked":"Capacitor","floor":12},{"not_picked":["Barrage","Lockon","Hello World"],"picked":"SKIP","floor":12},{"not_picked":["Scrape","Reinforced Body"],"picked":"Amplify","floor":13},{"not_picked":["Static Discharge","Redo"],"picked":"Glacier","floor":13},{"not_picked":["Aggregate","Turbo","Consume"],"picked":"SKIP","floor":14}],"player_experience":449394,"relics_obtained":[{"floor":7,"key":"DataDisk"},{"floor":8,"key":"Prayer Wheel"},{"floor":9,"key":"Bottled Lightning"},{"floor":14,"key":"Juzu Bracelet"}],"event_choices":[{"damage_healed":0,"gold_gain":75,"player_choice":"Gather Gold","damage_taken":11,"max_hp_gain":0,"max_hp_loss":0,"event_name":"World of Goop","floor":2,"gold_loss":0},{"damage_healed":0,"gold_gain":0,"player_choice":"Success","damage_taken":3,"relics_obtained":["Unceasing Top"],"max_hp_gain":0,"max_hp_loss":0,"event_name":"Scrap Ooze","floor":4,"gold_loss":0}],"is_beta":true,"boss_relics":[],"items_purged_floors":[],"is_endless":false,"potions_floor_spawned":[1,7],"killed_by":"Hexaghost","ascension_level":4}