{"gold_per_floor":[118,118,118,169,169,169,169,187,240,257,271,47,66,85,85,190,190,209,209,209,48,59,59,88,88,114,214,214,174,174,191,191,296,296,309,309,21,37,50,50,67,67,67,99,99,99,99,119,119,119],"floor_reached":51,"playtime":2896,"items_purged":["Strike_G"],"score":785,"play_id":"4e95b44a-aedb-4349-9ee9-63db843a2ebf","local_time":"20190119011210","is_ascension_mode":true,"campfire_choices":[{"data":"Bullet Time","floor":6.0,"key":"SMITH"},{"data":"Bouncing Flask","floor":15.0,"key":"SMITH"},{"data":"Footwork","floor":23.0,"key":"SMITH"},{"floor":25.0,"key":"REST"},{"floor":30.0,"key":"REST"},{"data":"Footwork","floor":32.0,"key":"SMITH"},{"floor":40.0,"key":"REST"},{"floor":42.0,"key":"REST"},{"data":"Well Laid Plans","floor":45.0,"key":"SMITH"},{"data":"Acrobatics","floor":47,"key":"SMITH"},{"floor":49,"key":"REST"}],"neow_cost":"NONE","seed_source_timestamp":528809880534349,"circlet_count":0,"master_deck":["Defend_G","Defend_G","Defend_G","Defend_G","Defend_G","Strike_G","Strike_G","Strike_G+1","Survivor+1","Neutralize","Bullet Time+1","Dash","Bouncing Flask+1","Footwork+1","Dagger Throw","Venomology","Footwork+1","Acrobatics+1","Well Laid Plans+1","Dodge and Roll","Predator+1","Die Die Die","PiercingWail+1","Madness","Madness","Leg Sweep+1","Predator","Footwork+1","Normality","Crippling Poison","Parasite"],"special_seed":0,"relics":["Ring of the Snake","Blood Vial","Tiny Chest","Omamori","Cursed Key","Potion Belt","Juzu Bracelet","Boot","Tough Bandages","Dodecahedron","Smiling Mask","Empty Cage","Ice Cream","Mummified Hand","Oddly Smooth Stone"],"potions_floor_usage":[50,50,50,50,50],"damage_taken":[{"damage":4.0,"enemies":"Small Slimes","floor":1.0,"turns":4.0},{"damage":3.0,"enemies":"Jaw Worm","floor":8.0,"turns":6.0},{"damage":5.0,"enemies":"2 Louse","floor":10.0,"turns":2.0},{"damage":3.0,"enemies":"2 Fungi Beasts","floor":11.0,"turns":4.0},{"damage":8.0,"enemies":"Exordium Thugs","floor":13.0,"turns":5.0},{"damage":6.0,"enemies":"Looter","floor":14.0,"turns":4.0},{"damage":22.0,"enemies":"The Guardian","floor":16.0,"turns":9.0},{"damage":9.0,"enemies":"Shell Parasite","floor":18.0,"turns":6.0},{"damage":18.0,"enemies":"2 Thieves","floor":22.0,"turns":4.0},{"damage":33.0,"enemies":"Slavers","floor":24.0,"turns":10.0},{"damage":15.0,"enemies":"Colosseum Slavers","floor":27.0,"turns":6.0},{"damage":30.0,"enemies":"Colosseum Nobs","floor":27.0,"turns":8.0},{"damage":5.0,"enemies":"Shelled Parasite and Fungi","floor":31.0,"turns":5.0},{"damage":36.0,"enemies":"Champ","floor":33.0,"turns":14.0},{"damage":0.0,"enemies":"Orb Walker","floor":35.0,"turns":4.0},{"damage":10.0,"enemies":"3 Shapes","floor":38.0,"turns":4.0},{"damage":41.0,"enemies":"Sphere and 2 Shapes","floor":39.0,"turns":8.0},{"damage":5.0,"enemies":"3 Darklings","floor":41.0,"turns":6.0},{"damage":6.0,"enemies":"Giant Head","floor":44.0,"turns":11.0},{"damage":11,"enemies":"Writhing Mass","floor":48,"turns":8},{"damage":24,"enemies":"Donu and Deca","floor":50,"turns":19}],"seed_played":"3010843274542753077","potions_obtained":[{"floor":10.0,"key":"Fire Potion"},{"floor":11.0,"key":"Energy Potion"},{"floor":13.0,"key":"SpeedPotion"},{"floor":18.0,"key":"Energy Potion"},{"floor":20.0,"key":"SkillPotion"},{"floor":20.0,"key":"Ancient Potion"},{"floor":20.0,"key":"SkillPotion"},{"floor":24.0,"key":"FearPotion"},{"floor":29.0,"key":"LiquidBronze"},{"floor":29.0,"key":"AttackPotion"},{"floor":29.0,"key":"AttackPotion"},{"floor":41.0,"key":"Regen Potion"},{"floor":48,"key":"Dexterity Potion"}],"is_trial":false,"path_per_floor":["M","?","?","T","?","R","?","M","T","M","M","$","M","M","R","B",null,"M","T","?","$","M","R","E","R","T","?","?","?","R","M","R","B",null,"M","?","$","M","M","R","M","R","T","E","R","?","R","M","R","B",null],"character_chosen":"THE_SILENT","items_purchased":["Footwork","Omamori","Acrobatics","Well Laid Plans","Ice Cream"],"campfire_rested":5,"item_purchase_floors":[12,12,21,21,37],"current_hp_per_floor":[66,66,71,71,56,56,56,55,55,52,51,51,45,41,41,21,75,66,66,66,66,50,50,19,41,41,30,30,30,52,49,49,15,75,75,66,66,58,19,41,38,60,60,56,56,56,56,47,69,62],"gold":119,"neow_bonus":"ONE_RANDOM_RARE_CARD","is_prod":false,"is_daily":false,"chose_seed":false,"campfire_upgraded":6,"win_rate":0,"timestamp":1547889130,"path_taken":["M","?","?","?","?","R","?","M","T","M","M","$","M","M","R","BOSS","M","?","?","$","M","R","E","R","T","?","?","?","R","M","R","BOSS","M","?","$","M","M","R","M","R","T","E","R","?","R","M","R","BOSS"],"build_version":"2019-01-17v2","purchased_purges":1,"victory":true,"max_hp_per_floor":[70,70,75,75,75,75,75,75,75,75,75,75,75,75,75,75,75,75,75,75,75,75,75,75,75,75,75,75,75,75,75,75,75,75,75,75,75,75,75,75,75,75,75,75,75,75,75,75,75,75],"card_choices":[{"not_picked":["Poisoned Stab","Riddle With Holes","Bane"],"picked":"SKIP","floor":1.0},{"not_picked":["All Out Attack","Reflex"],"picked":"Dash","floor":8.0},{"not_picked":["Finisher","Flying Knee"],"picked":"Bouncing Flask","floor":10.0},{"not_picked":["Flying Knee","Bane","Caltrops"],"picked":"SKIP","floor":11.0},{"not_picked":["Sucker Punch","Blade Dance","Caltrops"],"picked":"SKIP","floor":13.0},{"not_picked":["Deadly Poison","Dash"],"picked":"Dagger Throw","floor":14.0},{"not_picked":["Die Die Die","Tools of the Trade"],"picked":"Venomology","floor":16.0},{"not_picked":["Dagger Spray+1","Dodge and Roll+1"],"picked":"Footwork","floor":18.0},{"not_picked":["Bane","Cloak And Dagger"],"picked":"Dodge and Roll","floor":22.0},{"not_picked":["Flying Knee+1","Quick Slash","Backstab"],"picked":"SKIP","floor":24.0},{"not_picked":["Dagger Throw+1","Bouncing Flask"],"picked":"Predator+1","floor":27.0},{"not_picked":["Bane","Deflect","Prepared"],"picked":"SKIP","floor":31.0},{"not_picked":["Storm of Steel","Glass Knife"],"picked":"Die Die Die","floor":33.0},{"not_picked":["Outmaneuver","Underhanded Strike+1"],"picked":"PiercingWail+1","floor":35.0},{"not_picked":["Outmaneuver+1","PiercingWail"],"picked":"Leg Sweep+1","floor":38.0},{"not_picked":["Flying Knee+1","Deadly Poison+1"],"picked":"Predator","floor":39.0},{"not_picked":["Backstab","Acrobatics"],"picked":"Footwork+1","floor":41.0},{"not_picked":["Deadly Poison+1","Storm of Steel"],"picked":"Crippling Poison","floor":44.0},{"not_picked":["Quick Slash","Slice+1","Terror+1"],"picked":"SKIP","floor":48}],"player_experience":256915,"relics_obtained":[{"floor":4.0,"key":"Blood Vial"},{"floor":9.0,"key":"Tiny Chest"},{"floor":19.0,"key":"Potion Belt"},{"floor":24.0,"key":"Juzu Bracelet"},{"floor":26.0,"key":"Boot"},{"floor":27.0,"key":"Tough Bandages"},{"floor":27.0,"key":"Dodecahedron"},{"floor":28.0,"key":"Smiling Mask"},{"floor":43.0,"key":"Mummified Hand"},{"floor":44.0,"key":"Oddly Smooth Stone"}],"event_choices":[{"damage_healed":0.0,"max_hp_gain":0.0,"max_hp_loss":0.0,"gold_gain":0.0,"event_name":"Liars Game","player_choice":"Ignored","floor":2.0,"gold_loss":0.0,"damage_taken":0.0},{"damage_healed":0.0,"max_hp_gain":5.0,"max_hp_loss":0.0,"gold_gain":0.0,"event_name":"Big Fish","player_choice":"Donut","floor":3.0,"gold_loss":0.0,"damage_taken":0.0},{"damage_healed":0.0,"max_hp_gain":0.0,"max_hp_loss":0.0,"gold_gain":0.0,"event_name":"Shining Light","player_choice":"Entered Light","floor":5.0,"gold_loss":0.0,"damage_taken":15.0,"cards_upgraded":["Strike_G","Survivor"]},{"damage_healed":0.0,"max_hp_gain":0.0,"max_hp_loss":0.0,"gold_gain":0.0,"event_name":"Wheel of Change","player_choice":"Cursed","floor":7.0,"gold_loss":0.0,"damage_taken":0.0,"cards_obtained":["Decay"]},{"damage_healed":0.0,"max_hp_gain":0.0,"max_hp_loss":0.0,"gold_gain":0.0,"event_name":"Lab","player_choice":"Got Potions","floor":20.0,"gold_loss":0.0,"damage_taken":0.0},{"damage_healed":0.0,"max_hp_gain":0.0,"max_hp_loss":0.0,"gold_gain":0.0,"event_name":"Colosseum","player_choice":"Fight","floor":27.0,"gold_loss":0.0,"damage_taken":0.0},{"damage_healed":0.0,"max_hp_gain":0.0,"max_hp_loss":0.0,"gold_gain":0.0,"event_name":"Colosseum","player_choice":"Fought Nobs","floor":27.0,"gold_loss":0.0,"damage_taken":0.0},{"damage_healed":0.0,"max_hp_gain":0.0,"max_hp_loss":0.0,"gold_gain":0.0,"event_name":"Wheel of Change","player_choice":"Relic","floor":28.0,"gold_loss":0.0,"damage_taken":0.0},{"damage_healed":0.0,"max_hp_gain":0.0,"max_hp_loss":0.0,"gold_gain":0.0,"event_name":"The Woman in Blue","player_choice":"Bought 3 Potions","floor":29.0,"gold_loss":0.0,"damage_taken":0.0},{"damage_healed":0.0,"max_hp_gain":0.0,"max_hp_loss":0.0,"gold_gain":0.0,"event_name":"Winding Halls","player_choice":"Embrace Madness","floor":36.0,"gold_loss":0.0,"damage_taken":9.0,"cards_obtained":["Madness","Madness"]},{"damage_healed":0,"gold_gain":0,"player_choice":"Ignored","damage_taken":0,"max_hp_gain":0,"max_hp_loss":0,"event_name":"Mysterious Sphere","floor":46,"gold_loss":0}],"is_beta":false,"boss_relics":[{"not_picked":["Fusion Hammer","Busted Crown"],"picked":"Cursed Key"},{"not_picked":["Velvet Choker","WristBlade"],"picked":"Empty Cage"}],"items_purged_floors":[21],"is_endless":false,"potions_floor_spawned":[10,11,13,18,24,41,44,48],"ascension_level":4}