{"gold_per_floor":[116,128,128,142,17,17,52,52,52,65,90,149,183,183,183,280,280,297,297,297,297,48,82,82,93,117,152,152,152,171,191,191,294,294,310,159,175,1174,623,686,696,696,696,726,781,781,808,821,821,821,821,821,76,111,111],"floor_reached":55,"playtime":3400,"items_purged":["Pain","Writhe","Normality","Defend_B"],"score":834,"play_id":"2ee48aaa-7bda-422a-9ae7-da1874d7d0b3","local_time":"20190318004600","is_ascension_mode":false,"campfire_choices":[{"data":"Zap","floor":6,"key":"SMITH"},{"data":"Dualcast","floor":8,"key":"SMITH"},{"data":"Defragment","floor":15,"key":"SMITH"},{"data":"White Noise","floor":32,"key":"SMITH"},{"floor":49,"key":"RECALL"},{"data":"Storm","floor":52,"key":"SMITH"}],"neow_cost":"NONE","seed_source_timestamp":174872941791722,"circlet_count":0,"master_deck":["Defend_B","Defend_B","Defend_B","Zap+1","Dualcast+1","Ball Lightning","Cold Snap+1","Ball Lightning","Cold Snap","Defragment+1","Melter","Static Discharge","Electrodynamics","Glacier","Cold Snap+1","Chill","Storm+1","Defragment","FTL","Storm","White Noise+1","RitualDagger","Sunder+1","FTL","Bite","Bite","Bite","Bite","Bite","Streamline+1","White Noise+1","Machine Learning","Defragment","Genetic Algorithm","Compile Driver","Normality","Mayhem+1","Thinking Ahead","Genetic Algorithm+1","Glacier+1","Echo Form+1","Heatsinks+1"],"relics":["Cracked Core","Lantern","WarpedTongs","Mango","Gambling Chip","Anchor","Ornamental Fan","Juzu Bracelet","Orrery","Incense Burner","Centennial Puzzle","Art of War","Nunchaku","Lizard Tail","Frozen Egg 2","Tiny Chest","Dream Catcher","Torii","Bottled Tornado","Runic Capacitor","Pear","Whetstone"],"potions_floor_usage":[31,44,47,47,50,55],"damage_taken":[{"damage":0,"enemies":"2 Louse","floor":1,"turns":2},{"damage":1,"enemies":"Cultist","floor":2,"turns":3},{"damage":8,"enemies":"Jaw Worm","floor":4,"turns":2},{"damage":13,"enemies":"3 Sentries","floor":7,"turns":5},{"damage":0,"enemies":"3 Louse","floor":10,"turns":2},{"damage":11,"enemies":"Lagavulin","floor":11,"turns":4},{"damage":5,"enemies":"Gremlin Nob","floor":12,"turns":3},{"damage":4,"enemies":"Gremlin Nob","floor":13,"turns":3},{"damage":18,"enemies":"The Guardian","floor":16,"turns":7},{"damage":0,"enemies":"Chosen","floor":18,"turns":3},{"damage":6,"enemies":"Gremlin Leader","floor":23,"turns":5},{"damage":0,"enemies":"Spheric Guardian","floor":25,"turns":3},{"damage":18,"enemies":"Slavers","floor":27,"turns":3},{"damage":0,"enemies":"Snake Plant","floor":30,"turns":3},{"damage":0,"enemies":"Centurion and Healer","floor":31,"turns":4},{"damage":42,"enemies":"Champ","floor":33,"turns":7},{"damage":0,"enemies":"3 Shapes","floor":35,"turns":1},{"damage":2,"enemies":"Orb Walker","floor":37,"turns":3},{"damage":18,"enemies":"Nemesis","floor":40,"turns":7},{"damage":0,"enemies":"Transient","floor":41,"turns":5},{"damage":43,"enemies":"Giant Head","floor":44,"turns":6},{"damage":12,"enemies":"2 Orb Walkers","floor":45,"turns":3},{"damage":8,"enemies":"Nemesis","floor":47,"turns":7},{"damage":0,"enemies":"4 Shapes","floor":48,"turns":5},{"damage":73,"enemies":"Time Eater","floor":50,"turns":15},{"damage":20,"enemies":"Shield and Spear","floor":54,"turns":4},{"damage":79,"enemies":"The Heart","floor":55,"turns":8}],"seed_played":"-3560271788982975933","potions_obtained":[{"floor":1,"key":"Strength Potion"},{"floor":7,"key":"SpeedPotion"},{"floor":13,"key":"SneckoOil"},{"floor":27,"key":"Strength Potion"},{"floor":31,"key":"Fire Potion"},{"floor":44,"key":"SkillPotion"},{"floor":47,"key":"FearPotion"},{"floor":48,"key":"PowerPotion"}],"is_trial":false,"path_per_floor":["?","M","?","?","?","?","?","?","?","?","?","?","?","?"],"character_chosen":"DEFECT","items_purchased":["Cold Snap","FTL","Storm","Defragment","Genetic Algorithm","Frozen Egg 2","Mayhem+1","Echo Form+1","Runic Capacitor","Pear"],"campfire_rested":0,"item_purchase_floors":[5,22,22,36,36,39,39,53,53,53],"current_hp_per_floor":[75,74,74,66,66,66,67,67,67,67,56,51,47,47,47,29,89,89,72,72,72,72,66,60,60,60,42,42,42,48,52,52,17,65,65,65,63,63,63,49,55,55,55,18,6,6,6,14,14,6,65,65,75,57,0],"gold":111,"neow_bonus":"RANDOM_COMMON_RELIC","is_prod":false,"is_daily":false,"chose_seed":false,"campfire_upgraded":5,"win_rate":0,"timestamp":1552884360,"path_taken":["M","M","?","?","$","R","E","R","T","M","E","?","E","?","R","BOSS","M","?","?","?","$","E","?","M","T","E","?","?","M","M","R","BOSS","M","$","M","?","$","E","M","?","T","E","?","?","E","M","R","BOSS","R","$","E","BOSS"],"build_version":"2019-01-23","purchased_purges":4,"victory":false,"max_hp_per_floor":[75,75,75,75,75,75,89,89,89,89,89,89,89,89,89,89,89,89,94,94,94,94,94,94,94,94,94,94,65,65,65,65,65,65,65,65,65,65,65,65,65,65,65,65,65,65,65,65,65,65,65,65,75,75,75],"card_choices":[{"not_picked":["Cold Snap","Tempest"],"picked":"Ball Lightning","floor":1},{"not_picked":["Stack","Hologram"],"picked":"Cold Snap","floor":2},{"not_picked":["Barrage","Auto Shields"],"picked":"Ball Lightning","floor":4},{"not_picked":["Redo","Reboot"],"picked":"Gash","floor":7},{"not_picked":["Stack","Barrage"],"picked":"FTL","floor":10},{"not_picked":["Darkness","Ball Lightning"],"picked":"Defragment","floor":11},{"not_picked":["Redo","Double Energy"],"picked":"Melter","floor":12},{"not_picked":["Turbo","Rebound"],"picked":"Static Discharge","floor":13},{"not_picked":["Reboot","Creative AI"],"picked":"Electrodynamics","floor":16},{"not_picked":["Go for the Eyes","Melter"],"picked":"Glacier","floor":17},{"not_picked":["Gash","Darkness"],"picked":"Cold Snap","floor":17},{"not_picked":["Beam Cell","Undo"],"picked":"Chill","floor":17},{"not_picked":["Compile Driver","Leap"],"picked":"Storm","floor":18},{"not_picked":["Amplify","Barrage+1"],"picked":"White Noise+1","floor":23},{"not_picked":["Cold Snap","Barrage+1"],"picked":"Sunder+1","floor":25},{"not_picked":["Hello World+1","Coolheaded+1"],"picked":"FTL","floor":27},{"not_picked":["Reinforced Body+1","Turbo"],"picked":"Streamline+1","floor":30},{"not_picked":["Reprogram","Meteor Strike"],"picked":"White Noise","floor":31},{"not_picked":["Rainbow","Core Surge"],"picked":"Machine Learning","floor":33},{"not_picked":["Ball Lightning","Leap","Rebound+1"],"picked":"SKIP","floor":35},{"not_picked":["Steam","Sunder"],"picked":"Compile Driver","floor":37},{"not_picked":["Aggregate+1","Stack","Hologram"],"picked":"SKIP","floor":40},{"not_picked":["Steam+1","Fusion","Sunder"],"picked":"SKIP","floor":41},{"not_picked":["Hyperbeam","Ball Lightning+1","Redo+1"],"picked":"SKIP","floor":44},{"not_picked":["Swift Strike","Mind Blast"],"picked":"Thinking Ahead","floor":46},{"not_picked":["Hologram+1","Coolheaded+1"],"picked":"Genetic Algorithm+1","floor":47},{"not_picked":["Leap+1","Go for the Eyes"],"picked":"Glacier+1","floor":48},{"not_picked":["Beam Cell+1","Ball Lightning"],"picked":"Heatsinks+1","floor":54}],"player_experience":732457,"relics_obtained":[{"floor":7,"key":"Mango"},{"floor":9,"key":"Gambling Chip"},{"floor":11,"key":"Anchor"},{"floor":12,"key":"Ornamental Fan"},{"floor":13,"key":"Juzu Bracelet"},{"floor":23,"key":"Centennial Puzzle"},{"floor":26,"key":"Art of War"},{"floor":27,"key":"Nunchaku"},{"floor":40,"key":"Tiny Chest"},{"floor":44,"key":"Dream Catcher"},{"floor":45,"key":"Torii"},{"floor":47,"key":"Bottled Tornado"},{"floor":54,"key":"Whetstone"}],"event_choices":[{"damage_healed":0,"gold_gain":0,"player_choice":"Rummage","damage_taken":0,"relics_obtained":["WarpedTongs"],"max_hp_gain":0,"max_hp_loss":0,"event_name":"Accursed Blacksmith","floor":3,"gold_loss":0,"cards_obtained":["Pain"]},{"damage_healed":0,"gold_gain":0,"player_choice":"Searched \u00271\u0027 times","damage_taken":0,"max_hp_gain":0,"max_hp_loss":0,"event_name":"Dead Adventurer","floor":12,"gold_loss":0},{"damage_healed":0,"gold_gain":0,"player_choice":"Ignored","damage_taken":0,"max_hp_gain":0,"max_hp_loss":0,"event_name":"Liars Game","floor":14,"gold_loss":0},{"damage_healed":0,"gold_gain":0,"player_choice":"Shed Blood","damage_taken":22,"max_hp_gain":5,"max_hp_loss":0,"event_name":"Forgotten Altar","floor":19,"gold_loss":0},{"damage_healed":0,"gold_gain":0,"player_choice":"Read","damage_taken":0,"max_hp_gain":0,"max_hp_loss":0,"event_name":"The Library","floor":20,"gold_loss":0,"cards_obtained":["Defragment"]},{"damage_healed":0,"gold_gain":0,"player_choice":"Opened","damage_taken":0,"relics_obtained":["Incense Burner"],"max_hp_gain":0,"max_hp_loss":0,"event_name":"The Mausoleum","floor":21,"gold_loss":0,"cards_obtained":["Writhe"]},{"damage_healed":0,"gold_gain":0,"player_choice":"Joined the Cult","damage_taken":6,"max_hp_gain":0,"max_hp_loss":0,"event_name":"Nest","floor":24,"gold_loss":0,"cards_obtained":["RitualDagger"]},{"cards_removed":["FTL"],"damage_healed":0,"gold_gain":0,"player_choice":"Took Card","damage_taken":0,"max_hp_gain":0,"max_hp_loss":0,"event_name":"NoteForYourself","floor":28,"gold_loss":0,"cards_obtained":["Strike_B"]},{"damage_healed":0,"gold_gain":0,"player_choice":"Became a vampire","damage_taken":0,"max_hp_gain":0,"max_hp_loss":29,"event_name":"Vampires","floor":29,"gold_loss":0,"cards_obtained":["Bite","Bite","Bite","Bite","Bite"]},{"damage_healed":0,"gold_gain":999,"player_choice":"Gold","damage_taken":0,"max_hp_gain":0,"max_hp_loss":0,"event_name":"MindBloom","floor":38,"gold_loss":0,"cards_obtained":["Normality","Normality"]},{"cards_removed":["Gash"],"damage_healed":0,"gold_gain":0,"player_choice":"Removed Attack","damage_taken":0,"max_hp_gain":0,"max_hp_loss":0,"event_name":"Falling","floor":42,"gold_loss":0},{"damage_healed":0,"gold_gain":0,"player_choice":"Fight","damage_taken":0,"max_hp_gain":0,"max_hp_loss":0,"event_name":"Mysterious Sphere","floor":45,"gold_loss":0},{"damage_healed":0,"gold_gain":0,"player_choice":"Memory 1","damage_taken":0,"max_hp_gain":0,"max_hp_loss":0,"event_name":"SensoryStone","floor":46,"gold_loss":0}],"is_beta":false,"boss_relics":[{"not_picked":["Empty Cage","Sozu"],"picked":"Orrery"},{"not_picked":["FrozenCore","Velvet Choker"],"picked":"Lizard Tail"}],"items_purged_floors":[5,22,39,53],"is_endless":false,"potions_floor_spawned":[1,7,13,16,27,31,33,35,44,47,48],"killed_by":"The Heart","ascension_level":0}