{"gold_per_floor":[111,61,136,154,154,154,74,74,101,101,26,36,47,58,58,163,163,153,153,53,53,53,68,68,68],"floor_reached":25,"playtime":1015,"items_purged":["Regret","Strike_G"],"score":189,"play_id":"29e495cc-d7b6-41be-b1b3-bdbac9a167ee","local_time":"20181231134128","is_ascension_mode":false,"campfire_choices":[{"data":"Noxious Fumes","floor":6,"key":"SMITH"},{"data":"Noxious Fumes","floor":8,"key":"SMITH"},{"floor":15,"key":"REST"}],"neow_cost":"NONE","seed_source_timestamp":83402917849160,"circlet_count":0,"master_deck":["Defend_G+1","Defend_G+1","Defend_G+1","Defend_G+1","Defend_G+1","Strike_G+1","Strike_G+1","Strike_G+1","Survivor","Neutralize+1","Malaise","Noxious Fumes+1","Noxious Fumes+1","Crippling Poison","Well Laid Plans","Escape Plan","Blur","Envenom+1","Acrobatics","Noxious Fumes","Dodge and Roll+1"],"relics":["Ring of the Snake","Lantern","Whetstone","Ice Cream","Snecko Eye"],"potions_floor_usage":[16,16,16,16],"damage_taken":[{"damage":5,"enemies":"Cultist","floor":1,"turns":6},{"damage":4,"enemies":"Jaw Worm","floor":4,"turns":6},{"damage":12,"enemies":"Small Slimes","floor":12,"turns":3},{"damage":0,"enemies":"3 Louse","floor":13,"turns":3},{"damage":8,"enemies":"Blue Slaver","floor":14,"turns":4},{"damage":44,"enemies":"Slime Boss","floor":16,"turns":11},{"damage":22,"enemies":"2 Thieves","floor":18,"turns":4},{"damage":19,"enemies":"3 Byrds","floor":23,"turns":4},{"damage":0,"enemies":"Centurion and Healer","floor":25,"turns":1}],"seed_played":"-9007379678528181206","potions_obtained":[{"floor":1,"key":"Poison Potion"},{"floor":12,"key":"EntropicBrew"},{"floor":13,"key":"Strength Potion"},{"floor":16,"key":"Poison Potion"}],"is_trial":false,"path_per_floor":["M","?","?","M","?","R","$","R","T","?","$","M","M","M","R","B",null,"M","?","$","?","?","M","?","M"],"character_chosen":"THE_SILENT","items_purchased":["Crippling Poison"],"campfire_rested":1,"item_purchase_floors":[7],"current_hp_per_floor":[65,65,58,54,47,47,47,47,47,47,47,35,35,27,48,4,70,48,48,48,48,48,29,29,29],"gold":68,"neow_bonus":"ONE_RANDOM_RARE_CARD","is_prod":false,"is_daily":false,"chose_seed":false,"campfire_upgraded":2,"win_rate":0.0,"timestamp":1546292488,"path_taken":["M","?","?","?","?","R","$","R","T","?","?","M","?","M","R","BOSS","M","?","$","?","?","M","?","M"],"build_version":"2018-12-20","purchased_purges":2,"victory":false,"max_hp_per_floor":[70,70,70,70,70,70,70,70,70,70,70,70,70,70,70,70,70,70,70,70,70,70,70,70,70],"card_choices":[{"not_picked":["Deadly Poison","Dagger Spray"],"picked":"Noxious Fumes","floor":1},{"not_picked":["PiercingWail","Poisoned Stab"],"picked":"Noxious Fumes","floor":4},{"not_picked":["Backflip","Blur"],"picked":"Well Laid Plans","floor":12},{"not_picked":["Outmaneuver","Finisher"],"picked":"Escape Plan","floor":13},{"not_picked":["Dagger Throw","Expertise"],"picked":"Blur","floor":14},{"not_picked":["Bullet Time","Venomology"],"picked":"Envenom","floor":16},{"not_picked":["Quick Slash+1","Infinite Blades"],"picked":"Acrobatics","floor":18},{"not_picked":["Poisoned Stab","Blade Dance"],"picked":"Dodge and Roll+1","floor":23}],"player_experience":16889,"relics_obtained":[{"floor":9,"key":"Whetstone"}],"event_choices":[{"cards_removed":["Strike_G"],"damage_healed":0,"gold_gain":0,"player_choice":"Card Removal","damage_taken":0,"max_hp_gain":0,"max_hp_loss":0,"event_name":"The Cleric","floor":2,"gold_loss":50},{"damage_healed":0,"gold_gain":75,"player_choice":"Touch","damage_taken":7,"max_hp_gain":0,"max_hp_loss":0,"event_name":"FaceTrader","floor":3,"gold_loss":0},{"damage_healed":0,"gold_gain":0,"player_choice":"Success","damage_taken":7,"relics_obtained":["Lantern"],"max_hp_gain":0,"max_hp_loss":0,"event_name":"Scrap Ooze","floor":5,"gold_loss":0},{"damage_healed":0,"gold_gain":0,"player_choice":"Box","damage_taken":0,"relics_obtained":["Ice Cream"],"max_hp_gain":0,"max_hp_loss":0,"event_name":"Big Fish","floor":10,"gold_loss":0,"cards_obtained":["Regret"]},{"damage_healed":0,"gold_gain":0,"player_choice":"Upgraded","damage_taken":0,"max_hp_gain":0,"max_hp_loss":0,"event_name":"Upgrade Shrine","floor":19,"gold_loss":0,"cards_upgraded":["Envenom"]},{"damage_healed":0,"gold_gain":0,"player_choice":"Read","damage_taken":0,"max_hp_gain":0,"max_hp_loss":0,"event_name":"The Library","floor":21,"gold_loss":0,"cards_obtained":["Noxious Fumes"]},{"damage_healed":0,"gold_gain":0,"player_choice":"Simplicity","damage_taken":0,"max_hp_gain":0,"max_hp_loss":0,"event_name":"Back to Basics","floor":22,"gold_loss":0,"cards_upgraded":["Defend_G","Defend_G","Defend_G","Defend_G","Defend_G","Strike_G","Strike_G"]},{"damage_healed":0,"gold_gain":0,"player_choice":"Ignored","damage_taken":0,"max_hp_gain":0,"max_hp_loss":0,"event_name":"Beggar","floor":24,"gold_loss":0}],"is_beta":false,"boss_relics":[{"not_picked":["Black Star","Sozu"],"picked":"Snecko Eye"}],"items_purged_floors":[11,20],"is_endless":false,"potions_floor_spawned":[1,12,13,16,23],"killed_by":"Centurion and Healer","ascension_level":0}