{"gold_per_floor":[119,294,304,314,264,264,277,303,385,27,27,46,46,46,46,151,151,135,135,149,64,74,74,74],"floor_reached":24,"playtime":806,"items_purged":[],"score":255,"play_id":"ccd09a7d-4284-4ac3-b4c0-92f0a75da6e1","local_time":"20190128144320","is_ascension_mode":true,"campfire_choices":[{"data":"Zap","floor":6,"key":"SMITH"},{"floor":13,"key":"REST"},{"data":"Redo","floor":15,"key":"SMITH"},{"floor":23,"key":"REST"}],"neow_cost":"NONE","seed_source_timestamp":608309994870033,"circlet_count":0,"master_deck":["Strike_B","Strike_B","Strike_B","Defend_B","Defend_B","Defend_B","Defend_B","Zap+1","Dualcast","Seek","Steam","Doubt","Redo+1","Conserve Battery","Beam Cell","Steam","Rainbow","Conserve Battery","Pain","Thunder Strike","Cold Snap","Hologram+1","Cold Snap"],"relics":["Cracked Core","Turnip","Cables","Strange Spoon","Potion Belt","WarpedTongs","Nuclear Battery","CultistMask","Kunai"],"potions_floor_usage":[8,16,20,24],"damage_taken":[{"damage":13,"enemies":"Small Slimes","floor":1,"turns":3},{"damage":0,"enemies":"Cultist","floor":3,"turns":4},{"damage":1,"enemies":"Jaw Worm","floor":4,"turns":3},{"damage":2,"enemies":"2 Fungi Beasts","floor":7,"turns":4},{"damage":36,"enemies":"Lagavulin","floor":8,"turns":8},{"damage":0,"enemies":"Looter","floor":12,"turns":3},{"damage":23,"enemies":"Hexaghost","floor":16,"turns":9},{"damage":12,"enemies":"2 Thieves","floor":18,"turns":4},{"damage":4,"enemies":"3 Byrds","floor":20,"turns":5},{"damage":27,"enemies":"Centurion and Healer","floor":22,"turns":10},{"damage":47,"enemies":"Slavers","floor":24,"turns":4}],"seed_played":"-8481114450904709780","potions_obtained":[{"floor":3,"key":"Regen Potion"},{"floor":8,"key":"PowerPotion"},{"floor":12,"key":"Poison Potion"},{"floor":18,"key":"Block Potion"}],"is_trial":false,"path_per_floor":["M","?","M","M","?","R","M","E","T","$","?","M","R","?","R","B",null,"M","?","M","?","M","R","E"],"character_chosen":"DEFECT","items_purchased":["Strange Spoon","Rainbow"],"campfire_rested":2,"item_purchase_floors":[10,10],"current_hp_per_floor":[55,55,55,54,54,54,52,31,31,31,31,31,53,53,53,30,64,52,52,48,48,21,43,0],"gold":74,"neow_bonus":"ONE_RANDOM_RARE_CARD","is_prod":false,"is_daily":false,"chose_seed":false,"campfire_upgraded":2,"win_rate":0,"timestamp":1548711800,"path_taken":["M","?","M","M","?","R","M","E","T","$","?","M","R","?","R","BOSS","M","?","?","?","M","R","E"],"build_version":"2019-01-23","purchased_purges":0,"victory":false,"max_hp_per_floor":[75,75,75,75,75,75,75,75,75,75,75,75,75,75,75,75,75,75,75,75,75,75,75,75],"card_choices":[{"not_picked":["Rebound","Consume"],"picked":"Steam","floor":1},{"not_picked":["Coolheaded","Scrape"],"picked":"Redo","floor":3},{"not_picked":["Double Energy","BootSequence"],"picked":"Conserve Battery","floor":4},{"not_picked":["Go for the Eyes","Turbo"],"picked":"Beam Cell","floor":7},{"not_picked":["Auto Shields","Capacitor"],"picked":"Steam","floor":8},{"not_picked":["Steam Power","Go for the Eyes"],"picked":"Conserve Battery","floor":12},{"not_picked":["All For One","Meteor Strike"],"picked":"Thunder Strike","floor":16},{"not_picked":["Sunder+1","Skim"],"picked":"Cold Snap","floor":18},{"not_picked":["Lockon","Sweeping Beam"],"picked":"Hologram+1","floor":20},{"not_picked":["Reinforced Body+1","Beam Cell"],"picked":"Cold Snap","floor":22}],"player_experience":1318114,"relics_obtained":[{"floor":8,"key":"Turnip"},{"floor":9,"key":"Cables"}],"event_choices":[{"damage_healed":0,"gold_gain":175,"player_choice":"AGREE","damage_taken":0,"max_hp_gain":0,"max_hp_loss":0,"event_name":"Liars Game","floor":2,"gold_loss":0,"cards_obtained":["Doubt"]},{"cards_removed":["Strike_B"],"damage_healed":0,"gold_gain":0,"player_choice":"Card Removal","damage_taken":0,"max_hp_gain":0,"max_hp_loss":0,"event_name":"The Cleric","floor":5,"gold_loss":50},{"damage_healed":0,"gold_gain":0,"player_choice":"Searched \u00272\u0027 times","damage_taken":0,"relics_obtained":["Potion Belt"],"max_hp_gain":0,"max_hp_loss":0,"event_name":"Dead Adventurer","floor":11,"gold_loss":0},{"damage_healed":0,"gold_gain":0,"player_choice":"Rummage","damage_taken":0,"relics_obtained":["WarpedTongs"],"max_hp_gain":0,"max_hp_loss":0,"event_name":"Accursed Blacksmith","floor":14,"gold_loss":0,"cards_obtained":["Pain"]},{"damage_healed":0,"gold_gain":0,"player_choice":"Trade","damage_taken":0,"relics_obtained":["CultistMask"],"max_hp_gain":0,"max_hp_loss":0,"event_name":"FaceTrader","floor":19,"gold_loss":0},{"damage_healed":0,"gold_gain":0,"player_choice":"Obtained Relic","damage_taken":0,"relics_obtained":["Kunai"],"max_hp_gain":0,"max_hp_loss":0,"event_name":"Addict","floor":21,"gold_loss":85}],"is_beta":false,"boss_relics":[{"not_picked":["Empty Cage","Eternal Feather"],"picked":"Nuclear Battery"}],"items_purged_floors":[],"is_endless":false,"potions_floor_spawned":[3,8,12,18],"killed_by":"Slavers","ascension_level":6}