{"gold_per_floor":[109,120,120,120,85,109,109,130,130,155,155,189,269,23,23,142,142,162,162,87,110,25,25,25,39,109,109],"floor_reached":27,"playtime":900,"items_purged":[],"score":243,"play_id":"407b2a94-e0c7-45ed-b5dc-11eb5eeea876","local_time":"20181009000029","is_ascension_mode":true,"campfire_choices":[{"data":"Scrape","floor":7,"key":"SMITH"},{"data":"Hologram","floor":11,"key":"SMITH"},{"floor":15,"key":"REST"},{"data":"Creative AI","floor":23,"key":"SMITH"}],"neow_cost":"","seed_source_timestamp":35893576254664,"circlet_count":0,"master_deck":["Strike_B","Strike_B","Defend_B","Defend_B","Defend_B","Defend_B","Zap","Dualcast","Scrape+1","Steam","Go for the Eyes","Sweeping Beam","Hologram+1","Creative AI+1","Gash","Hologram","Hyperbeam","Gash","Steam","Leap","Streamline","Hologram+1"],"relics":["Cracked Core","Golden Idol","Pantograph","Sundial","Blue Candle","Regal Pillow","HandDrill","Sozu","Ancient Tea Set","Dodecahedron"],"potions_floor_usage":[10,12,13],"damage_taken":[{"damage":12,"enemies":"Small Slimes","floor":1,"turns":3},{"damage":4,"enemies":"Jaw Worm","floor":2,"turns":4},{"damage":1,"enemies":"2 Louse","floor":6,"turns":2},{"damage":3,"enemies":"Blue Slaver","floor":8,"turns":3},{"damage":12,"enemies":"3 Louse","floor":10,"turns":3},{"damage":16,"enemies":"Gremlin Nob","floor":12,"turns":4},{"damage":20,"enemies":"3 Sentries","floor":13,"turns":8},{"damage":36,"enemies":"Hexaghost","floor":16,"turns":8},{"damage":33,"enemies":"Chosen","floor":18,"turns":7},{"damage":0,"enemies":"Spheric Guardian","floor":21,"turns":3},{"damage":25,"enemies":"Shelled Parasite and Fungi","floor":25,"turns":6},{"damage":36,"enemies":"Sentry and Sphere","floor":27,"turns":5}],"seed_played":"-5220377704312514010","potions_obtained":[{"floor":6,"key":"Strength Potion"},{"floor":10,"key":"Fruit Juice"},{"floor":13,"key":"Fruit Juice"}],"is_trial":false,"path_per_floor":["M","M","?","?","?","M","R","M","T","M","R","E","?","$","R","B",null,"M","?","?","M","?","R","?","M","T"],"character_chosen":"DEFECT","items_purchased":["HandDrill","Hologram"],"campfire_rested":1,"item_purchase_floors":[14,14],"current_hp_per_floor":[63,59,41,38,56,55,55,52,52,45,45,29,14,14,54,43,85,52,52,52,52,52,52,52,27,27,0],"gold":109,"neow_bonus":"","is_prod":false,"is_daily":false,"chose_seed":false,"campfire_upgraded":3,"win_rate":0,"timestamp":1539057629,"path_taken":["M","M","?","?","?","M","R","?","T","M","R","E","?","$","R","BOSS","M","?","?","M","?","R","?","M","T","M"],"build_version":"2018-10-04","purchased_purges":0,"victory":false,"max_hp_per_floor":[75,75,75,75,75,75,75,75,75,80,80,80,85,85,85,85,85,85,85,85,85,85,85,85,85,85,85],"card_choices":[{"not_picked":["Coolheaded","Conserve Battery"],"picked":"Scrape","floor":1},{"not_picked":["Turbo","Streamline"],"picked":"Steam","floor":2},{"not_picked":["Stack","Hello World"],"picked":"Go for the Eyes","floor":6},{"not_picked":["Steam Power","Doom and Gloom"],"picked":"Sweeping Beam","floor":8},{"not_picked":["Conserve Battery","Genetic Algorithm"],"picked":"Hologram","floor":10},{"not_picked":["Gash","Turbo"],"picked":"Creative AI","floor":12},{"not_picked":["Sweeping Beam","Auto Shields"],"picked":"Gash","floor":13},{"not_picked":["Buffer","Multi-Cast"],"picked":"Hyperbeam","floor":16},{"not_picked":["Steam Power","Beam Cell"],"picked":"Gash","floor":18},{"not_picked":["Blizzard","Ball Lightning+1"],"picked":"Leap","floor":21},{"not_picked":["Static Discharge+1","Streamline"],"picked":"Hologram+1","floor":25}],"player_experience":322588,"relics_obtained":[{"floor":9,"key":"Sundial"},{"floor":12,"key":"Blue Candle"},{"floor":13,"key":"Regal Pillow"},{"floor":26,"key":"Dodecahedron"}],"event_choices":[{"event_name":"Golden Idol","player_choice":"Take Damage","floor":3,"damage_taken":0},{"event_name":"Scrap Ooze","player_choice":"success","floor":4,"damage_taken":3},{"event_name":"The Cleric","player_choice":"Healed","floor":5,"damage_taken":0},{"event_name":"Dead Adventurer","player_choice":"Searched \u00271\u0027 times","floor":13,"damage_taken":0},{"event_name":"Match and Keep!","player_choice":"1 cards matched","floor":19,"damage_taken":0},{"event_name":"Beggar","player_choice":"Gave Gold","floor":20,"damage_taken":0},{"event_name":"Addict","player_choice":"Obtained Relic","floor":22,"damage_taken":0},{"event_name":"Transmorgrifier","player_choice":"Transform","floor":24,"damage_taken":0}],"is_beta":true,"boss_relics":[{"not_picked":["Black Star","Lizard Tail"],"picked":"Sozu"}],"items_purged_floors":[],"is_endless":false,"potions_floor_spawned":[6,10,13],"killed_by":"Sentry and Sphere","ascension_level":3}