{"gold_per_floor":[119,139,139,64,81,81,81,114,114,131,150,150,164,176,176,280,280,291,306,306,306],"floor_reached":21,"playtime":1765,"items_purged":["Strike_R"],"score":183,"play_id":"d69a19cf-6287-4eb5-beb9-8ddfef87ee64","local_time":"20190103141223","is_ascension_mode":false,"campfire_choices":[{"data":"Seeing Red","floor":6.0,"key":"SMITH"},{"floor":12.0,"key":"REST"},{"floor":15.0,"key":"REST"}],"neow_cost":"NONE","seed_source_timestamp":0,"circlet_count":0,"master_deck":["Strike_R","Strike_R","Strike_R","Strike_R","Defend_R","Defend_R","Defend_R","Defend_R","Bash","Demon Form+1","Seeing Red+1","Dual Wield","Shrug It Off","Pummel+1","Heavy Blade+1","Twin Strike+1","Shrug It Off","Sword Boomerang+1","Reaper+1","Heavy Blade+1","Body Slam+1"],"special_seed":0,"relics":["Burning Blood","Molten Egg 2","Unceasing Top","Black Star","Enchiridion"],"potions_floor_usage":[21],"damage_taken":[{"damage":1.0,"enemies":"Cultist","floor":1.0,"turns":3.0},{"damage":17.0,"enemies":"2 Louse","floor":2.0,"turns":3.0},{"damage":1.0,"enemies":"Jaw Worm","floor":5.0,"turns":3.0},{"damage":45.0,"enemies":"Gremlin Nob","floor":8.0,"turns":5.0},{"damage":15.0,"enemies":"2 Fungi Beasts","floor":10.0,"turns":4.0},{"damage":9.0,"enemies":"Blue Slaver","floor":11.0,"turns":3.0},{"damage":6.0,"enemies":"3 Louse","floor":13.0,"turns":2.0},{"damage":5.0,"enemies":"Red Slaver","floor":14.0,"turns":2.0},{"damage":46.0,"enemies":"The Guardian","floor":16.0,"turns":7.0},{"damage":48,"enemies":"Shell Parasite","floor":18,"turns":7},{"damage":29,"enemies":"Chosen","floor":19,"turns":7},{"damage":12,"enemies":"Snake Plant","floor":21,"turns":3}],"seed_played":"-6469855091952808228","potions_obtained":[{"floor":1.0,"key":"Explosive Potion"},{"floor":10.0,"key":"Energy Potion"},{"floor":11.0,"key":"FearPotion"},{"floor":13.0,"key":"SteroidPotion"},{"floor":18,"key":"SpeedPotion"},{"floor":19,"key":"EssenceOfSteel"}],"is_trial":false,"path_per_floor":["M","M","?","$","M","R","?","E","T","M","M","R","M","M","R","B",null,"M","M","?","M"],"character_chosen":"IRONCLAD","items_purchased":[],"campfire_rested":2,"item_purchase_floors":[],"current_hp_per_floor":[80,69,69,69,74,74,74,35,35,26,23,47,47,48,72,32,80,46,28,12,0],"gold":306,"neow_bonus":"ONE_RANDOM_RARE_CARD","is_prod":false,"is_daily":false,"chose_seed":false,"campfire_upgraded":1,"win_rate":0.0,"timestamp":1546546343,"path_taken":["M","?","?","?","M","R","?","E","T","M","M","R","M","M","R","BOSS","M","M","?","M"],"build_version":"2018-12-20","purchased_purges":1,"victory":false,"max_hp_per_floor":[80,80,80,80,80,80,80,80,80,80,80,80,80,80,80,80,80,80,80,80,80],"card_choices":[{"not_picked":["Power Through","Iron Wave"],"picked":"Seeing Red","floor":1.0},{"not_picked":["Sever Soul","Headbutt"],"picked":"Dual Wield","floor":2.0},{"not_picked":["Reckless Charge","Burning Pact"],"picked":"Shrug It Off","floor":5.0},{"not_picked":["Armaments","True Grit"],"picked":"Pummel","floor":8.0},{"not_picked":["Fire Breathing","Battle Trance"],"picked":"Heavy Blade+1","floor":10.0},{"not_picked":["Perfected Strike+1","True Grit"],"picked":"Twin Strike+1","floor":11.0},{"not_picked":["Clash+1","Carnage+1"],"picked":"Shrug It Off","floor":13.0},{"not_picked":["Intimidate","Clash+1"],"picked":"Sword Boomerang+1","floor":14.0},{"not_picked":["Brutality","Fiend Fire+1"],"picked":"Reaper+1","floor":16.0},{"not_picked":["Battle Trance","Clash+1"],"picked":"Heavy Blade+1","floor":18},{"not_picked":["Clothesline+1","Twin Strike+1"],"picked":"Body Slam+1","floor":19}],"player_experience":11983,"relics_obtained":[{"floor":8.0,"key":"Molten Egg 2"},{"floor":9.0,"key":"Unceasing Top"},{"floor":20,"key":"Enchiridion"}],"event_choices":[{"damage_healed":0.0,"max_hp_gain":0.0,"max_hp_loss":0.0,"gold_gain":0.0,"event_name":"Liars Game","player_choice":"Ignored","floor":3.0,"gold_loss":0.0,"damage_taken":0.0},{"damage_healed":0.0,"max_hp_gain":0.0,"max_hp_loss":0.0,"gold_gain":0.0,"event_name":"Living Wall","player_choice":"Grow","floor":7.0,"gold_loss":0.0,"damage_taken":0.0,"cards_upgraded":["Demon Form"]},{"damage_healed":0,"gold_gain":0,"player_choice":"Obtained Book","damage_taken":16,"max_hp_gain":0,"max_hp_loss":0,"event_name":"Cursed Tome","floor":20,"gold_loss":0}],"is_beta":false,"boss_relics":[{"not_picked":["Runic Pyramid","Eternal Feather"],"picked":"Black Star"}],"items_purged_floors":[4],"is_endless":false,"potions_floor_spawned":[1,10,11,13,18,19],"killed_by":"Snake Plant","ascension_level":0}