{"gold_per_floor":[114,133,150,150,165,165,191,39,39,39,52,80,80,105,105,208,208,220,234,234,38,38,63,80,80,80,80,80,80,114,131,131,233,233,251,263,263,273,47,47,81,81,157,171,181,235,335,335,335,335,335,335,23,56,56],"floor_reached":55,"playtime":3624,"items_purged":["Meteor Strike"],"score":1386,"play_id":"4fe422b0-746d-4196-a785-eba7355b6ecd","local_time":"20190403203320","is_ascension_mode":true,"campfire_choices":[{"data":"Zap","floor":6,"key":"SMITH"},{"floor":10,"key":"REST"},{"floor":13,"key":"REST"},{"data":"Consume","floor":15,"key":"SMITH"},{"floor":25,"key":"REST"},{"floor":27,"key":"REST"},{"floor":29,"key":"REST"},{"floor":32,"key":"REST"},{"floor":40,"key":"RECALL"},{"floor":42,"key":"REST"},{"floor":49,"key":"REST"},{"floor":52,"key":"REST"}],"neow_cost":"NONE","seed_source_timestamp":1628289142076800,"circlet_count":0,"master_deck":["AscendersBane","Zap+1","Dualcast","Chill","Go for the Eyes","Leap","Doom and Gloom","Seek","Echo Form","BootSequence","Consume+1","Biased Cognition","Coolheaded","Genetic Algorithm","Ghostly","Ghostly","Ghostly","Ghostly","Ghostly","Loop","Defragment+1","Glacier","Defragment","Buffer","Ball Lightning","Cold Snap","Fission","Leap","Doom and Gloom","Leap","Defragment","Doom and Gloom","Loop"],"relics":["Cracked Core","NeowsBlessing","PreservedInsect","Happy Flower","Singing Bowl","Turnip","Fusion Hammer","Runic Capacitor","Omamori","Whetstone","Necronomicon","Ancient Tea Set","Pandora\u0027s Box","WarpedTongs","Potion Belt","Bag of Preparation","Gambling Chip","Medical Kit","Symbiotic Virus"],"potions_floor_usage":[16,55,55,55,55],"damage_taken":[{"damage":0,"enemies":"Cultist","floor":1,"turns":1},{"damage":0,"enemies":"Small Slimes","floor":2,"turns":1},{"damage":0,"enemies":"2 Louse","floor":3,"turns":1},{"damage":2,"enemies":"Looter","floor":5,"turns":4},{"damage":26,"enemies":"Lagavulin","floor":7,"turns":6},{"damage":11,"enemies":"2 Fungi Beasts","floor":11,"turns":4},{"damage":22,"enemies":"Gremlin Nob","floor":12,"turns":4},{"damage":5,"enemies":"Lagavulin","floor":14,"turns":7},{"damage":33,"enemies":"Slime Boss","floor":16,"turns":8},{"damage":15,"enemies":"3 Byrds","floor":18,"turns":5},{"damage":9,"enemies":"Shell Parasite","floor":19,"turns":4},{"damage":27,"enemies":"Slavers","floor":23,"turns":5},{"damage":0,"enemies":"Cultist and Chosen","floor":24,"turns":10},{"damage":12,"enemies":"Book of Stabbing","floor":30,"turns":6},{"damage":0,"enemies":"3 Cultists","floor":31,"turns":7},{"damage":0,"enemies":"Collector","floor":33,"turns":7},{"damage":11,"enemies":"3 Shapes","floor":35,"turns":14},{"damage":0,"enemies":"Orb Walker","floor":36,"turns":5},{"damage":0,"enemies":"Sphere and 2 Shapes","floor":38,"turns":3},{"damage":0,"enemies":"Giant Head","floor":41,"turns":11},{"damage":6,"enemies":"Transient","floor":44,"turns":5},{"damage":1,"enemies":"Maw","floor":45,"turns":8},{"damage":0,"enemies":"Mind Bloom Boss Battle","floor":47,"turns":11},{"damage":0,"enemies":"Awakened One","floor":50,"turns":10},{"damage":0,"enemies":"Shield and Spear","floor":54,"turns":6},{"damage":54,"enemies":"The Heart","floor":55,"turns":11}],"seed_played":"3333221423907493405","potions_obtained":[{"floor":1,"key":"Fire Potion"},{"floor":5,"key":"Energy Potion"},{"floor":7,"key":"Fire Potion"},{"floor":19,"key":"FearPotion"},{"floor":35,"key":"AttackPotion"},{"floor":45,"key":"Swift Potion"},{"floor":47,"key":"PowerPotion"}],"is_trial":false,"path_per_floor":["M","?","$","?","?","?","?","M","T","?","?"],"character_chosen":"DEFECT","items_purchased":["Echo Form","Runic Capacitor","Defragment","Doom and Gloom","Loop","FocusPotion","Medical Kit"],"campfire_rested":9,"item_purchase_floors":[8,21,39,39,53,53,53],"current_hp_per_floor":[68,68,68,68,66,66,40,40,40,62,51,29,51,48,48,15,62,47,38,38,38,38,11,11,22,22,33,17,28,16,16,27,27,35,26,28,28,30,30,30,32,45,45,41,42,42,44,44,52,52,52,52,52,54,0],"gold":56,"neow_bonus":"THREE_ENEMY_KILL","is_prod":false,"is_daily":false,"chose_seed":false,"campfire_upgraded":2,"win_rate":0,"timestamp":1554338000,"path_taken":["M","?","M","?","M","R","E","?","T","R","M","E","R","E","R","BOSS","M","M","?","$","?","E","M","R","T","R","?","R","E","M","R","BOSS","M","M","?","?","$","R","E","R","T","M","M","?","?","?","R","BOSS","R","$","E","BOSS"],"build_version":"2019-01-23","purchased_purges":1,"victory":false,"max_hp_per_floor":[75,75,75,75,75,75,75,75,75,75,75,75,75,77,77,77,77,77,77,38,38,38,38,38,38,38,38,38,38,38,38,38,38,38,40,42,42,44,44,44,46,46,46,48,50,50,52,52,52,52,52,52,52,54,54],"card_choices":[{"not_picked":["Fusion","Beam Cell"],"picked":"Chill","floor":1},{"not_picked":["Chill","Turbo"],"picked":"Go for the Eyes","floor":2},{"not_picked":["Hologram","Redo"],"picked":"Leap","floor":3},{"not_picked":["Stack","Recycle"],"picked":"Doom and Gloom","floor":5},{"not_picked":["Barrage","Conserve Battery"],"picked":"Seek","floor":7},{"not_picked":["Redo","Chaos"],"picked":"BootSequence","floor":11},{"not_picked":["Heatsinks","BootSequence"],"picked":"Consume","floor":12},{"not_picked":["Go for the Eyes","Compile Driver","Tempest"],"picked":"Singing Bowl","floor":14},{"not_picked":["Seek","Buffer"],"picked":"Biased Cognition","floor":16},{"not_picked":["Hello World","Go for the Eyes+1"],"picked":"Coolheaded","floor":18},{"not_picked":["Turbo","Recycle"],"picked":"Genetic Algorithm","floor":19},{"not_picked":["Blizzard","Chill"],"picked":"Loop","floor":23},{"not_picked":["Cold Snap","FTL+1"],"picked":"Defragment+1","floor":24},{"not_picked":["White Noise","Go for the Eyes"],"picked":"Glacier","floor":30},{"not_picked":["Beam Cell","Glacier"],"picked":"Defragment","floor":31},{"not_picked":["Fission","Biased Cognition"],"picked":"Buffer","floor":33},{"not_picked":["Double Energy+1","Barrage+1","Steam"],"picked":"Singing Bowl","floor":35},{"not_picked":["Redo+1","Compile Driver","Darkness"],"picked":"Singing Bowl","floor":36},{"not_picked":["Barrage","Coolheaded+1","Redo"],"picked":"Singing Bowl","floor":38},{"not_picked":["Blizzard","Sunder","Storm"],"picked":"Singing Bowl","floor":41},{"not_picked":["FTL","Blizzard+1","Biased Cognition"],"picked":"Singing Bowl","floor":44},{"not_picked":["Ball Lightning","Go for the Eyes","Turbo"],"picked":"Singing Bowl","floor":45},{"not_picked":["Recycle","Turbo","Sweeping Beam"],"picked":"Singing Bowl","floor":47},{"not_picked":["Steam Power+1","Ball Lightning+1","Recycle"],"picked":"Singing Bowl","floor":54}],"player_experience":1437380,"relics_obtained":[{"floor":7,"key":"PreservedInsect"},{"floor":9,"key":"Happy Flower"},{"floor":12,"key":"Singing Bowl"},{"floor":14,"key":"Turnip"},{"floor":23,"key":"Omamori"},{"floor":26,"key":"Whetstone"},{"floor":28,"key":"Necronomicon"},{"floor":30,"key":"Ancient Tea Set"},{"floor":41,"key":"Potion Belt"},{"floor":46,"key":"Bag of Preparation"},{"floor":47,"key":"Gambling Chip"},{"floor":54,"key":"Symbiotic Virus"}],"event_choices":[{"cards_removed":["Strike_B"],"damage_healed":0,"gold_gain":0,"player_choice":"Offered Basic","damage_taken":0,"max_hp_gain":0,"max_hp_loss":0,"event_name":"Bonfire Elementals","floor":4,"gold_loss":0},{"damage_healed":0,"gold_gain":0,"player_choice":"Became a Ghost","damage_taken":0,"max_hp_gain":0,"max_hp_loss":39,"event_name":"Ghosts","floor":20,"gold_loss":0,"cards_obtained":["Ghostly","Ghostly","Ghostly","Ghostly","Ghostly"]},{"damage_healed":0,"gold_gain":0,"player_choice":"Ignored","damage_taken":0,"max_hp_gain":0,"max_hp_loss":0,"event_name":"Beggar","floor":22,"gold_loss":0},{"damage_healed":0,"gold_gain":0,"player_choice":"Obtained Book","damage_taken":16,"max_hp_gain":0,"max_hp_loss":0,"event_name":"Cursed Tome","floor":28,"gold_loss":0},{"damage_healed":0,"gold_gain":0,"player_choice":"Rummage","damage_taken":0,"relics_obtained":["WarpedTongs"],"max_hp_gain":0,"max_hp_loss":0,"event_name":"Accursed Blacksmith","floor":37,"gold_loss":0,"cards_obtained":["Pain"]},{"damage_healed":0,"gold_gain":0,"player_choice":"Fight","damage_taken":0,"max_hp_gain":0,"max_hp_loss":0,"event_name":"MindBloom","floor":47,"gold_loss":0},{"damage_healed":0,"gold_gain":0,"player_choice":"Ignored","damage_taken":0,"max_hp_gain":0,"max_hp_loss":0,"event_name":"Tomb of Lord Red Mask","floor":48,"gold_loss":0}],"is_beta":false,"boss_relics":[{"not_picked":["Runic Pyramid","Calling Bell"],"picked":"Fusion Hammer"},{"not_picked":["Black Star","Inserter"],"picked":"Pandora\u0027s Box"}],"items_purged_floors":[39],"is_endless":false,"potions_floor_spawned":[1,5,7,12,19,24,30,31,35,45,47,54],"killed_by":"The Heart","ascension_level":11}