{"gold_per_floor":[366,3,13,13,88,88,105,115,115,148,164,164,27,27,27,129,129,146,46,65,65,75,75,89,106,106,106,106,116,116,36,36,133,133,145,145,155,167,97,97,97,97,97,127,127,137,164,187,187,187],"floor_reached":50,"playtime":1928,"items_purged":["Strike_G","Strike_G"],"score":899,"play_id":"1b04fc54-f29b-40ea-a414-c4a1e9180105","local_time":"20190214005002","is_ascension_mode":true,"campfire_choices":[{"data":"Footwork","floor":6.0,"key":"SMITH"},{"data":"Caltrops","floor":12.0,"key":"SMITH"},{"data":"Bane","floor":15.0,"key":"SMITH"},{"data":"Glass Knife","floor":23.0,"key":"SMITH"},{"data":"Dash","floor":27.0,"key":"SMITH"},{"floor":30.0,"key":"REST"},{"data":"Footwork","floor":32.0,"key":"SMITH"},{"data":"Noxious Fumes","floor":40.0,"key":"SMITH"},{"data":"Neutralize","floor":42.0,"key":"SMITH"},{"floor":49.0,"key":"RECALL"}],"neow_cost":"TEN_PERCENT_HP_LOSS","seed_source_timestamp":971803715704378,"circlet_count":0,"master_deck":["AscendersBane","Defend_G","Defend_G","Defend_G","Defend_G","Defend_G+1","Strike_G+1","Strike_G","Survivor","Neutralize+1","Dash+1","Footwork+1","Dagger Spray","Caltrops+1","Dodge and Roll","Adrenaline+1","Bane+1","PiercingWail+1","Impatience+1","Parasite","Glass Knife+1","Crippling Poison+1","Deadly Poison+1","PiercingWail+1","Venomology+1","Footwork+1","Corpse Explosion+1","Prepared+1","Bouncing Flask+1","Noxious Fumes+1","Parasite","Blur+1","Doubt","Dodge and Roll+1","Parasite"],"special_seed":0,"relics":["Ring of the Snake","TwistedFunnel","Toxic Egg 2","PreservedInsect","Cursed Key","Pear","Coffee Dripper","Spirit Poop","Vajra","Potion Belt","Centennial Puzzle"],"potions_floor_usage":[],"damage_taken":[{"damage":5.0,"enemies":"Small Slimes","floor":1.0,"turns":5.0},{"damage":0.0,"enemies":"Jaw Worm","floor":3.0,"turns":4.0},{"damage":0.0,"enemies":"2 Louse","floor":7.0,"turns":2.0},{"damage":0.0,"enemies":"Exordium Wildlife","floor":8.0,"turns":6.0},{"damage":23.0,"enemies":"Lagavulin","floor":10.0,"turns":7.0},{"damage":0.0,"enemies":"2 Fungi Beasts","floor":11.0,"turns":3.0},{"damage":22.0,"enemies":"Hexaghost","floor":16.0,"turns":15.0},{"damage":22.0,"enemies":"Spheric Guardian","floor":18.0,"turns":4.0},{"damage":0.0,"enemies":"3 Byrds","floor":20.0,"turns":3.0},{"damage":0.0,"enemies":"Centurion and Healer","floor":22.0,"turns":7.0},{"damage":5.0,"enemies":"Snecko","floor":24.0,"turns":5.0},{"damage":6.0,"enemies":"Snake Plant","floor":25.0,"turns":2.0},{"damage":0.0,"enemies":"Shelled Parasite and Fungi","floor":29.0,"turns":5.0},{"damage":22.0,"enemies":"Collector","floor":33.0,"turns":9.0},{"damage":10.0,"enemies":"3 Shapes","floor":35.0,"turns":2.0},{"damage":2.0,"enemies":"Orb Walker","floor":37.0,"turns":3.0},{"damage":0.0,"enemies":"Writhing Mass","floor":38.0,"turns":5.0},{"damage":13.0,"enemies":"Giant Head","floor":44.0,"turns":7.0},{"damage":11.0,"enemies":"Maw","floor":46.0,"turns":7.0},{"damage":34.0,"enemies":"Nemesis","floor":47.0,"turns":8.0},{"damage":37,"enemies":"Awakened One","floor":50,"turns":3}],"seed_played":"3085844923805140030","potions_obtained":[{"floor":1.0,"key":"Dexterity Potion"},{"floor":3.0,"key":"Block Potion"},{"floor":16.0,"key":"SpeedPotion"},{"floor":22.0,"key":"Explosive Potion"},{"floor":24.0,"key":"GamblersBrew"},{"floor":25.0,"key":"EssenceOfSteel"},{"floor":35.0,"key":"Swift Potion"},{"floor":47.0,"key":"Explosive Potion"}],"is_trial":false,"path_per_floor":["M","$","M","?","?","R","M","M","T","E","M","R","$","?","R","B",null,"M","$","M","?","M","R","M","M","T","R","?","M","R","$","R","B",null,"M","?","M","M","$","R","?","R","T","E","?","M","E","T","R","B"],"character_chosen":"THE_SILENT","items_purchased":["Footwork","TwistedFunnel","PiercingWail+1","Impatience+1","Footwork","Noxious Fumes"],"campfire_rested":1,"item_purchase_floors":[2,2,13,13,31,39],"current_hp_per_floor":[58,58,58,45,34,34,34,34,34,11,11,11,11,26,26,4,48,26,26,26,26,26,26,21,15,25,25,12,12,35,35,35,13,62,52,52,50,50,50,50,50,50,50,37,74,63,29,29,29,0],"gold":187,"neow_bonus":"TWO_FIFTY_GOLD","is_prod":false,"is_daily":false,"chose_seed":false,"campfire_upgraded":8,"win_rate":0,"timestamp":1550134202,"path_taken":["M","$","M","?","?","R","M","M","T","E","M","R","$","?","R","BOSS","M","$","M","?","M","R","M","M","T","R","?","M","R","?","R","BOSS","M","?","M","?","$","R","?","R","T","E","?","M","E","?","R","BOSS"],"build_version":"2019-01-23","purchased_purges":2,"victory":false,"max_hp_per_floor":[63,63,63,63,63,63,63,63,63,63,63,63,63,63,63,63,63,63,63,63,63,63,63,63,63,73,73,78,78,78,78,78,78,78,78,78,78,78,78,78,74,74,74,74,74,74,74,74,74,74],"card_choices":[{"not_picked":["All Out Attack","Blade Dance"],"picked":"Dash","floor":1.0},{"not_picked":["Choke","Slice"],"picked":"Dagger Spray","floor":3.0},{"not_picked":["Tactician","All Out Attack"],"picked":"Caltrops","floor":7.0},{"not_picked":["Outmaneuver","Dash"],"picked":"Dodge and Roll","floor":8.0},{"not_picked":["Cloak And Dagger+1","Dagger Spray"],"picked":"Adrenaline+1","floor":10.0},{"not_picked":["Backflip+1","Sucker Punch"],"picked":"Bane","floor":11.0},{"not_picked":["After Image","Phantasmal Killer+1"],"picked":"Glass Knife","floor":16.0},{"not_picked":["Slice","Bane+1","Dagger Throw"],"picked":"SKIP","floor":18.0},{"not_picked":["Quick Slash","Eviscerate"],"picked":"Crippling Poison+1","floor":20.0},{"not_picked":["Outmaneuver+1","Sucker Punch","Quick Slash"],"picked":"SKIP","floor":22.0},{"not_picked":["Escape Plan+1","Cloak And Dagger+1"],"picked":"Deadly Poison+1","floor":24.0},{"not_picked":["Flying Knee","Sucker Punch"],"picked":"PiercingWail+1","floor":25.0},{"not_picked":["Underhanded Strike+1","Prepared+1"],"picked":"Venomology+1","floor":29.0},{"not_picked":["Adrenaline+1","A Thousand Cuts"],"picked":"Corpse Explosion+1","floor":33.0},{"not_picked":["Flying Knee+1","Dodge and Roll+1"],"picked":"Prepared+1","floor":35.0},{"not_picked":["Predator","Acrobatics+1"],"picked":"Bouncing Flask+1","floor":37.0},{"not_picked":["Accuracy","Tactician+1","Sucker Punch"],"picked":"SKIP","floor":38.0},{"not_picked":["Deflect+1","All Out Attack"],"picked":"Blur+1","floor":44.0},{"not_picked":["Prepared+1","Dagger Throw+1","Bullet Time+1"],"picked":"SKIP","floor":46.0},{"not_picked":["Poisoned Stab","Bouncing Flask+1"],"picked":"Dodge and Roll+1","floor":47.0}],"player_experience":397940,"relics_obtained":[{"floor":9.0,"key":"Toxic Egg 2"},{"floor":10.0,"key":"PreservedInsect"},{"floor":26.0,"key":"Pear"},{"floor":44.0,"key":"Vajra"},{"floor":47.0,"key":"Potion Belt"},{"floor":48.0,"key":"Centennial Puzzle"}],"event_choices":[{"damage_healed":0.0,"max_hp_gain":0.0,"max_hp_loss":0.0,"gold_gain":0.0,"event_name":"Shining Light","player_choice":"Entered Light","floor":4.0,"gold_loss":0.0,"damage_taken":13.0,"cards_upgraded":["Defend_G","Strike_G"]},{"damage_healed":0.0,"max_hp_gain":0.0,"max_hp_loss":0.0,"gold_gain":75.0,"event_name":"World of Goop","player_choice":"Gather Gold","floor":5.0,"gold_loss":0.0,"damage_taken":11.0},{"damage_healed":15.0,"max_hp_gain":0.0,"max_hp_loss":0.0,"gold_gain":0.0,"event_name":"Mushrooms","player_choice":"Healed and dodged fight","floor":14.0,"gold_loss":0.0,"damage_taken":0.0,"cards_obtained":["Parasite"]},{"cards_removed":["Strike_G"],"damage_healed":0.0,"max_hp_gain":0.0,"max_hp_loss":0.0,"gold_gain":0.0,"event_name":"Back to Basics","player_choice":"Elegance","floor":21.0,"gold_loss":0.0,"damage_taken":0.0},{"damage_healed":0.0,"max_hp_gain":5.0,"max_hp_loss":0.0,"gold_gain":0.0,"event_name":"Forgotten Altar","player_choice":"Shed Blood","floor":28.0,"gold_loss":0.0,"damage_taken":18.0},{"cards_removed":["Injury"],"damage_healed":0.0,"max_hp_gain":0.0,"max_hp_loss":0.0,"gold_gain":0.0,"event_name":"Bonfire Elementals","player_choice":"Offered Curse","floor":36.0,"gold_loss":0.0,"damage_taken":0.0,"relics_obtained":["Spirit Poop"]},{"damage_healed":0.0,"max_hp_gain":0.0,"max_hp_loss":4.0,"gold_gain":0.0,"event_name":"Winding Halls","player_choice":"Max HP","floor":41.0,"gold_loss":0.0,"damage_taken":0.0},{"damage_healed":37.0,"max_hp_gain":0.0,"max_hp_loss":0.0,"gold_gain":0.0,"event_name":"MindBloom","player_choice":"Heal","floor":45.0,"gold_loss":0.0,"damage_taken":0.0,"cards_obtained":["Doubt"]}],"is_beta":false,"boss_relics":[{"not_picked":["White Beast Statue","Lizard Tail"],"picked":"Cursed Key"},{"not_picked":["Busted Crown","Calling Bell"],"picked":"Coffee Dripper"}],"items_purged_floors":[2,19],"is_endless":false,"potions_floor_spawned":[1,3,16,20,22,24,25,35,37,47],"killed_by":"Awakened One","ascension_level":11}