{"gold_per_floor":[117,117,117,117,140,140,183,183,236,261,4,4,18,34,34,157,157,133,153,153],"floor_reached":20,"playtime":862,"items_purged":["Regret"],"score":183,"play_id":"4e77b63d-f8fb-4f68-872f-154a5de39a0a","local_time":"20180925223519","is_ascension_mode":true,"campfire_choices":[{"data":"Terror","floor":6,"key":"SMITH"},{"floor":15,"key":"REST"}],"neow_cost":"NONE","seed_source_timestamp":48543912174983,"circlet_count":0,"master_deck":["Defend_G","Defend_G","Defend_G","Defend_G","Defend_G","Strike_G","Strike_G","Strike_G","Strike_G","Strike_G","Survivor","Neutralize+1","Outmaneuver","Crippling Poison","Terror+1","Malaise","Well Laid Plans+1","Crippling Poison","Escape Plan","After Image","Calculated Gamble+1","Catalyst"],"relics":["Ring of the Snake","Nunchaku","Ancient Tea Set","Golden Idol","Anchor","Tiny Chest","Regal Pillow","WristBlade"],"potions_floor_usage":[7,7,16,20],"damage_taken":[{"damage":8,"enemies":"Jaw Worm","floor":1,"turns":7},{"damage":0,"enemies":"2 Louse","floor":5,"turns":3},{"damage":13,"enemies":"Lagavulin","floor":7,"turns":5},{"damage":2,"enemies":"Cultist","floor":10,"turns":4},{"damage":0,"enemies":"Large Slime","floor":13,"turns":7},{"damage":0,"enemies":"Blue Slaver","floor":14,"turns":3},{"damage":14,"enemies":"Hexaghost","floor":16,"turns":15},{"damage":15,"enemies":"2 Thieves","floor":18,"turns":5},{"damage":0,"enemies":"Chosen","floor":19,"turns":7},{"damage":2,"enemies":"Centurion and Healer","floor":20,"turns":4}],"seed_played":"-1662450021902352726","potions_obtained":[{"floor":1,"key":"Poison Potion"},{"floor":5,"key":"Strength Potion"},{"floor":10,"key":"EssenceOfSteel"},{"floor":14,"key":"SteroidPotion"}],"is_trial":false,"path_per_floor":["M","?","?","?","M","R","E","?","T","M","$","?","M","M","R","B",null,"M","M"],"character_chosen":"THE_SILENT","items_purchased":["Regal Pillow","Well Laid Plans"],"campfire_rested":1,"item_purchase_floors":[11,11],"current_hp_per_floor":[62,37,37,37,37,37,24,24,24,22,22,9,9,9,43,29,65,50,50,48],"gold":153,"neow_bonus":"THREE_CARDS","is_prod":false,"is_daily":false,"chose_seed":false,"campfire_upgraded":1,"win_rate":0,"timestamp":1537929319,"path_taken":["M","?","?","?","M","R","E","?","T","?","?","?","?","M","R","BOSS","M","?","M"],"build_version":"2018-09-24","purchased_purges":1,"victory":false,"max_hp_per_floor":[70,70,70,65,65,65,65,65,65,65,65,65,65,65,65,65,65,65,65,65],"card_choices":[{"not_picked":["Predator","Dodge and Roll"],"picked":"Outmaneuver","floor":0},{"not_picked":["Infinite Blades","Flying Knee"],"picked":"Crippling Poison","floor":1},{"not_picked":["Dodge and Roll","Flying Knee"],"picked":"Terror","floor":5},{"not_picked":["Outmaneuver","Underhanded Strike","Bane"],"picked":"SKIP","floor":7},{"not_picked":["Underhanded Strike","Prepared"],"picked":"Malaise","floor":10},{"not_picked":["Prepared","Underhanded Strike"],"picked":"Crippling Poison","floor":13},{"not_picked":["All Out Attack","Accuracy"],"picked":"Escape Plan","floor":14},{"not_picked":["Grand Finale","Glass Knife"],"picked":"After Image","floor":16},{"not_picked":["Crippling Poison+1","Flying Knee"],"picked":"Calculated Gamble+1","floor":18},{"not_picked":["Dagger Throw","Leg Sweep"],"picked":"Catalyst","floor":19}],"player_experience":287493,"relics_obtained":[{"floor":7,"key":"Anchor"},{"floor":9,"key":"Tiny Chest"}],"event_choices":[{"event_name":"Scrap Ooze","player_choice":"success","floor":2,"damage_taken":25},{"event_name":"Big Fish","player_choice":"Box","floor":3,"damage_taken":0},{"event_name":"Golden Idol","player_choice":"Lose Max HP","floor":4,"damage_taken":0},{"event_name":"Golden Wing","player_choice":"Ignored","floor":8,"damage_taken":0},{"event_name":"Shining Light","player_choice":"Entered Light","floor":12,"damage_taken":0}],"is_beta":true,"boss_relics":[{"not_picked":["Tiny House","Pandora\u0027s Box"],"picked":"WristBlade"}],"items_purged_floors":[11],"is_endless":false,"potions_floor_spawned":[1,5,10,14],"killed_by":"Centurion and Healer","ascension_level":1}