{"gold_per_floor":[115,115,133,152,152,152,168,243,325,337,337,354,354,383,383,483,483,496,508,534,548,548,581,581,581,650,677,702,716,716,726,726,726],"floor_reached":33,"playtime":938,"items_purged":[],"score":402,"play_id":"a7c9a53f-e280-48fe-b84c-b18ac79495d2","local_time":"20181030142336","is_ascension_mode":true,"campfire_choices":[{"floor":6,"key":"REST"},{"floor":13,"key":"REST"},{"data":"Sword Boomerang","floor":15,"key":"SMITH"},{"floor":25,"key":"REST"},{"floor":32,"key":"REST"}],"neow_cost":"CURSE","seed_source_timestamp":1715781885213957,"circlet_count":0,"master_deck":["Strike_R","Strike_R","Strike_R","Strike_R","Strike_R","Defend_R","Defend_R","Defend_R","Defend_R","Bash","Injury","Uppercut","Carnage","Iron Wave","Sword Boomerang+1","Twin Strike","Perfected Strike","Ghostly Armor","Limit Break","Shockwave","Body Slam","Wild Strike","Iron Wave","Sword Boomerang","Pommel Strike+1","Shame","Pommel Strike+1"],"relics":["Burning Blood","Du-Vu Doll","Lantern","Mercury Hourglass","Calipers","Sozu","Bronze Scales","Gambling Chip","Kunai","Vajra","Ornamental Fan","Champion Belt"],"potions_floor_usage":[12,14,16,16],"damage_taken":[{"damage":2,"enemies":"Small Slimes","floor":1,"turns":3},{"damage":1,"enemies":"Cultist","floor":3,"turns":3},{"damage":9,"enemies":"2 Louse","floor":4,"turns":2},{"damage":4,"enemies":"Exordium Wildlife","floor":7,"turns":4},{"damage":17,"enemies":"Lots of Slimes","floor":10,"turns":3},{"damage":0,"enemies":"3 Louse","floor":12,"turns":2},{"damage":5,"enemies":"3 Sentries","floor":14,"turns":5},{"damage":18,"enemies":"Slime Boss","floor":16,"turns":6},{"damage":13,"enemies":"3 Byrds","floor":18,"turns":4},{"damage":15,"enemies":"2 Thieves","floor":19,"turns":3},{"damage":28,"enemies":"Shelled Parasite and Fungi","floor":21,"turns":4},{"damage":19,"enemies":"Gremlin Leader","floor":23,"turns":4},{"damage":39,"enemies":"Book of Stabbing","floor":28,"turns":5},{"damage":5,"enemies":"Centurion and Healer","floor":29,"turns":3},{"damage":12,"enemies":"Snake Plant","floor":31,"turns":3},{"damage":68,"enemies":"Champ","floor":33,"turns":6}],"seed_played":"-6856283760737713940","potions_obtained":[{"floor":1,"key":"SteroidPotion"},{"floor":5,"key":"Block Potion"},{"floor":5,"key":"FairyPotion"},{"floor":5,"key":"PowerPotion"},{"floor":12,"key":"Block Potion"},{"floor":14,"key":"Fruit Juice"}],"is_trial":false,"path_per_floor":["M","?","M","M","?","R","M","?","T","M","?","M","R","E","R","B",null,"M","M","T","M","?","E","?","R","T","T","E","M","?","M","R"],"character_chosen":"IRONCLAD","items_purchased":[],"campfire_rested":4,"item_purchase_floors":[],"current_hp_per_floor":[76,43,48,45,45,69,71,60,60,49,49,55,79,80,80,73,82,75,66,66,44,44,31,31,56,56,56,23,24,24,18,43,0],"gold":726,"neow_bonus":"ONE_RARE_RELIC","is_prod":false,"is_daily":false,"chose_seed":false,"campfire_upgraded":1,"win_rate":0,"timestamp":1540931016,"path_taken":["M","?","?","M","?","R","M","?","T","M","?","M","R","E","R","BOSS","M","M","?","M","?","E","?","R","T","?","E","M","?","M","R","BOSS"],"build_version":"2018-10-25v2","purchased_purges":0,"victory":false,"max_hp_per_floor":[80,80,80,80,80,80,80,80,80,80,80,80,80,80,80,85,85,85,85,85,85,85,85,85,85,85,85,85,85,85,85,85,85],"card_choices":[{"not_picked":["Clash","Flex"],"picked":"Uppercut","floor":1},{"not_picked":["Intimidate","Thunderclap"],"picked":"Carnage","floor":3},{"not_picked":["Carnage","Metallicize"],"picked":"Iron Wave","floor":4},{"not_picked":["Sentinel","Seeing Red"],"picked":"Sword Boomerang","floor":7},{"not_picked":["Cleave","Flex"],"picked":"Twin Strike","floor":10},{"not_picked":["Clash","Corruption"],"picked":"Perfected Strike","floor":12},{"not_picked":["Juggernaut","Body Slam"],"picked":"Ghostly Armor","floor":14},{"not_picked":["Feed","Immolate"],"picked":"Limit Break","floor":16},{"not_picked":["Dual Wield","Sentinel"],"picked":"Shockwave","floor":18},{"not_picked":["Rampage","Carnage+1"],"picked":"Body Slam","floor":19},{"not_picked":["True Grit","Thunderclap+1"],"picked":"Wild Strike","floor":21},{"not_picked":["Entrench","Brutality"],"picked":"Iron Wave","floor":23},{"not_picked":["Burning Pact","Fiend Fire"],"picked":"Sword Boomerang","floor":28},{"not_picked":["Searing Blow","Clothesline+1"],"picked":"Pommel Strike+1","floor":29},{"not_picked":["Battle Trance+1","Feel No Pain+1"],"picked":"Pommel Strike+1","floor":31}],"player_experience":21121,"relics_obtained":[{"floor":9,"key":"Mercury Hourglass"},{"floor":14,"key":"Calipers"},{"floor":20,"key":"Bronze Scales"},{"floor":23,"key":"Gambling Chip"},{"floor":26,"key":"Kunai"},{"floor":27,"key":"Vajra"},{"floor":28,"key":"Ornamental Fan"}],"event_choices":[{"damage_healed":0,"gold_gain":0,"player_choice":"Success","damage_taken":33,"relics_obtained":["Lantern"],"max_hp_gain":0,"max_hp_loss":0,"event_name":"Scrap Ooze","floor":2,"gold_loss":0},{"damage_healed":0,"gold_gain":0,"player_choice":"Got Potions","damage_taken":0,"max_hp_gain":0,"max_hp_loss":0,"event_name":"The Lab","floor":5,"gold_loss":0},{"damage_healed":0,"gold_gain":75,"player_choice":"Gather Gold","damage_taken":11,"max_hp_gain":0,"max_hp_loss":0,"event_name":"World of Goop","floor":8,"gold_loss":0},{"damage_healed":0,"gold_gain":0,"player_choice":"Ignored","damage_taken":0,"max_hp_gain":0,"max_hp_loss":0,"event_name":"Fountain of Cleansing","floor":11,"gold_loss":0},{"damage_healed":0,"gold_gain":0,"player_choice":"Ignored","damage_taken":0,"max_hp_gain":0,"max_hp_loss":0,"event_name":"Beggar","floor":22,"gold_loss":0},{"damage_healed":0,"gold_gain":0,"player_choice":"Ignored","damage_taken":0,"max_hp_gain":0,"max_hp_loss":0,"event_name":"Ghosts","floor":24,"gold_loss":0},{"damage_healed":0,"gold_gain":0,"player_choice":"Stole Relic","damage_taken":0,"relics_obtained":["Champion Belt"],"max_hp_gain":0,"max_hp_loss":0,"event_name":"Addict","floor":30,"gold_loss":0,"cards_obtained":["Shame"]}],"is_beta":false,"boss_relics":[{"not_picked":["Busted Crown","Velvet Choker"],"picked":"Sozu"}],"items_purged_floors":[],"is_endless":false,"potions_floor_spawned":[1,12,14,19,23,28,29,31],"killed_by":"Champ","ascension_level":8}