{"gold_per_floor":[114,129,144,159,174,204,204,234,234,294,309,324,20,20,20,120,120,135,170,185,185,200,230,44,44,44,74,74,74,104,119,119,219,219,234,249,264,279,294,324,324,324],"floor_reached":42,"playtime":4804,"items_purged":[],"score":639,"play_id":"c3bb1f95-982c-4ddc-abc6-7880066d7438","local_time":"20190208164249","daily_mods":["SealedDeck","Colorless Cards","Elite Swarm"],"is_ascension_mode":false,"campfire_choices":[{"floor":7.0,"key":"REST"},{"floor":15.0,"key":"REST"},{"floor":25.0,"key":"REST"},{"floor":28.0,"key":"REST"},{"floor":32.0,"key":"REST"}],"neow_cost":"","seed_source_timestamp":0,"circlet_count":0,"master_deck":["Quick Slash","Dagger Throw","Dagger Spray","Discovery","Cloak And Dagger","Dramatic Entrance","Cloak And Dagger","Flying Knee","Blade Dance","Endless Agony","Dodge and Roll","PiercingWail","Slice","Outmaneuver","Noxious Fumes","Venomology","Bullet Time","Transmutation","Discovery","Dash+1","Mind Blast+1","Dagger Spray","Backflip","The Bomb+1","Deflect+1","Deadly Poison","A Thousand Cuts","Expertise+1","Madness+1","Mind Blast","Shame","Crippling Poison+1","Sucker Punch","After Image","Dramatic Entrance","Noxious Fumes","Flying Knee","Doubt","Die Die Die","Deadly Poison","Sadistic Nature+1","Outmaneuver","Bane+1","Magnetism+1","Panacea+1","Outmaneuver+1","Outmaneuver+1","Catalyst","Poisoned Stab+1","Flying Knee","Parasite","Poisoned Stab","PiercingWail+1","Burst","Transmutation","Apotheosis"],"special_seed":17935,"relics":["Ring of the Snake","Mercury Hourglass","Prayer Wheel","Strawberry","Tiny Chest","Meat on the Bone","Cursed Key","Du-Vu Doll","Tingsha","Frozen Egg 2","Darkstone Periapt","Happy Flower","WristBlade","Blood Vial"],"potions_floor_usage":[40,40],"damage_taken":[{"damage":0.0,"enemies":"Small Slimes","floor":1.0,"turns":1.0},{"damage":0.0,"enemies":"2 Louse","floor":2.0,"turns":1.0},{"damage":0.0,"enemies":"Cultist","floor":3.0,"turns":2.0},{"damage":0.0,"enemies":"3 Louse","floor":4.0,"turns":1.0},{"damage":4.0,"enemies":"Exordium Thugs","floor":5.0,"turns":2.0},{"damage":20.0,"enemies":"Lagavulin","floor":6.0,"turns":3.0},{"damage":7.0,"enemies":"3 Sentries","floor":8.0,"turns":3.0},{"damage":12.0,"enemies":"Lagavulin","floor":10.0,"turns":4.0},{"damage":0.0,"enemies":"Large Slime","floor":11.0,"turns":3.0},{"damage":1.0,"enemies":"Blue Slaver","floor":12.0,"turns":2.0},{"damage":0.0,"enemies":"Slime Boss","floor":16.0,"turns":6.0},{"damage":15.0,"enemies":"2 Thieves","floor":18.0,"turns":3.0},{"damage":1.0,"enemies":"Spheric Guardian","floor":19.0,"turns":3.0},{"damage":0.0,"enemies":"Chosen and Byrds","floor":20.0,"turns":4.0},{"damage":22.0,"enemies":"Shelled Parasite and Fungi","floor":22.0,"turns":4.0},{"damage":11.0,"enemies":"Slavers","floor":23.0,"turns":2.0},{"damage":36.0,"enemies":"Gremlin Leader","floor":27.0,"turns":4.0},{"damage":29.0,"enemies":"Slavers","floor":30.0,"turns":3.0},{"damage":0.0,"enemies":"Snake Plant","floor":31.0,"turns":1.0},{"damage":30.0,"enemies":"Automaton","floor":33.0,"turns":5.0},{"damage":0,"enemies":"Orb Walker","floor":35,"turns":1},{"damage":6,"enemies":"3 Shapes","floor":36,"turns":1},{"damage":0,"enemies":"3 Darklings","floor":37,"turns":1},{"damage":19,"enemies":"Writhing Mass","floor":38,"turns":4},{"damage":16,"enemies":"Spire Growth","floor":39,"turns":2},{"damage":41,"enemies":"Giant Head","floor":40,"turns":6},{"damage":43,"enemies":"Nemesis","floor":42,"turns":2}],"seed_played":"-7219234753305552814","potions_obtained":[{"floor":1.0,"key":"Fire Potion"},{"floor":3.0,"key":"LiquidBronze"},{"floor":4.0,"key":"SkillPotion"},{"floor":10.0,"key":"AttackPotion"},{"floor":12.0,"key":"Regen Potion"},{"floor":16.0,"key":"AttackPotion"},{"floor":27.0,"key":"PowerPotion"},{"floor":31.0,"key":"SteroidPotion"},{"floor":33.0,"key":"SpeedPotion"},{"floor":35,"key":"Fire Potion"},{"floor":37,"key":"EssenceOfSteel"}],"is_trial":false,"path_per_floor":["M","M","M","M","M","E","R","E","T","E","M","M","$","?","R","B",null,"M","M","M","?","M","E","$","R","T","E","R","?","E","M","R","B",null,"M","M","M","M","M","E","?","E"],"character_chosen":"THE_SILENT","items_purchased":["Meat on the Bone","Backflip","Dramatic Entrance","Noxious Fumes","Flying Knee"],"campfire_rested":5,"item_purchase_floors":[13,13,24,24,24],"current_hp_per_floor":[70,70,70,70,66,46,67,60,67,55,55,54,54,39,62,77,77,69,68,68,68,46,47,47,70,70,46,69,69,40,40,63,45,77,77,71,71,58,42,13,13,0],"gold":324,"neow_bonus":"","is_prod":false,"is_daily":true,"chose_seed":false,"campfire_upgraded":0,"win_rate":0.0,"timestamp":1549644169,"path_taken":["M","M","M","M","M","E","R","E","T","E","M","M","$","?","R","BOSS","M","M","M","?","M","E","$","R","T","E","R","?","E","M","R","BOSS","M","M","M","M","M","E","?","E"],"build_version":"2019-01-23","purchased_purges":0,"victory":false,"max_hp_per_floor":[70,70,70,70,70,70,70,70,77,77,77,77,77,77,77,77,77,77,77,77,77,77,77,77,77,77,77,77,77,77,77,77,77,77,77,77,77,83,83,83,83,83],"card_choices":[{"not_picked":["Bane","Prepared"],"picked":"Dodge and Roll","floor":1.0},{"not_picked":["Acrobatics","Flying Knee"],"picked":"PiercingWail","floor":2.0},{"not_picked":["Setup","Prepared"],"picked":"Slice","floor":3.0},{"not_picked":["Poisoned Stab","Flying Knee"],"picked":"Outmaneuver","floor":4.0},{"not_picked":["Glass Knife","Infinite Blades"],"picked":"Noxious Fumes","floor":5.0},{"not_picked":["Master of Strategy","Violence"],"picked":"Venomology","floor":6.0},{"not_picked":["Transmutation","Thinking Ahead"],"picked":"Bullet Time","floor":8.0},{"not_picked":["Doppelganger","Master of Strategy"],"picked":"Transmutation","floor":10.0},{"not_picked":["Prepared","Cloak And Dagger"],"picked":"Discovery","floor":11.0},{"not_picked":["Outmaneuver","PanicButton"],"picked":"Dash","floor":11.0},{"not_picked":["Backflip","Deadly Poison"],"picked":"Mind Blast","floor":12.0},{"not_picked":["Choke","Heel Hook"],"picked":"Dagger Spray","floor":12.0},{"not_picked":["Storm of Steel","Transmutation"],"picked":"The Bomb","floor":16.0},{"not_picked":["Dagger Throw","Reflex"],"picked":"Deflect+1","floor":18.0},{"not_picked":["PiercingWail","Blur+1"],"picked":"Deadly Poison","floor":18.0},{"not_picked":["Deadly Poison","Dodge and Roll"],"picked":"A Thousand Cuts","floor":19.0},{"not_picked":["Dodge and Roll","Sucker Punch"],"picked":"Expertise+1","floor":19.0},{"not_picked":["Quick Slash+1","Flying Knee"],"picked":"Madness+1","floor":20.0},{"not_picked":["Quick Slash","Dagger Spray"],"picked":"Mind Blast","floor":20.0},{"not_picked":["Panacea+1","Purity"],"picked":"Crippling Poison+1","floor":22.0},{"not_picked":["Dagger Spray","Prepared"],"picked":"Sucker Punch","floor":22.0},{"not_picked":["Master of Strategy","Venomology"],"picked":"After Image","floor":23.0},{"not_picked":["Master of Strategy","Storm of Steel"],"picked":"Die Die Die","floor":27.0},{"not_picked":["Bullet Time","Secret Technique"],"picked":"Sadistic Nature+1","floor":30.0},{"not_picked":["Bane","Prepared"],"picked":"Outmaneuver","floor":31.0},{"not_picked":["Dagger Throw","Outmaneuver+1"],"picked":"Bane+1","floor":31.0},{"not_picked":["Adrenaline","Transmutation"],"picked":"Magnetism+1","floor":33.0},{"not_picked":["Acrobatics","Concentrate"],"picked":"Panacea+1","floor":35},{"not_picked":["Dagger Spray","Crippling Poison"],"picked":"Outmaneuver+1","floor":35},{"not_picked":["Acrobatics","Dagger Spray"],"picked":"Outmaneuver+1","floor":36},{"not_picked":["Sucker Punch+1","Blind"],"picked":"Catalyst","floor":36},{"not_picked":["Outmaneuver+1","Backflip"],"picked":"Poisoned Stab+1","floor":37},{"not_picked":["Leg Sweep","Distraction"],"picked":"Flying Knee","floor":37},{"not_picked":["Quick Slash+1","Blade Dance"],"picked":"Poisoned Stab","floor":38},{"not_picked":["Finesse","Blade Dance"],"picked":"PiercingWail+1","floor":38},{"not_picked":["Dodge and Roll+1","Outmaneuver"],"picked":"Burst","floor":39},{"not_picked":["Prepared+1","Deflect"],"picked":"Transmutation","floor":39},{"not_picked":["Transmutation","HandOfGreed"],"picked":"Apotheosis","floor":40}],"player_experience":164241,"relics_obtained":[{"floor":6.0,"key":"Mercury Hourglass"},{"floor":8.0,"key":"Prayer Wheel"},{"floor":9.0,"key":"Strawberry"},{"floor":10.0,"key":"Tiny Chest"},{"floor":23.0,"key":"Tingsha"},{"floor":26.0,"key":"Frozen Egg 2"},{"floor":27.0,"key":"Darkstone Periapt"},{"floor":30.0,"key":"Happy Flower"},{"floor":40,"key":"Blood Vial"}],"event_choices":[{"damage_healed":0.0,"max_hp_gain":0.0,"max_hp_loss":0.0,"gold_gain":0.0,"event_name":"Shining Light","player_choice":"Entered Light","floor":14.0,"gold_loss":0.0,"damage_taken":15.0,"cards_upgraded":["Mind Blast","Dash"]},{"damage_healed":0.0,"max_hp_gain":0.0,"max_hp_loss":0.0,"gold_gain":0.0,"event_name":"Addict","player_choice":"Stole Relic","floor":21.0,"gold_loss":0.0,"damage_taken":0.0,"relics_obtained":["Du-Vu Doll"],"cards_obtained":["Shame"]},{"damage_healed":0.0,"max_hp_gain":0.0,"max_hp_loss":0.0,"gold_gain":0.0,"event_name":"The Library","player_choice":"Read","floor":29.0,"gold_loss":0.0,"damage_taken":0.0,"cards_obtained":["Deadly Poison"]},{"damage_healed":0,"gold_gain":0,"player_choice":"Upgraded","damage_taken":0,"max_hp_gain":0,"max_hp_loss":0,"event_name":"Upgrade Shrine","floor":41,"gold_loss":0,"cards_upgraded":["The Bomb"]}],"is_beta":false,"boss_relics":[{"not_picked":["Empty Cage","Sozu"],"picked":"Cursed Key"},{"not_picked":["Eternal Feather","Astrolabe"],"picked":"WristBlade"}],"items_purged_floors":[],"is_endless":false,"potions_floor_spawned":[1,3,4,10,12,16,19,27,31,33,35,37],"killed_by":"Nemesis","ascension_level":0}