{"gold_per_floor":[117,117,130,130,142,167,10,85,133,168,184,184,199,199,199,300,300,312,94,9,9,24,24,0,26,53,53,69,69,88,13,13,13],"floor_reached":33,"playtime":1455,"items_purged":[],"score":273,"play_id":"e9901229-005d-4686-90cf-bc7d7d1d14e8","local_time":"20180828212550","is_ascension_mode":false,"campfire_choices":[{"data":"Limit Break","floor":15,"key":"SMITH"},{"floor":23,"key":"REST"},{"floor":27,"key":"REST"},{"floor":29,"key":"REST"},{"floor":32,"key":"REST"}],"neow_cost":"","seed_source_timestamp":0,"circlet_count":0,"master_deck":["Strike_R","Strike_R","Strike_R","Strike_R","Defend_R","Defend_R","Defend_R","Defend_R","Bash","Pommel Strike","Clothesline","Bludgeon","Cleave","Inflame","Armaments","Perfected Strike","Iron Wave","Sword Boomerang","Perfected Strike","Limit Break+1","Good Instincts","Barricade","Infernal Blade","Pummel","Ghostly Armor","Infernal Blade","Shrug It Off","Intimidate+1","Seeing Red+1","Armaments"],"relics":["Burning Blood","Juzu Bracelet","Bronze Scales","Centennial Puzzle","GremlinMask","Sozu","Frozen Egg 2","Potion Belt","Peace Pipe","Bag of Marbles"],"potions_floor_usage":[6,6,13,13,25],"damage_taken":[{"damage":5,"enemies":"2 Louse","floor":1,"turns":4},{"damage":4,"enemies":"Cultist","floor":3,"turns":4},{"damage":0,"enemies":"Small Slimes","floor":5,"turns":3},{"damage":6,"enemies":"Gremlin Nob","floor":6,"turns":4},{"damage":21,"enemies":"3 Sentries","floor":10,"turns":6},{"damage":3,"enemies":"3 Louse","floor":11,"turns":3},{"damage":6,"enemies":"Gremlin Gang","floor":13,"turns":2},{"damage":41,"enemies":"Hexaghost","floor":16,"turns":8},{"damage":26,"enemies":"Shell Parasite","floor":18,"turns":4},{"damage":35,"enemies":"Spheric Guardian","floor":22,"turns":6},{"damage":58,"enemies":"Slavers","floor":25,"turns":5},{"damage":35,"enemies":"Centurion and Healer","floor":28,"turns":6},{"damage":26,"enemies":"Cultist and Chosen","floor":30,"turns":5},{"damage":72,"enemies":"Automaton","floor":33,"turns":6}],"seed_played":"175246","potions_obtained":[{"floor":1,"key":"Block Potion"},{"floor":4,"key":"FairyPotion"},{"floor":4,"key":"EssenceOfSteel"},{"floor":6,"key":"SneckoOil"},{"floor":10,"key":"Strength Potion"},{"floor":16,"key":"Strength Potion"}],"is_trial":true,"path_per_floor":["M","?","M","?","M","E","$","?","T","E","M","?","M","?","R","B",null,"M","$","?","?","M","R","?","E","T","R","M","R","M","?","R"],"character_chosen":"IRONCLAD","items_purchased":["Inflame","Armaments","Perfected Strike","Pummel","Ghostly Armor","Infernal Blade"],"campfire_rested":4,"item_purchase_floors":[7,7,7,19,19,19],"current_hp_per_floor":[80,72,74,74,80,80,80,69,69,54,57,57,57,57,57,22,80,60,60,60,60,34,58,58,14,14,38,9,33,13,13,37,0],"gold":13,"neow_bonus":"","is_prod":false,"is_daily":false,"chose_seed":true,"campfire_upgraded":1,"win_rate":0,"timestamp":1535513150,"path_taken":["M","?","?","?","M","E","$","?","T","E","M","?","M","?","R","BOSS","M","$","?","?","M","R","?","E","T","R","M","R","M","?","R","BOSS"],"build_version":"2018-08-23v2","purchased_purges":0,"victory":false,"max_hp_per_floor":[80,80,80,80,80,80,80,80,80,80,80,80,80,80,80,80,80,80,80,80,80,83,83,83,83,83,83,83,83,83,83,83,83],"card_choices":[{"not_picked":["Feel No Pain","Cleave"],"picked":"Pommel Strike","floor":1},{"not_picked":["Headbutt","Corruption"],"picked":"Clothesline","floor":3},{"not_picked":["Heavy Blade","Havoc"],"picked":"Bludgeon","floor":5},{"not_picked":["Clash","Clothesline"],"picked":"Cleave","floor":6},{"not_picked":["Clash","Body Slam"],"picked":"Iron Wave","floor":10},{"not_picked":["Body Slam","Whirlwind"],"picked":"Sword Boomerang","floor":11},{"not_picked":["Sever Soul","Dropkick"],"picked":"Perfected Strike","floor":13},{"not_picked":["Feed","Immolate"],"picked":"Barricade","floor":16},{"not_picked":["Thunderclap","Corruption"],"picked":"Infernal Blade","floor":18},{"not_picked":["Thunderclap","Dual Wield"],"picked":"Shrug It Off","floor":22},{"not_picked":["Sword Boomerang","Burning Pact"],"picked":"Intimidate+1","floor":25},{"not_picked":["Shrug It Off","Iron Wave"],"picked":"Seeing Red+1","floor":28},{"not_picked":["True Grit","Body Slam"],"picked":"Armaments","floor":30}],"player_experience":376440,"relics_obtained":[{"floor":6,"key":"Juzu Bracelet"},{"floor":9,"key":"Bronze Scales"},{"floor":10,"key":"Centennial Puzzle"},{"floor":25,"key":"Peace Pipe"},{"floor":26,"key":"Bag of Marbles"}],"event_choices":[{"event_name":"Wheel of Change","player_choice":"Damage","floor":2,"damage_taken":0},{"event_name":"The Lab","player_choice":"Got Potions","floor":4,"damage_taken":0},{"event_name":"World of Goop","player_choice":"Gather Gold","floor":8,"damage_taken":0},{"event_name":"FaceTrader","player_choice":"Trade","floor":12,"damage_taken":0},{"event_name":"Match and Keep!","player_choice":"2 cards matched","floor":14,"damage_taken":0},{"event_name":"Addict","player_choice":"Obtained Relic","floor":20,"damage_taken":0},{"event_name":"The Mausoleum","player_choice":"Yes","floor":21,"damage_taken":0},{"event_name":"Masked Bandits","player_choice":"Paid Fearfully","floor":24,"damage_taken":0},{"event_name":"Beggar","player_choice":"Gave Gold","floor":31,"damage_taken":0}],"is_beta":false,"boss_relics":[{"not_picked":["Coffee Dripper","Runic Cube"],"picked":"Sozu"}],"items_purged_floors":[],"is_endless":false,"potions_floor_spawned":[1,6,10,16,18],"killed_by":"Automaton","ascension_level":0}