{"gold_per_floor":[113,127,102,121,138,171,190,222,273,273,31,41,54,69,69,169,169,188,18,29,29,4,31,31,31,104,131,131,158,177,202,202,202],"floor_reached":33,"playtime":3001,"items_purged":[],"score":379,"play_id":"3b53a574-0b59-45f7-949c-305e8295d895","local_time":"20180806221059","is_ascension_mode":true,"campfire_choices":[{"floor":10,"key":"REST"},{"floor":15,"key":"REST"},{"data":"Reaper","floor":24,"key":"SMITH"},{"floor":28,"key":"REST"},{"floor":32,"key":"REST"}],"neow_cost":"NONE","seed_source_timestamp":474234050145347,"circlet_count":0,"master_deck":["Strike_R","Strike_R","Strike_R","Strike_R","Defend_R","Defend_R","Defend_R","Defend_R","Bash","Iron Wave","Armaments","Wild Strike","True Grit","Twin Strike","Pummel","Feel No Pain","Searing Blow","Reaper+1","Inflame","Iron Wave","Sword Boomerang","Cleave","Armaments","Blood for Blood","Perfected Strike","Shockwave","Bandage Up","Carnage","Hemokinesis","Armaments","Perfected Strike","Perfected Strike+1","Wild Strike+1","Seeing Red","Intimidate+1","Cleave"],"relics":["Velvet Choker","Omamori","Self Forming Clay","Dream Catcher","Boot","Lizard Tail","Gremlin Horn","Frozen Egg 2","Juzu Bracelet","StoneCalendar","Vajra"],"potions_floor_usage":[7,14,23,27],"damage_taken":[{"damage":0,"enemies":"2 Louse","floor":1,"turns":2},{"damage":0,"enemies":"Cultist","floor":2,"turns":3},{"damage":2,"enemies":"Jaw Worm","floor":4,"turns":3},{"damage":14,"enemies":"Large Slime","floor":5,"turns":6},{"damage":11,"enemies":"3 Sentries","floor":6,"turns":9},{"damage":3,"enemies":"Red Slaver","floor":7,"turns":2},{"damage":36,"enemies":"Lagavulin","floor":8,"turns":8},{"damage":10,"enemies":"Exordium Thugs","floor":12,"turns":3},{"damage":10,"enemies":"Looter","floor":13,"turns":3},{"damage":6,"enemies":"Lots of Slimes","floor":14,"turns":3},{"damage":18,"enemies":"Slime Boss","floor":16,"turns":11},{"damage":10,"enemies":"3 Byrds","floor":18,"turns":4},{"damage":17,"enemies":"Spheric Guardian","floor":20,"turns":4},{"damage":18,"enemies":"Book of Stabbing","floor":23,"turns":4},{"damage":27,"enemies":"Slavers","floor":27,"turns":7},{"damage":28,"enemies":"Gremlin Leader","floor":29,"turns":5},{"damage":25,"enemies":"Centurion and Healer","floor":30,"turns":5},{"damage":37,"enemies":"Book of Stabbing","floor":31,"turns":5},{"damage":84,"enemies":"Automaton","floor":33,"turns":6}],"seed_played":"-6212294120787148239","potions_obtained":[{"floor":5,"key":"FairyPotion"},{"floor":6,"key":"Poison Potion"},{"floor":12,"key":"AttackPotion"},{"floor":16,"key":"FearPotion"},{"floor":23,"key":"Fire Potion"},{"floor":30,"key":"GamblersBrew"},{"floor":31,"key":"Weak Potion"}],"is_trial":false,"path_per_floor":["M","M","$","M","M","E","M","E","T","R","$","M","M","M","R","B",null,"M","$","M","?","$","E","R","?","T","E","R","E","M","E","R"],"character_chosen":"IRONCLAD","items_purchased":["Wild Strike","Boot","Inflame","Iron Wave","Shockwave","Bandage Up","Armaments"],"campfire_rested":4,"item_purchase_floors":[3,11,11,11,19,19,22],"current_hp_per_floor":[80,80,80,78,64,53,50,14,14,38,38,40,36,30,54,40,80,70,70,57,57,57,48,48,48,48,27,51,27,16,40,64,0],"gold":202,"neow_bonus":"BOSS_RELIC","is_prod":false,"is_daily":false,"chose_seed":false,"campfire_upgraded":1,"win_rate":0,"timestamp":1533615059,"path_taken":["M","M","$","M","M","E","M","E","T","R","$","M","M","M","R","BOSS","M","$","M","?","?","E","R","?","T","E","R","E","M","E","R","BOSS"],"build_version":"2018-08-02","purchased_purges":0,"victory":false,"max_hp_per_floor":[80,80,80,80,80,80,80,80,80,80,80,80,80,80,80,80,80,80,80,80,80,80,80,80,80,80,80,80,80,80,80,80,80],"card_choices":[{"not_picked":["Twin Strike","Thunderclap"],"picked":"Iron Wave","floor":1},{"not_picked":["Shrug It Off","Heavy Blade"],"picked":"Armaments","floor":2},{"not_picked":["Feel No Pain","Clash"],"picked":"True Grit","floor":4},{"not_picked":["Rage","Headbutt"],"picked":"Twin Strike","floor":5},{"not_picked":["Thunderclap","Clash"],"picked":"Pummel","floor":6},{"not_picked":["Second Wind","True Grit"],"picked":"Feel No Pain","floor":7},{"not_picked":["Twin Strike","Intimidate"],"picked":"Searing Blow","floor":8},{"not_picked":["Whirlwind","Thunderclap"],"picked":"Reaper","floor":10},{"not_picked":["Pommel Strike","Clash"],"picked":"Sword Boomerang","floor":12},{"not_picked":["Headbutt","True Grit"],"picked":"Cleave","floor":13},{"not_picked":["Havoc","Intimidate"],"picked":"Armaments","floor":14},{"not_picked":["Anger","Hemokinesis"],"picked":"Blood for Blood","floor":15},{"not_picked":["Sword Boomerang","Uppercut"],"picked":"Perfected Strike","floor":18},{"not_picked":["Anger","Feel No Pain+1"],"picked":"Carnage","floor":20},{"not_picked":["Sentinel","Power Through","Body Slam"],"picked":"SKIP","floor":23},{"not_picked":["Berserk+1","Headbutt"],"picked":"Perfected Strike","floor":27},{"not_picked":["Hemokinesis","Cleave"],"picked":"Perfected Strike+1","floor":28},{"not_picked":["Shockwave","Anger+1"],"picked":"Wild Strike+1","floor":29},{"not_picked":["Burning Pact","Pommel Strike"],"picked":"Seeing Red","floor":30},{"not_picked":["Dropkick","Iron Wave"],"picked":"Intimidate+1","floor":31},{"not_picked":["Pommel Strike","Entrench"],"picked":"Cleave","floor":32}],"player_experience":210919,"relics_obtained":[{"floor":6,"key":"Omamori"},{"floor":8,"key":"Self Forming Clay"},{"floor":9,"key":"Dream Catcher"},{"floor":23,"key":"Gremlin Horn"},{"floor":26,"key":"Frozen Egg 2"},{"floor":27,"key":"Juzu Bracelet"},{"floor":29,"key":"StoneCalendar"},{"floor":31,"key":"Vajra"}],"event_choices":[{"event_name":"Transmorgrifier","player_choice":"Transform","floor":21,"damage_taken":0},{"event_name":"Addict","player_choice":"Ignored","floor":25,"damage_taken":0}],"is_beta":false,"boss_relics":[{"not_picked":["Sozu","Coffee Dripper"],"picked":"Lizard Tail"}],"items_purged_floors":[],"is_endless":false,"potions_floor_spawned":[5,6,12,16,23,30,31],"killed_by":"Automaton","ascension_level":1}