{"gold_per_floor":[118,137,212,212,229,255,255,282,282,292,312,332,332,352,352,453,453,470,470,153,153,153,153,186,186,259,284,298,311,339,339,339,437,437,455,471,58,0,0,29,42,76,100,100,119,119,131,149,149,149,149,149,10,37,37],"floor_reached":55,"playtime":4884,"items_purged":["Strike_G","Dagger Spray"],"score":1086,"play_id":"d2cda024-d6a6-4646-bc58-113662e99315","local_time":"20190322121047","is_ascension_mode":true,"campfire_choices":[{"data":"Cloak And Dagger","floor":7,"key":"SMITH"},{"floor":13,"key":"REST"},{"floor":15,"key":"REST"},{"floor":23,"key":"REST"},{"data":"Footwork","floor":25,"key":"SMITH"},{"floor":32,"key":"REST"},{"floor":46,"key":"REST"},{"floor":49,"key":"RECALL"},{"data":"Adrenaline","floor":52,"key":"SMITH"}],"neow_cost":"NONE","seed_source_timestamp":560080629922825,"circlet_count":0,"master_deck":["Defend_G","Defend_G","Defend_G","Defend_G","Defend_G","Survivor","Neutralize+1","Cloak And Dagger+1","Poisoned Stab","A Thousand Cuts","Infinite Blades","Dash","Dodge and Roll+1","Adrenaline+1","Backstab+1","Infinite Blades","Footwork+1","A Thousand Cuts","Dodge and Roll","Backflip","Dodge and Roll+1","Bite","Bite","Bite","Bite","Bite","Deflect+1","Footwork+1","Backflip+1","Concentrate+1","Accuracy+1","Blur+1","Leg Sweep+1","Distraction+1","Leg Sweep+1"],"relics":["Ring of the Snake","Potion Belt","The Courier","Paper Crane","Philosopher\u0027s Stone","Nilry\u0027s Codex","Omamori","Bottled Tornado","Ninja Scroll","Oddly Smooth Stone","Boot","Runic Dome","Membership Card","Bottled Lightning","Kunai","Red Mask","Toxic Egg 2","Question Card","Pen Nib","Vajra"],"potions_floor_usage":[1,16,18,30,30,33,33,33,33,33,33,42,50,55],"damage_taken":[{"damage":0,"enemies":"Small Slimes","floor":1,"turns":3},{"damage":1,"enemies":"2 Louse","floor":2,"turns":3},{"damage":0,"enemies":"Cultist","floor":5,"turns":5},{"damage":27,"enemies":"Gremlin Nob","floor":6,"turns":5},{"damage":20,"enemies":"3 Sentries","floor":8,"turns":11},{"damage":0,"enemies":"2 Fungi Beasts","floor":10,"turns":4},{"damage":0,"enemies":"Exordium Wildlife","floor":11,"turns":5},{"damage":0,"enemies":"Blue Slaver","floor":12,"turns":4},{"damage":1,"enemies":"Lots of Slimes","floor":14,"turns":6},{"damage":35,"enemies":"Hexaghost","floor":16,"turns":10},{"damage":11,"enemies":"2 Thieves","floor":18,"turns":5},{"damage":1,"enemies":"Gremlin Leader","floor":24,"turns":7},{"damage":35,"enemies":"Slavers","floor":27,"turns":6},{"damage":2,"enemies":"Spheric Guardian","floor":28,"turns":4},{"damage":2,"enemies":"Snake Plant","floor":29,"turns":4},{"damage":0,"enemies":"Book of Stabbing","floor":30,"turns":6},{"damage":37,"enemies":"Collector","floor":33,"turns":9},{"damage":3,"enemies":"Orb Walker","floor":35,"turns":3},{"damage":0,"enemies":"3 Shapes","floor":36,"turns":6},{"damage":0,"enemies":"Nemesis","floor":40,"turns":5},{"damage":5,"enemies":"Writhing Mass","floor":41,"turns":6},{"damage":39,"enemies":"Reptomancer","floor":42,"turns":8},{"damage":9,"enemies":"Transient","floor":45,"turns":5},{"damage":2,"enemies":"Jaw Worm Horde","floor":47,"turns":5},{"damage":3,"enemies":"Spire Growth","floor":48,"turns":5},{"damage":58,"enemies":"Time Eater","floor":50,"turns":17},{"damage":34,"enemies":"Shield and Spear","floor":54,"turns":12},{"damage":29,"enemies":"The Heart","floor":55,"turns":3}],"seed_played":"-5043718838382094299","potions_obtained":[{"floor":0,"key":"Ancient Potion"},{"floor":0,"key":"EntropicBrew"},{"floor":0,"key":"Fruit Juice"},{"floor":1,"key":"PowerPotion"},{"floor":10,"key":"Block Potion"},{"floor":11,"key":"Dexterity Potion"},{"floor":14,"key":"AttackPotion"},{"floor":18,"key":"Ancient Potion"},{"floor":29,"key":"Regen Potion"},{"floor":35,"key":"Regen Potion"},{"floor":41,"key":"Swift Potion"},{"floor":42,"key":"SpeedPotion"},{"floor":44,"key":"FearPotion"}],"is_trial":false,"path_per_floor":["?","?","M","?","?","?","M","?","?","?","M"],"character_chosen":"THE_SILENT","items_purchased":["Infinite Blades","Footwork","Dagger Spray","Omamori","Membership Card","Bottled Lightning","Kunai","Pen Nib","Blur+1","Leg Sweep+1","Distraction+1"],"campfire_rested":5,"item_purchase_floors":[20,20,20,20,37,37,37,53,53,53,53],"current_hp_per_floor":[68,67,56,56,56,29,29,9,9,9,9,9,31,30,52,17,61,50,34,34,34,34,56,55,55,55,20,18,16,31,31,46,21,44,47,52,52,52,52,52,49,35,35,35,34,49,52,49,49,13,42,42,42,26,0],"gold":37,"neow_bonus":"THREE_SMALL_POTIONS","is_prod":false,"is_daily":false,"chose_seed":false,"campfire_upgraded":3,"win_rate":0,"timestamp":1553271047,"path_taken":["M","M","?","?","M","E","R","E","T","M","?","M","R","M","R","BOSS","M","?","$","?","?","R","E","R","T","E","M","?","E","?","R","BOSS","M","M","$","?","$","E","M","E","T","?","M","R","?","M","R","BOSS","R","$","E","BOSS"],"build_version":"2019-01-23","purchased_purges":2,"victory":false,"max_hp_per_floor":[75,75,75,75,75,75,75,75,75,75,75,75,75,75,75,75,75,75,75,75,75,75,75,75,75,75,75,75,75,75,52,52,52,52,52,52,52,52,52,52,52,52,52,52,52,52,52,52,52,52,52,52,52,52,52],"card_choices":[{"not_picked":["Riddle With Holes","Flying Knee"],"picked":"Cloak And Dagger","floor":1},{"not_picked":["Tactician","Outmaneuver","Endless Agony"],"picked":"SKIP","floor":2},{"not_picked":["Bouncing Flask","Underhanded Strike"],"picked":"Poisoned Stab","floor":5},{"not_picked":["Underhanded Strike","Deflect"],"picked":"A Thousand Cuts","floor":6},{"not_picked":["Dagger Throw","Eviscerate"],"picked":"Infinite Blades","floor":8},{"not_picked":["Eviscerate","Flying Knee","Acrobatics"],"picked":"SKIP","floor":10},{"not_picked":["Heel Hook","Acrobatics"],"picked":"Dash","floor":11},{"not_picked":["Bouncing Flask","Expertise"],"picked":"Dodge and Roll","floor":12},{"not_picked":["Deadly Poison","Bullet Time","Accuracy"],"picked":"SKIP","floor":14},{"not_picked":["Wraith Form v2","Bullet Time"],"picked":"Adrenaline","floor":16},{"not_picked":["Bane","Tactician"],"picked":"Backstab+1","floor":18},{"not_picked":["Prepared","Blade Dance"],"picked":"A Thousand Cuts","floor":24},{"not_picked":["Quick Slash","Acrobatics"],"picked":"Dodge and Roll","floor":27},{"not_picked":["All Out Attack","Slice","Flying Knee"],"picked":"SKIP","floor":28},{"not_picked":["Expertise","Doppelganger"],"picked":"Backflip","floor":29},{"not_picked":["Blade Dance","Underhanded Strike"],"picked":"Dodge and Roll+1","floor":30},{"not_picked":["Outmaneuver","Tactician"],"picked":"Deflect+1","floor":35},{"not_picked":["Dagger Throw","Deflect","Sucker Punch"],"picked":"SKIP","floor":36},{"not_picked":["Burst","Sucker Punch+1","Acrobatics+1"],"picked":"SKIP","floor":40},{"not_picked":["PiercingWail+1","Deflect+1"],"picked":"Footwork+1","floor":41},{"not_picked":["Bane+1","Dagger Throw+1"],"picked":"Backflip+1","floor":42},{"not_picked":["Dagger Throw+1","Quick Slash","Calculated Gamble+1","Prepared+1"],"picked":"SKIP","floor":45},{"not_picked":["Noxious Fumes+1","Endless Agony+1","Infinite Blades+1"],"picked":"Concentrate+1","floor":47},{"not_picked":["Sucker Punch","Crippling Poison+1","Bane+1"],"picked":"Accuracy+1","floor":48},{"not_picked":["Flechettes+1","Finisher","Dagger Spray"],"picked":"Leg Sweep+1","floor":54}],"player_experience":868703,"relics_obtained":[{"floor":6,"key":"Potion Belt"},{"floor":8,"key":"The Courier"},{"floor":9,"key":"Paper Crane"},{"floor":19,"key":"Nilry\u0027s Codex"},{"floor":24,"key":"Bottled Tornado"},{"floor":26,"key":"Ninja Scroll"},{"floor":27,"key":"Oddly Smooth Stone"},{"floor":30,"key":"Boot"},{"floor":40,"key":"Toxic Egg 2"},{"floor":42,"key":"Question Card"},{"floor":54,"key":"Vajra"}],"event_choices":[{"damage_healed":0,"gold_gain":75,"player_choice":"Gather Gold","damage_taken":11,"max_hp_gain":0,"max_hp_loss":0,"event_name":"World of Goop","floor":3,"gold_loss":0},{"damage_healed":0,"gold_gain":0,"player_choice":"Upgraded","damage_taken":0,"max_hp_gain":0,"max_hp_loss":0,"event_name":"Upgrade Shrine","floor":4,"gold_loss":0,"cards_upgraded":["Neutralize"]},{"damage_healed":0,"gold_gain":0,"player_choice":"Obtained Book","damage_taken":16,"max_hp_gain":0,"max_hp_loss":0,"event_name":"Cursed Tome","floor":19,"gold_loss":0},{"damage_healed":0,"gold_gain":0,"player_choice":"Smashed Altar","damage_taken":0,"max_hp_gain":0,"max_hp_loss":0,"event_name":"Forgotten Altar","floor":21,"gold_loss":0,"cards_obtained":["Decay"]},{"damage_healed":0,"gold_gain":0,"player_choice":"Upgraded","damage_taken":0,"max_hp_gain":0,"max_hp_loss":0,"event_name":"Upgrade Shrine","floor":22,"gold_loss":0,"cards_upgraded":["Dodge and Roll"]},{"damage_healed":0,"gold_gain":0,"player_choice":"Became a vampire","damage_taken":0,"max_hp_gain":0,"max_hp_loss":23,"event_name":"Vampires","floor":31,"gold_loss":0,"cards_obtained":["Bite","Bite","Bite","Bite","Bite"]},{"damage_healed":0,"gold_gain":0,"player_choice":"Paid","damage_taken":0,"relics_obtained":["Red Mask"],"max_hp_gain":0,"max_hp_loss":0,"event_name":"Tomb of Lord Red Mask","floor":38,"gold_loss":58},{"damage_healed":0,"gold_gain":0,"player_choice":"Got Potions","damage_taken":0,"max_hp_gain":0,"max_hp_loss":0,"event_name":"Lab","floor":44,"gold_loss":0}],"is_beta":false,"boss_relics":[{"not_picked":["Runic Pyramid","Black Star"],"picked":"Philosopher\u0027s Stone"},{"not_picked":["Velvet Choker","Coffee Dripper"],"picked":"Runic Dome"}],"items_purged_floors":[20,37],"is_endless":false,"potions_floor_spawned":[1,5,10,11,14,18,29,35,41,42],"killed_by":"The Heart","ascension_level":6}