{"gold_per_floor":[116,116,130,100,120,120,130,161,215,240,240,240,240,240,240,240],"floor_reached":16,"playtime":873,"items_purged":[],"score":130,"play_id":"3213834e-3fe1-448f-a5a5-eaec36280164","local_time":"20180918114132","is_ascension_mode":true,"campfire_choices":[{"data":"Buffer","floor":6,"key":"SMITH"},{"floor":15,"key":"REST"}],"neow_cost":"NONE","seed_source_timestamp":410098283043004,"circlet_count":0,"master_deck":["Strike_B","Strike_B","Strike_B","Defend_B","Defend_B","Defend_B","Zap","Dualcast","Coolheaded","BootSequence","Buffer+1","Stack","Turbo","Rainbow","Machine Learning"],"relics":["Cracked Core","Bottled Tornado","Juzu Bracelet","Bag of Preparation","Blue Candle"],"potions_floor_usage":[5,7,10,16],"damage_taken":[{"damage":0,"enemies":"2 Louse","floor":1,"turns":2},{"damage":0,"enemies":"Cultist","floor":3,"turns":3},{"damage":0,"enemies":"Small Slimes","floor":5,"turns":4},{"damage":21,"enemies":"Gremlin Gang","floor":7,"turns":7},{"damage":30,"enemies":"3 Sentries","floor":8,"turns":11},{"damage":6,"enemies":"Gremlin Nob","floor":10,"turns":6},{"damage":45,"enemies":"Slime Boss","floor":16,"turns":12}],"seed_played":"-8399998666009933151","potions_obtained":[{"floor":1,"key":"Weak Potion"},{"floor":4,"key":"Block Potion"},{"floor":4,"key":"Weak Potion"},{"floor":10,"key":"SkillPotion"}],"is_trial":false,"path_per_floor":["M","?","M","?","M","R","M","E","T","E","?","?","?","T","R"],"character_chosen":"DEFECT","items_purchased":[],"campfire_rested":1,"item_purchase_floors":[],"current_hp_per_floor":[75,75,75,75,75,75,54,24,24,18,18,18,18,18,40,0],"gold":240,"neow_bonus":"TRANSFORM_CARD","is_prod":false,"is_daily":false,"chose_seed":false,"campfire_upgraded":1,"win_rate":0,"timestamp":1537292492,"path_taken":["M","?","M","?","?","R","M","E","T","E","?","?","?","?","R","BOSS"],"build_version":"2018-09-06","purchased_purges":0,"victory":false,"max_hp_per_floor":[75,75,75,75,75,75,75,75,75,75,75,75,75,75,75,75],"card_choices":[{"not_picked":["Storm","Leap"],"picked":"Coolheaded","floor":1},{"not_picked":["Steam","Turbo"],"picked":"BootSequence","floor":3},{"not_picked":["Ball Lightning","Recycle"],"picked":"Buffer","floor":5},{"not_picked":["Coolheaded","Hologram"],"picked":"Stack","floor":7},{"not_picked":["Aggregate","FTL"],"picked":"Turbo","floor":8},{"not_picked":["Aggregate","Go for the Eyes"],"picked":"Rainbow","floor":10}],"player_experience":537431,"relics_obtained":[{"floor":8,"key":"Bottled Tornado"},{"floor":9,"key":"Juzu Bracelet"},{"floor":10,"key":"Bag of Preparation"},{"floor":14,"key":"Blue Candle"}],"event_choices":[{"event_name":"Bonfire Elementals","player_choice":"UNCOMMON","floor":2,"damage_taken":0},{"event_name":"The Woman in Blue","player_choice":"Bought 2 Potions","floor":4,"damage_taken":0},{"event_name":"Living Wall","player_choice":"Change","floor":11,"damage_taken":0},{"event_name":"Shining Light","player_choice":"Ignored","floor":12,"damage_taken":0},{"event_name":"Dead Adventurer","player_choice":"Searched \u00270\u0027 times","floor":13,"damage_taken":0}],"is_beta":false,"boss_relics":[],"items_purged_floors":[],"is_endless":false,"potions_floor_spawned":[1,10],"killed_by":"Slime Boss","ascension_level":4}