{"gold_per_floor":[113,113,188,188,201,240,264,264,264,283,326,339,339,339,339,465,465,486,506,531,531,546,546,567,567,567,547,563,587,587,601,601,731,731,744,764,34,47,66,66,66,79,105,119,119,132,32,47,47,47],"floor_reached":51,"playtime":5692,"items_purged":["Defend_R","Dual Wield+1"],"score":725,"play_id":"c6ea81cf-7797-4056-9b6d-333e1d841c03","local_time":"20190408040401","is_ascension_mode":true,"campfire_choices":[{"data":"Seeing Red","floor":8.0,"key":"SMITH"},{"floor":13.0,"key":"REST"},{"data":"Inflame","floor":15.0,"key":"SMITH"},{"floor":23.0,"key":"REST"},{"floor":30.0,"key":"REST"},{"floor":32.0,"key":"REST"},{"floor":40,"key":"REST"},{"floor":45,"key":"REST"},{"floor":49,"key":"REST"}],"neow_cost":"NONE","seed_source_timestamp":252992844086781,"circlet_count":0,"master_deck":["Defend_R","Defend_R","Defend_R","Bash","Flex","Spot Weakness","Inflame+1","Seeing Red+1","Pummel","Cleave","Reaper","Demon Form+1","Fire Breathing+1","Twin Strike","Rage","Berserk","Whirlwind+1","Heavy Blade","Limit Break","Shockwave+1","True Grit+1","Shrug It Off+1","Shrug It Off","Parasite","Shrug It Off+1","Armaments","Metallicize+1"],"special_seed":0,"relics":["Burning Blood","NeowsBlessing","Golden Idol","Pear","Bag of Preparation","Lantern","Runic Pyramid","Singing Bowl","Astrolabe","Brimstone","Anchor","Nunchaku","Art of War"],"potions_floor_usage":[39,46,46,50,50],"damage_taken":[{"damage":0.0,"enemies":"Jaw Worm","floor":1.0,"turns":1.0},{"damage":0.0,"enemies":"2 Louse","floor":5.0,"turns":1.0},{"damage":0.0,"enemies":"Lagavulin","floor":6.0,"turns":2.0},{"damage":6.0,"enemies":"Cultist","floor":7.0,"turns":3.0},{"damage":12.0,"enemies":"2 Fungi Beasts","floor":10.0,"turns":4.0},{"damage":31.0,"enemies":"Gremlin Nob","floor":11.0,"turns":4.0},{"damage":8.0,"enemies":"Lots of Slimes","floor":12.0,"turns":3.0},{"damage":39.0,"enemies":"Slime Boss","floor":16.0,"turns":9.0},{"damage":27.0,"enemies":"Shell Parasite","floor":18.0,"turns":4.0},{"damage":15.0,"enemies":"Chosen","floor":19.0,"turns":4.0},{"damage":20.0,"enemies":"Snecko","floor":20.0,"turns":4.0},{"damage":35.0,"enemies":"Colosseum Slavers","floor":21.0,"turns":3.0},{"damage":38.0,"enemies":"Centurion and Healer","floor":22.0,"turns":4.0},{"damage":16.0,"enemies":"Snake Plant","floor":24.0,"turns":3.0},{"damage":31.0,"enemies":"Snecko","floor":28.0,"turns":5.0},{"damage":0.0,"enemies":"3 Cultists","floor":29.0,"turns":2.0},{"damage":21.0,"enemies":"Centurion and Healer","floor":31.0,"turns":5.0},{"damage":46.0,"enemies":"Champ","floor":33.0,"turns":7.0},{"damage":40,"enemies":"3 Darklings","floor":35,"turns":4},{"damage":29,"enemies":"3 Shapes","floor":36,"turns":5},{"damage":26,"enemies":"Maw","floor":38,"turns":5},{"damage":11,"enemies":"Jaw Worm Horde","floor":39,"turns":4},{"damage":30,"enemies":"3 Darklings","floor":42,"turns":4},{"damage":11,"enemies":"Writhing Mass","floor":44,"turns":4},{"damage":9,"enemies":"Jaw Worm Horde","floor":46,"turns":3},{"damage":0,"enemies":"Spire Growth","floor":48,"turns":3},{"damage":43,"enemies":"Time Eater","floor":50,"turns":5}],"seed_played":"-6532897560531768622","potions_obtained":[{"floor":7.0,"key":"Dexterity Potion"},{"floor":10.0,"key":"Energy Potion"},{"floor":12.0,"key":"Regen Potion"},{"floor":16.0,"key":"Regen Potion"},{"floor":19.0,"key":"BloodPotion"},{"floor":27.0,"key":"SkillPotion"},{"floor":29.0,"key":"SteroidPotion"},{"floor":33.0,"key":"Dexterity Potion"},{"floor":35,"key":"Poison Potion"},{"floor":36,"key":"EntropicBrew"},{"floor":42,"key":"LiquidBronze"}],"is_trial":false,"path_per_floor":["M","?","?","?","M","E","M","R","T","M","E","M","R","?","R","B",null,"M","M","M","?","M","R","M","?","T","?","M","M","R","M","R","B",null,"M","M","$","M","M","R","?","M","T","M","R","M","$","M","R","B",null],"character_chosen":"IRONCLAD","items_purchased":["Brimstone","Anchor","Nunchaku"],"campfire_rested":7,"item_purchase_floors":[37,37,37],"current_hp_per_floor":[80,60,49,49,55,71,71,71,71,65,40,38,65,65,65,53,90,84,83,69,49,17,44,34,34,34,34,18,24,51,38,65,58,92,58,65,65,47,44,72,72,50,50,45,74,71,71,77,98,61],"gold":47,"neow_bonus":"THREE_ENEMY_KILL","is_prod":false,"is_daily":false,"chose_seed":false,"campfire_upgraded":2,"win_rate":0,"timestamp":1554714241,"path_taken":["M","?","?","?","M","E","M","R","T","M","E","M","R","?","R","BOSS","M","?","M","?","M","R","M","?","T","?","M","M","R","M","R","BOSS","M","?","$","M","M","R","?","M","T","M","R","M","$","M","R","BOSS"],"build_version":"2019-01-23","purchased_purges":2,"victory":true,"max_hp_per_floor":[80,80,80,80,80,90,90,90,90,90,90,90,90,90,90,90,90,90,90,90,90,90,90,90,90,90,90,90,90,90,92,92,92,92,92,92,92,94,96,96,96,98,98,98,98,98,98,98,98,98],"card_choices":[{"not_picked":["Clash","Rampage"],"picked":"Flex","floor":1.0},{"not_picked":["Blood for Blood","Cleave"],"picked":"Spot Weakness","floor":5.0},{"not_picked":["Intimidate","Iron Wave"],"picked":"Inflame","floor":6.0},{"not_picked":["Sentinel","Wild Strike"],"picked":"Seeing Red","floor":7.0},{"not_picked":["Warcry","Twin Strike"],"picked":"Pummel","floor":10.0},{"not_picked":["True Grit","Havoc"],"picked":"Cleave","floor":11.0},{"not_picked":["Impervious","Evolve","Body Slam"],"picked":"SKIP","floor":12.0},{"not_picked":["Feed","Exhume"],"picked":"Demon Form","floor":16.0},{"not_picked":["Headbutt","Body Slam"],"picked":"Fire Breathing+1","floor":18.0},{"not_picked":["Clothesline","Havoc","Reckless Charge"],"picked":"SKIP","floor":19.0},{"not_picked":["Combust","Havoc+1","Clash"],"picked":"SKIP","floor":20.0},{"not_picked":["Havoc+1","Evolve"],"picked":"Twin Strike","floor":22.0},{"not_picked":["Anger","Flex+1"],"picked":"Rage","floor":24.0},{"not_picked":["Cleave","Disarm"],"picked":"Whirlwind+1","floor":28.0},{"not_picked":["Anger","Thunderclap"],"picked":"Heavy Blade","floor":29.0},{"not_picked":["Rampage","Pommel Strike+1","Anger"],"picked":"Singing Bowl","floor":31.0},{"not_picked":["Fiend Fire","Immolate"],"picked":"Limit Break","floor":33.0},{"not_picked":["Clash+1","Burning Pact"],"picked":"Shrug It Off+1","floor":35},{"not_picked":["True Grit+1","Sword Boomerang"],"picked":"Shrug It Off","floor":36},{"not_picked":["Havoc","Uppercut","Reaper"],"picked":"Singing Bowl","floor":38},{"not_picked":["True Grit","Pommel Strike+1","Ghostly Armor+1"],"picked":"Singing Bowl","floor":39},{"not_picked":["Warcry","Second Wind+1","Cleave"],"picked":"Singing Bowl","floor":42},{"not_picked":["Body Slam+1","Carnage"],"picked":"Shrug It Off+1","floor":44},{"not_picked":["Reckless Charge","Sword Boomerang"],"picked":"Armaments","floor":46},{"not_picked":["Power Through+1","Fire Breathing+1"],"picked":"Metallicize+1","floor":48}],"player_experience":182498,"relics_obtained":[{"floor":6.0,"key":"Pear"},{"floor":9.0,"key":"Bag of Preparation"},{"floor":11.0,"key":"Lantern"},{"floor":26.0,"key":"Singing Bowl"},{"floor":43,"key":"Art of War"}],"event_choices":[{"damage_healed":0.0,"max_hp_gain":0.0,"max_hp_loss":0.0,"gold_gain":0.0,"event_name":"Golden Idol","player_choice":"Take Damage","floor":2.0,"gold_loss":0.0,"damage_taken":20.0,"relics_obtained":["Golden Idol"]},{"damage_healed":0.0,"max_hp_gain":0.0,"max_hp_loss":0.0,"gold_gain":75.0,"event_name":"World of Goop","player_choice":"Gather Gold","floor":3.0,"gold_loss":0.0,"damage_taken":11.0},{"damage_healed":0.0,"max_hp_gain":0.0,"max_hp_loss":0.0,"gold_gain":0.0,"event_name":"Liars Game","player_choice":"Ignored","floor":4.0,"gold_loss":0.0,"damage_taken":0.0},{"damage_healed":0.0,"max_hp_gain":0.0,"max_hp_loss":0.0,"gold_gain":0.0,"cards_transformed":["Strike_R"],"event_name":"Transmorgrifier","player_choice":"Transformed","floor":14.0,"gold_loss":0.0,"damage_taken":0.0,"cards_obtained":["Reaper"]},{"damage_healed":0.0,"max_hp_gain":0.0,"max_hp_loss":0.0,"gold_gain":0.0,"event_name":"Colosseum","player_choice":"Fight","floor":21.0,"gold_loss":0.0,"damage_taken":0.0},{"damage_healed":0.0,"max_hp_gain":0.0,"max_hp_loss":0.0,"gold_gain":0.0,"event_name":"Colosseum","player_choice":"Fled From Nobs","floor":21.0,"gold_loss":0.0,"damage_taken":0.0},{"damage_healed":0.0,"max_hp_gain":0.0,"max_hp_loss":0.0,"gold_gain":0.0,"cards_transformed":["Strike_R","Strike_R"],"event_name":"Drug Dealer","player_choice":"Became Test Subject","floor":25.0,"gold_loss":0.0,"damage_taken":0.0,"cards_obtained":["Warcry","Berserk"]},{"damage_healed":0.0,"max_hp_gain":0.0,"max_hp_loss":0.0,"gold_gain":0.0,"event_name":"The Woman in Blue","player_choice":"Bought 1 Potion","floor":27.0,"gold_loss":0.0,"damage_taken":0.0},{"damage_healed":0,"gold_gain":0,"player_choice":"Upgraded","damage_taken":0,"max_hp_gain":0,"max_hp_loss":0,"event_name":"Upgrade Shrine","floor":41,"gold_loss":0,"cards_upgraded":["Demon Form"]}],"is_beta":false,"boss_relics":[{"not_picked":["Philosopher\u0027s Stone","Coffee Dripper"],"picked":"Runic Pyramid"},{"not_picked":["Cursed Key","Pandora\u0027s Box"],"picked":"Astrolabe"}],"items_purged_floors":[37,47],"is_endless":false,"potions_floor_spawned":[7,10,12,16,19,20,29,33,35,36,42],"ascension_level":1}