{"gold_per_floor":[118,118,133,83,83,111,125,125,148,164,180,48,64,64,64,165,165,154,37,47,47,62,62],"floor_reached":23,"playtime":1695,"items_purged":["Strike_R","Strike_R"],"score":240,"play_id":"baebbd36-83b4-4915-8030-63ad37f80b6a","local_time":"20190406185158","is_ascension_mode":true,"campfire_choices":[{"data":"Rampage","floor":8,"key":"SMITH"},{"data":"Inflame","floor":15,"key":"SMITH"}],"neow_cost":"NONE","seed_source_timestamp":631041009678400,"circlet_count":0,"master_deck":["Strike_R","Strike_R","Defend_R","Defend_R","Defend_R","Defend_R","Bash+1","Armaments","Rampage+1","Shrug It Off","Madness","Inflame+1","Limit Break","Battle Trance","Thunderclap","Rampage+1"],"relics":["Burning Blood","NeowsBlessing","Meat on the Bone","Smiling Mask","Coffee Dripper"],"potions_floor_usage":[11,11,13,16,23],"damage_taken":[{"damage":0,"enemies":"2 Louse","floor":1,"turns":1},{"damage":0,"enemies":"Cultist","floor":3,"turns":1},{"damage":0,"enemies":"Gremlin Nob","floor":6,"turns":1},{"damage":7,"enemies":"Small Slimes","floor":7,"turns":3},{"damage":3,"enemies":"Blue Slaver","floor":10,"turns":4},{"damage":4,"enemies":"Lots of Slimes","floor":11,"turns":2},{"damage":22,"enemies":"Exordium Thugs","floor":13,"turns":5},{"damage":24,"enemies":"The Guardian","floor":16,"turns":11},{"damage":18,"enemies":"2 Thieves","floor":18,"turns":4},{"damage":2,"enemies":"Chosen","floor":20,"turns":4},{"damage":31,"enemies":"Centurion and Healer","floor":22,"turns":6},{"damage":59,"enemies":"Slavers","floor":23,"turns":3}],"seed_played":"-5971531583333658799","potions_obtained":[{"floor":3,"key":"Poison Potion"},{"floor":6,"key":"Block Potion"},{"floor":7,"key":"Explosive Potion"},{"floor":11,"key":"GamblersBrew"},{"floor":18,"key":"SkillPotion"}],"is_trial":false,"path_per_floor":["M","?","M","?","T","E","M","R","T","M","M","$","M","?","R","B",null,"M","$","M","?","M","E"],"character_chosen":"IRONCLAD","items_purchased":["Madness","Battle Trance"],"campfire_rested":0,"item_purchase_floors":[12,19],"current_hp_per_floor":[80,80,80,80,80,80,79,79,79,80,80,80,64,69,69,51,85,73,73,77,77,52,0],"gold":62,"neow_bonus":"THREE_ENEMY_KILL","is_prod":false,"is_daily":false,"chose_seed":false,"campfire_upgraded":2,"win_rate":0,"timestamp":1554591118,"path_taken":["M","?","?","?","?","E","M","R","T","M","M","?","?","?","R","BOSS","M","$","M","?","?","E"],"build_version":"2019-01-23","purchased_purges":2,"victory":false,"max_hp_per_floor":[80,80,80,80,80,80,80,80,80,80,80,80,80,85,85,85,85,85,85,85,85,85,85],"card_choices":[{"not_picked":["Perfected Strike","Pummel"],"picked":"Armaments","floor":1},{"not_picked":["Spot Weakness","Bloodletting","Warcry"],"picked":"SKIP","floor":3},{"not_picked":["Perfected Strike","Clothesline","True Grit"],"picked":"SKIP","floor":6},{"not_picked":["Reckless Charge","Blood for Blood"],"picked":"Rampage","floor":7},{"not_picked":["Reckless Charge","Rupture"],"picked":"Shrug It Off","floor":10},{"not_picked":["Heavy Blade","Corruption","True Grit"],"picked":"SKIP","floor":11},{"not_picked":["Iron Wave","Combust"],"picked":"Inflame","floor":13},{"not_picked":["Juggernaut","Demon Form"],"picked":"Limit Break","floor":16},{"not_picked":["Anger","Wild Strike","Dual Wield"],"picked":"SKIP","floor":18},{"not_picked":["Armaments","Dual Wield"],"picked":"Thunderclap","floor":20},{"not_picked":["Inflame","Spot Weakness","Cleave"],"picked":"SKIP","floor":22}],"player_experience":189278,"relics_obtained":[{"floor":5,"key":"Meat on the Bone"},{"floor":6,"key":"Smiling Mask"}],"event_choices":[{"damage_healed":0,"gold_gain":0,"player_choice":"Forge","damage_taken":0,"max_hp_gain":0,"max_hp_loss":0,"event_name":"Accursed Blacksmith","floor":2,"gold_loss":0,"cards_upgraded":["Bash"]},{"cards_removed":["Strike_R"],"damage_healed":0,"gold_gain":0,"player_choice":"Card Removal","damage_taken":0,"max_hp_gain":0,"max_hp_loss":0,"event_name":"The Cleric","floor":4,"gold_loss":50},{"damage_healed":0,"gold_gain":0,"player_choice":"Donut","damage_taken":0,"max_hp_gain":5,"max_hp_loss":0,"event_name":"Big Fish","floor":14,"gold_loss":0},{"damage_healed":0,"gold_gain":0,"player_choice":"Copied","damage_taken":0,"max_hp_gain":0,"max_hp_loss":0,"event_name":"Duplicator","floor":21,"gold_loss":0,"cards_obtained":["Rampage"]}],"is_beta":false,"boss_relics":[{"not_picked":["Philosopher\u0027s Stone","Calling Bell"],"picked":"Coffee Dripper"}],"items_purged_floors":[12,19],"is_endless":false,"potions_floor_spawned":[3,6,7,11,18],"killed_by":"Slavers","ascension_level":2}