{"path_per_floor":["M","M","?","?","?","E","T","M","T","E","M","?","M","$","R","B",null,"M","M","M","M","$","R","E","R","T","E","?","R","?","M","R","B",null,"M","M","?","?","T","R","$","R","T","M","M","M","R","M","R","B"],"character_chosen":"IRONCLAD","items_purchased":["Panacea","Evolve","Wild Strike","Rage","Shrug It Off","Whetstone","Strawberry","Disarm"],"gold_per_floor":[117,132,132,92,92,125,125,137,162,189,205,305,323,56,56,154,154,171,189,203,220,45,45,70,70,148,182,182,182,182,202,202,301,301,317,327,427,427,477,477,42,42,42,56,71,90,90,106,106,106],"floor_reached":51,"campfire_rested":6,"playtime":3157,"current_hp_per_floor":[88,88,88,88,70,63,63,66,66,72,64,64,67,67,67,32,88,78,65,41,36,36,62,35,61,61,26,10,36,36,20,46,14,88,82,42,42,42,42,68,75,75,75,74,70,69,95,78,78,66],"items_purged":["Strike_R","Strike_R"],"gold":106,"score":840,"play_id":"6650f1cf-c0ac-4162-9fb9-ebaab0242b8d","local_time":"20180308003515","is_prod":false,"is_daily":false,"is_ascension_mode":true,"campfire_upgraded":3,"timestamp":1520487315,"path_taken":["M","M","?","?","?","E","?","M","T","E","M","?","M","$","R","BOSS","M","M","M","M","$","R","E","R","T","E","?","R","?","?","R","BOSS","M","M","?","?","?","R","$","R","T","M","M","?","R","M","R","BOSS"],"build_version":"2018-03-06-BETA","purchased_purges":2,"victory":true,"master_deck":["Strike_R+1","Strike_R","Defend_R+1","Defend_R+1","Defend_R+1","Defend_R","Bash","Shrug It Off","Flex","Corruption+1","Hemokinesis","Heavy Blade","Power Through","Battle Trance","Panacea+1","Evolve+1","Wild Strike+1","Exhume","Shockwave","Body Slam+1","Shrug It Off","Exhume","Rage","Demon Form","Heavy Blade+1","Flex+1","Fiend Fire+1","Pommel Strike","Power Through","Cleave","Shrug It Off","Disarm","Shrug It Off","Burning Pact","Warcry+1","Barricade+1"],"max_hp_per_floor":[88,88,88,88,88,88,88,88,88,88,88,88,88,88,88,88,88,88,88,88,88,88,88,88,88,88,88,88,88,88,88,88,88,88,88,88,88,88,88,88,95,95,95,95,95,95,95,95,95,95],"relics":["Burning Blood","War Paint","Ice Cream","Omamori","Bottled Tornado","Mark of Pain","Bronze Scales","Mummified Hand","Lantern","Enchiridion","Cursed Key","Dream Catcher","Whetstone","Strawberry","Champion Belt"],"card_choices":[{"not_picked":["Carnage","Heavy Blade"],"picked":"Shrug It Off"},{"not_picked":["Wild Strike","True Grit"],"picked":"Flex"},{"not_picked":["Entrench","Searing Blow"],"picked":"Corruption"},{"not_picked":["Warcry","Sword Boomerang"],"picked":"Hemokinesis"},{"not_picked":["Berserk","Sever Soul"],"picked":"Heavy Blade"},{"not_picked":["Flex","Sword Boomerang"],"picked":"Power Through"},{"not_picked":["Entrench","Rage"],"picked":"Battle Trance"},{"not_picked":["Bludgeon","Juggernaut"],"picked":"Exhume"},{"not_picked":["Havoc","Perfected Strike"],"picked":"Shockwave"},{"not_picked":["Wild Strike","Flex"],"picked":"Body Slam"},{"not_picked":["Anger","Perfected Strike"],"picked":"Shrug It Off"},{"not_picked":["Wild Strike","Sever Soul"],"picked":"Exhume"},{"not_picked":["Pommel Strike","Headbutt"],"picked":"Demon Form"},{"not_picked":["Combust","Infernal Blade"],"picked":"Heavy Blade"},{"not_picked":["Headbutt","Blood for Blood"],"picked":"Flex"},{"not_picked":["Demon Form","Brutality"],"picked":"Fiend Fire"},{"not_picked":["Clash","Dropkick"],"picked":"Pommel Strike"},{"not_picked":["Body Slam","Thunderclap"],"picked":"Power Through"},{"not_picked":["Clash","Iron Wave"],"picked":"Cleave"},{"not_picked":["Clash","Iron Wave"],"picked":"Shrug It Off"},{"not_picked":["Armaments","Perfected Strike"],"picked":"Burning Pact"},{"not_picked":["Twin Strike","Cleave"],"picked":"Warcry"},{"not_picked":["Iron Wave","Headbutt"],"picked":"Barricade"}],"player_experience":65671,"potions_floor_usage":[44,50,50,50],"damage_taken":[{"damage":5.0,"enemies":"Small Slimes","floor":1.0,"turns":4.0},{"damage":0.0,"enemies":"Jaw Worm","floor":2.0,"turns":3.0},{"damage":13.0,"enemies":"Gremlin Nob","floor":6.0,"turns":3.0},{"damage":3.0,"enemies":"2 Louse","floor":8.0,"turns":2.0},{"damage":12.0,"enemies":"3 Sentries","floor":10.0,"turns":6.0},{"damage":14.0,"enemies":"Exordium Thugs","floor":11.0,"turns":4.0},{"damage":3.0,"enemies":"Blue Slaver","floor":13.0,"turns":3.0},{"damage":41.0,"enemies":"Slime Boss","floor":16.0,"turns":8.0},{"damage":16.0,"enemies":"2 Thieves","floor":18.0,"turns":4.0},{"damage":19.0,"enemies":"Shell Parasite","floor":19.0,"turns":4.0},{"damage":30.0,"enemies":"Snake Plant","floor":20.0,"turns":4.0},{"damage":11.0,"enemies":"Snecko","floor":21.0,"turns":4.0},{"damage":48.0,"enemies":"Gremlin Leader","floor":24.0,"turns":6.0},{"damage":41.0,"enemies":"Slavers","floor":27.0,"turns":6.0},{"damage":22.0,"enemies":"3 Cultists","floor":31.0,"turns":5.0},{"damage":38.0,"enemies":"Collector","floor":33.0,"turns":6.0},{"damage":12,"enemies":"3 Shapes","floor":35,"turns":6},{"damage":46,"enemies":"3 Darklings","floor":36,"turns":5},{"damage":7,"enemies":"4 Shapes","floor":44,"turns":5},{"damage":10,"enemies":"Sphere and 2 Shapes","floor":45,"turns":4},{"damage":7,"enemies":"Spire Growth","floor":46,"turns":3},{"damage":23,"enemies":"3 Darklings","floor":48,"turns":4},{"damage":30,"enemies":"Donu and Deca","floor":50,"turns":5}],"event_choices":[{"event_name":"Living Wall","player_choice":"Change","floor":3.0,"damage_taken":0.0},{"event_name":"The Woman in Blue","player_choice":"Bought 3 Potions","floor":4.0,"damage_taken":0.0},{"event_name":"Shining Light","player_choice":"Entered Light","floor":5.0,"damage_taken":0.0},{"event_name":"Wheel of Change","player_choice":"Gold","floor":12.0,"damage_taken":0.0},{"event_name":"Cursed Tome","player_choice":"Obtained Book","floor":28.0,"damage_taken":0.0},{"event_name":"Accursed Blacksmith","player_choice":"Forge","floor":30.0,"damage_taken":0.0},{"event_name":"Golden Shrine","player_choice":"Pray","floor":37,"damage_taken":0}],"boss_relics":[{"not_picked":["Black Star","Runic Cube"],"picked":"Cursed Key"}],"potions_floor_spawned":[6,8,11,16,18,19,21,31,35,36,44,48],"seed_played":"-6358910369137610047","ascension_level":2,"is_trial":false}