{"gold_per_floor":[111,111,111,125,50,50,84,103,103,103,118,118,138,162,162,162],"floor_reached":16,"playtime":8872,"items_purged":["Strike_G"],"score":127,"play_id":"ace29d4f-ce15-465b-9cd6-1a2fe5614f4d","local_time":"20190105035459","is_ascension_mode":false,"campfire_choices":[{"floor":6,"key":"REST"},{"data":"Neutralize","floor":10,"key":"SMITH"},{"floor":12,"key":"REST"},{"floor":15,"key":"REST"}],"neow_cost":"NONE","seed_source_timestamp":656733767209125,"circlet_count":0,"master_deck":["Defend_G+1","Defend_G","Defend_G","Defend_G","Defend_G","Strike_G","Strike_G+1","Strike_G","Strike_G","Survivor","Neutralize+1","Prepared","Infinite Blades","Dagger Throw","Poisoned Stab","Footwork","Deadly Poison","Flying Knee"],"relics":["Ring of the Snake","NeowsBlessing","Golden Idol","Gremlin Horn","Question Card"],"potions_floor_usage":[],"damage_taken":[{"damage":0,"enemies":"Small Slimes","floor":1,"turns":1},{"damage":0,"enemies":"Jaw Worm","floor":4,"turns":1},{"damage":0,"enemies":"Gremlin Nob","floor":7,"turns":1},{"damage":0,"enemies":"Cultist","floor":8,"turns":4},{"damage":20,"enemies":"3 Louse","floor":11,"turns":3},{"damage":3,"enemies":"Looter","floor":13,"turns":4},{"damage":10,"enemies":"Exordium Thugs","floor":14,"turns":5},{"damage":0,"enemies":"Slime Boss","floor":16,"turns":3}],"seed_played":"4242201039128756221","potions_obtained":[{"floor":4,"key":"SpeedPotion"},{"floor":8,"key":"Poison Potion"}],"is_trial":false,"path_per_floor":["M","?","?","M","$","R","E","M","T","R","M","R","M","M","R","B"],"character_chosen":"THE_SILENT","items_purchased":[],"campfire_rested":3,"item_purchase_floors":[],"current_hp_per_floor":[70,53,39,39,39,60,60,60,60,60,40,61,58,48,69,69],"gold":162,"neow_bonus":"THREE_ENEMY_KILL","is_prod":false,"is_daily":false,"chose_seed":false,"campfire_upgraded":1,"win_rate":0.0,"timestamp":1546682099,"path_taken":["M","?","?","M","$","R","E","M","T","R","M","R","M","M","R","BOSS"],"build_version":"2019-01-03v4","purchased_purges":1,"victory":false,"max_hp_per_floor":[70,70,70,70,70,70,70,70,70,70,70,70,70,70,70,70],"card_choices":[{"not_picked":["Distraction","Blur"],"picked":"Prepared","floor":1},{"not_picked":["Calculated Gamble","Caltrops"],"picked":"Infinite Blades","floor":4},{"not_picked":["Prepared","Flechettes"],"picked":"Dagger Throw","floor":7},{"not_picked":["Riddle With Holes","Dash"],"picked":"Poisoned Stab","floor":8},{"not_picked":["Blade Dance","Choke","Quick Slash"],"picked":"Footwork","floor":11},{"not_picked":["Eviscerate","Acrobatics","Crippling Poison"],"picked":"Deadly Poison","floor":13},{"not_picked":["Tools of the Trade","Skewer","Blade Dance"],"picked":"Flying Knee","floor":14}],"player_experience":56324,"relics_obtained":[{"floor":7,"key":"Gremlin Horn"},{"floor":9,"key":"Question Card"}],"event_choices":[{"damage_healed":0,"gold_gain":0,"player_choice":"Take Damage","damage_taken":17,"relics_obtained":["Golden Idol"],"max_hp_gain":0,"max_hp_loss":0,"event_name":"Golden Idol","floor":2,"gold_loss":0},{"damage_healed":0,"gold_gain":0,"player_choice":"Entered Light","damage_taken":14,"max_hp_gain":0,"max_hp_loss":0,"event_name":"Shining Light","floor":3,"gold_loss":0,"cards_upgraded":["Defend_G","Strike_G"]}],"is_beta":false,"boss_relics":[],"items_purged_floors":[5],"is_endless":false,"potions_floor_spawned":[4,8],"killed_by":"Slime Boss","ascension_level":0}