{"gold_per_floor":[113,123,123,148,223,223,76,119,119,119,119],"floor_reached":11,"playtime":322,"items_purged":[],"score":96,"play_id":"f5288af5-8ddc-4327-9e7e-6a62ae153702","local_time":"20190322160840","is_ascension_mode":true,"campfire_choices":[{"floor":6,"key":"REST"}],"neow_cost":"PERCENT_DAMAGE","seed_source_timestamp":578912696633114,"circlet_count":0,"master_deck":["Strike_R","Strike_R","Strike_R","Strike_R","Strike_R","Defend_R","Defend_R","Defend_R","Defend_R","Bash","Headbutt","Pummel","Inflame","Reaper","Heavy Blade"],"relics":["Burning Blood","WingedGreaves","Golden Idol","Shovel","Frozen Egg 2"],"potions_floor_usage":[],"damage_taken":[{"damage":3,"enemies":"Small Slimes","floor":1,"turns":4},{"damage":7,"enemies":"Jaw Worm","floor":2,"turns":3},{"damage":6,"enemies":"2 Louse","floor":4,"turns":4},{"damage":35,"enemies":"Lagavulin","floor":8,"turns":6},{"damage":13,"enemies":"Exordium Wildlife","floor":11,"turns":1}],"seed_played":"3730190829846007847","potions_obtained":[],"is_trial":false,"path_per_floor":["?","?","?","M"],"character_chosen":"IRONCLAD","items_purchased":["Reaper"],"campfire_rested":1,"item_purchase_floors":[7],"current_hp_per_floor":[54,53,33,33,22,46,46,17,17,5,0],"gold":119,"neow_bonus":"ONE_RARE_RELIC","is_prod":false,"is_daily":false,"chose_seed":false,"campfire_upgraded":0,"win_rate":0,"timestamp":1553285320,"path_taken":["M","M","?","M","?","R","$","E","T","?","?"],"build_version":"2019-01-23","purchased_purges":0,"victory":false,"max_hp_per_floor":[80,80,80,80,80,80,80,80,80,80,80],"card_choices":[{"not_picked":["Body Slam","Clash"],"picked":"Headbutt","floor":1},{"not_picked":["Twin Strike","Body Slam"],"picked":"Pummel","floor":2},{"not_picked":["Perfected Strike","Reckless Charge"],"picked":"Inflame","floor":4},{"not_picked":["Blood for Blood","Sentinel"],"picked":"Heavy Blade","floor":8}],"player_experience":887324,"relics_obtained":[{"floor":8,"key":"Shovel"},{"floor":9,"key":"Frozen Egg 2"}],"event_choices":[{"damage_healed":0,"gold_gain":0,"player_choice":"Take Damage","damage_taken":20,"relics_obtained":["Golden Idol"],"max_hp_gain":0,"max_hp_loss":0,"event_name":"Golden Idol","floor":3,"gold_loss":0},{"damage_healed":0,"gold_gain":75,"player_choice":"Gather Gold","damage_taken":11,"max_hp_gain":0,"max_hp_loss":0,"event_name":"World of Goop","floor":5,"gold_loss":0},{"damage_healed":0,"gold_gain":0,"player_choice":"Fled","damage_taken":12,"max_hp_gain":0,"max_hp_loss":0,"event_name":"Scrap Ooze","floor":10,"gold_loss":0}],"is_beta":false,"boss_relics":[],"items_purged_floors":[],"is_endless":false,"potions_floor_spawned":[],"killed_by":"Exordium Wildlife","ascension_level":7}