{"gold_per_floor":[113,126,126,144,144,175,196,210,260,260,278,317,317,337,337,467,467,492,137,137,137,137,165,181,181,238,251,14,41,61,73,73,168,168,188,235,245,262,278,278,307,324,350,350,9,9,28,40,40,40],"floor_reached":50,"playtime":2422,"items_purged":[],"score":683,"play_id":"c7b88c39-bfe6-4bd1-9f9f-efbf2e677374","local_time":"20180827221152","is_ascension_mode":true,"campfire_choices":[{"data":"Buffer","floor":10,"key":"SMITH"},{"data":"Zap","floor":13,"key":"SMITH"},{"data":"White Noise","floor":15,"key":"SMITH"},{"floor":25,"key":"REST"},{"floor":32,"key":"REST"},{"floor":40,"key":"REST"},{"floor":44,"key":"REST"},{"data":"Apotheosis","floor":49,"key":"SMITH"}],"neow_cost":"NONE","seed_source_timestamp":937290160536588,"circlet_count":0,"master_deck":["Strike_B+1","Strike_B+1","Strike_B+1","Defend_B+1","Defend_B+1","Zap+1","Dualcast","Buffer+1","Gash","Ball Lightning","Ball Lightning","Rip and Tear","Ball Lightning","Sweeping Beam","Ball Lightning","Hello World+1","White Noise+1","All For One","Capacitor+1","Static Discharge+1","Chaos","Electrodynamics+1","Static Discharge+1","Stack","Apotheosis+1","Beam Cell+1","Beam Cell+1","Go for the Eyes+1","Stack","Echo Form+1","White Noise+1","Cold Snap+1","Reboot+1","Go for the Eyes+1","Gash+1","Auto Shields+1","Sweeping Beam+1","Scrape+1","Buffer+1","Stack+1","Seek","Glacier","Beam Cell+1","Panacea","Chill+1","Stack+1"],"relics":["Cracked Core","Bag of Marbles","Bloody Idol","Frozen Egg 2","Blood Vial","Potion Belt","Nuclear Battery","Toolbox","Molten Egg 2","Tiny Chest","DataDisk","Astrolabe","Unceasing Top","Oddly Smooth Stone","Lantern","Gremlin Horn"],"potions_floor_usage":[6,14,23,29,33,36,38,41,47,48,50],"damage_taken":[{"damage":0,"enemies":"Small Slimes","floor":1,"turns":3},{"damage":0,"enemies":"2 Louse","floor":2,"turns":3},{"damage":2,"enemies":"Jaw Worm","floor":4,"turns":3},{"damage":4,"enemies":"Gremlin Nob","floor":6,"turns":4},{"damage":1,"enemies":"Looter","floor":7,"turns":3},{"damage":3,"enemies":"Blue Slaver","floor":8,"turns":3},{"damage":1,"enemies":"Exordium Thugs","floor":11,"turns":3},{"damage":0,"enemies":"Lagavulin","floor":12,"turns":4},{"damage":10,"enemies":"Red Slaver","floor":14,"turns":3},{"damage":12,"enemies":"The Guardian","floor":16,"turns":10},{"damage":0,"enemies":"Spheric Guardian","floor":18,"turns":3},{"damage":26,"enemies":"Gremlin Leader","floor":23,"turns":6},{"damage":26,"enemies":"Shell Parasite","floor":24,"turns":3},{"damage":2,"enemies":"Snecko","floor":27,"turns":5},{"damage":33,"enemies":"Book of Stabbing","floor":29,"turns":4},{"damage":12,"enemies":"Cultist and Chosen","floor":30,"turns":3},{"damage":11,"enemies":"Sentry and Sphere","floor":31,"turns":3},{"damage":8,"enemies":"Champ","floor":33,"turns":10},{"damage":16,"enemies":"3 Darklings","floor":35,"turns":3},{"damage":52,"enemies":"Mysterious Sphere","floor":36,"turns":4},{"damage":17,"enemies":"Flame Bruiser 1 Orb","floor":37,"turns":3},{"damage":8,"enemies":"Maw","floor":38,"turns":6},{"damage":0,"enemies":"Sphere and 2 Shapes","floor":39,"turns":3},{"damage":31,"enemies":"2 Orb Walkers","floor":41,"turns":5},{"damage":14,"enemies":"3 Darklings","floor":42,"turns":1},{"damage":0,"enemies":"Flame Bruiser 2 Orb","floor":47,"turns":3},{"damage":0,"enemies":"Sphere and 2 Shapes","floor":48,"turns":3},{"damage":83,"enemies":"Time Eater","floor":50,"turns":9}],"seed_played":"-4686720983738907550","potions_obtained":[{"floor":4,"key":"Regen Potion"},{"floor":7,"key":"GamblersBrew"},{"floor":8,"key":"Weak Potion"},{"floor":12,"key":"Fire Potion"},{"floor":18,"key":"AttackPotion"},{"floor":24,"key":"GamblersBrew"},{"floor":27,"key":"AttackPotion"},{"floor":36,"key":"GamblersBrew"},{"floor":38,"key":"FearPotion"},{"floor":42,"key":"AttackPotion"},{"floor":47,"key":"Regen Potion"}],"is_trial":false,"path_per_floor":["M","M","?","M","?","E","M","M","T","R","M","E","R","M","R","B",null,"M","$","?","?","?","E","M","R","T","M","$","E","M","M","R","B",null,"M","?","M","M","M","R","E","M","T","R","$","T","M","M","R"],"character_chosen":"DEFECT","items_purchased":["Static Discharge+1","Chaos","Toolbox","Apotheosis","Beam Cell+1","Seek","Glacier","Beam Cell+1","Panacea"],"campfire_rested":4,"item_purchase_floors":[19,19,19,28,28,45,45,45,45],"current_hp_per_floor":[75,75,57,55,55,63,62,59,59,59,60,62,62,54,54,44,75,75,75,75,75,75,54,39,61,71,75,75,47,42,38,60,59,75,64,19,9,8,22,44,20,20,25,47,47,47,54,70,70,0],"gold":40,"neow_bonus":"ONE_RANDOM_RARE_CARD","is_prod":false,"is_daily":false,"chose_seed":false,"campfire_upgraded":4,"win_rate":0,"timestamp":1535429512,"path_taken":["M","M","?","M","?","E","M","M","T","R","?","E","R","M","R","BOSS","M","$","?","?","?","E","M","R","T","M","$","E","M","M","R","BOSS","M","?","M","M","M","R","E","?","T","R","?","?","M","M","R","BOSS"],"build_version":"2018-08-23v2","purchased_purges":0,"victory":false,"max_hp_per_floor":[75,75,75,75,75,75,75,75,75,75,75,75,75,75,75,75,75,75,75,75,75,75,75,75,75,75,75,75,75,75,75,75,75,75,75,75,75,75,75,75,75,75,75,75,75,75,75,75,75,75],"card_choices":[{"not_picked":["Hologram","Recycle"],"picked":"Gash","floor":1},{"not_picked":["Hello World","Beam Cell"],"picked":"Ball Lightning","floor":2},{"not_picked":["Redo","Sunder"],"picked":"Ball Lightning","floor":4},{"not_picked":["Cold Snap","White Noise"],"picked":"Rip and Tear","floor":6},{"not_picked":["Barrage","Force Field"],"picked":"Ball Lightning","floor":7},{"not_picked":["Compile Driver","Barrage"],"picked":"Sweeping Beam","floor":8},{"not_picked":["Reinforced Body","Turbo"],"picked":"Ball Lightning","floor":11},{"not_picked":["Tempest","Leap"],"picked":"Hello World+1","floor":12},{"not_picked":["Rebound","Hologram"],"picked":"White Noise","floor":14},{"not_picked":["Biased Cognition+1","Core Surge"],"picked":"All For One","floor":16},{"not_picked":["Go for the Eyes","Ball Lightning"],"picked":"Capacitor+1","floor":18},{"not_picked":["Compile Driver","Force Field"],"picked":"Electrodynamics+1","floor":23},{"not_picked":["Barrage+1","Leap"],"picked":"Static Discharge+1","floor":24},{"not_picked":["Rebound+1","Leap"],"picked":"Stack","floor":27},{"not_picked":["Ball Lightning+1","Gash+1"],"picked":"Beam Cell+1","floor":29},{"not_picked":["Rebound+1","Beam Cell+1"],"picked":"Go for the Eyes+1","floor":30},{"not_picked":["Rebound+1","Barrage+1"],"picked":"Stack","floor":31},{"not_picked":["Meteor Strike+1","Rainbow"],"picked":"Echo Form+1","floor":33},{"not_picked":["Leap","Redo"],"picked":"Go for the Eyes+1","floor":35},{"not_picked":["Sweeping Beam+1","Streamline+1"],"picked":"Gash+1","floor":36},{"not_picked":["Consume+1","White Noise"],"picked":"Auto Shields+1","floor":37},{"not_picked":["Streamline+1","Rip and Tear+1"],"picked":"Sweeping Beam+1","floor":38},{"not_picked":["Beam Cell+1","Compile Driver+1"],"picked":"Scrape+1","floor":39},{"not_picked":["Steam","Doom and Gloom+1"],"picked":"Buffer+1","floor":41},{"not_picked":["Cold Snap+1","Ball Lightning+1"],"picked":"Stack+1","floor":42},{"not_picked":["Barrage+1","Cold Snap+1"],"picked":"Chill+1","floor":47},{"not_picked":["Hologram","Force Field"],"picked":"Stack+1","floor":48}],"player_experience":359264,"relics_obtained":[{"floor":6,"key":"Frozen Egg 2"},{"floor":9,"key":"Blood Vial"},{"floor":12,"key":"Potion Belt"},{"floor":23,"key":"Molten Egg 2"},{"floor":26,"key":"Tiny Chest"},{"floor":29,"key":"DataDisk"},{"floor":36,"key":"Unceasing Top"},{"floor":41,"key":"Oddly Smooth Stone"},{"floor":43,"key":"Lantern"},{"floor":46,"key":"Gremlin Horn"}],"event_choices":[{"event_name":"Scrap Ooze","player_choice":"success","floor":3,"damage_taken":18},{"event_name":"Golden Idol","player_choice":"Take Wound","floor":5,"damage_taken":0},{"event_name":"Forgotten Altar","player_choice":"Gave Idol","floor":20,"damage_taken":0},{"event_name":"Wheel of Change","player_choice":"Card Removal","floor":21,"damage_taken":0},{"event_name":"Back to Basics","player_choice":"Simplicity","floor":22,"damage_taken":0},{"event_name":"Mysterious Sphere","player_choice":"Fight","floor":36,"damage_taken":0}],"is_beta":false,"boss_relics":[{"not_picked":["Fusion Hammer","Eternal Feather"],"picked":"Nuclear Battery"},{"not_picked":["Runic Dome","Sozu"],"picked":"Astrolabe"}],"items_purged_floors":[],"is_endless":false,"potions_floor_spawned":[4,7,8,12,18,24,27,36,38,42,47],"killed_by":"Time Eater","ascension_level":2}