{"gold_per_floor":[109,109,109,35,51,51,77,93,93,93,93,93,124,49,49,146,146,156,175,105,124,124,124,39,57,57,74,74,74,74,104,104,207,207,218,218,73,85,96,128,128,160,160,180,199,199,218,82,82,82],"floor_reached":50,"playtime":2342,"items_purged":["Regret","Strike_R"],"score":714,"play_id":"bcf208dc-7320-4af4-b159-a8667709d06a","local_time":"20190116131832","is_ascension_mode":true,"campfire_choices":[{"data":"Cleave","floor":6.0,"key":"SMITH"},{"data":"Headbutt","floor":10.0,"key":"SMITH"},{"data":"Bash","floor":12.0,"key":"SMITH"},{"data":"Defend_R","floor":15.0,"key":"SMITH"},{"floor":23.0,"key":"REST"},{"data":"Feed","floor":28.0,"key":"SMITH"},{"floor":30.0,"key":"REST"},{"data":"Defend_R","floor":32.0,"key":"SMITH"},{"floor":41.0,"key":"REST"},{"floor":46.0,"key":"REST"},{"floor":49.0,"key":"REST"}],"neow_cost":"NONE","seed_source_timestamp":313697046150488,"circlet_count":0,"master_deck":["Strike_R","Strike_R","Strike_R","Strike_R+1","Defend_R+1","Defend_R+1","Defend_R+1","Defend_R+1","Bash+1","Evolve+1","Cleave+1","Headbutt+1","Inflame+1","Feed+1","Flame Barrier+1","Metallicize+1","Shrug It Off+1","Shrug It Off+1","Writhe","Headbutt+1","Spot Weakness+1","True Grit+1","Clothesline+1","Uppercut","Flame Barrier+1"],"special_seed":0,"relics":["Burning Blood","NeowsBlessing","Frozen Egg 2","Ornamental Fan","War Paint","Self Forming Clay","Paper Frog","Sozu","Toxic Egg 2","Mummified Hand","Pear","Happy Flower","Lizard Tail","Bag of Marbles","Red Skull","Lantern","Meat on the Bone"],"potions_floor_usage":[50],"damage_taken":[{"damage":0.0,"enemies":"Small Slimes","floor":1.0,"turns":1.0},{"damage":0.0,"enemies":"Jaw Worm","floor":5.0,"turns":1.0},{"damage":0.0,"enemies":"Lagavulin","floor":7.0,"turns":1.0},{"damage":1.0,"enemies":"Cultist","floor":8.0,"turns":3.0},{"damage":27.0,"enemies":"Gremlin Nob","floor":13.0,"turns":4.0},{"damage":43.0,"enemies":"The Guardian","floor":16.0,"turns":11.0},{"damage":30.0,"enemies":"2 Thieves","floor":18.0,"turns":5.0},{"damage":2.0,"enemies":"3 Byrds","floor":19.0,"turns":4.0},{"damage":25.0,"enemies":"Snake Plant","floor":21.0,"turns":5.0},{"damage":24.0,"enemies":"Colosseum Slavers","floor":22.0,"turns":6.0},{"damage":0.0,"enemies":"Chosen and Byrds","floor":25.0,"turns":4.0},{"damage":13.0,"enemies":"Snecko","floor":27.0,"turns":6.0},{"damage":12.0,"enemies":"Book of Stabbing","floor":31.0,"turns":6.0},{"damage":63.0,"enemies":"Collector","floor":33.0,"turns":16.0},{"damage":20.0,"enemies":"3 Shapes","floor":35.0,"turns":4.0},{"damage":24.0,"enemies":"3 Darklings","floor":38.0,"turns":9.0},{"damage":7.0,"enemies":"4 Shapes","floor":39.0,"turns":8.0},{"damage":66.0,"enemies":"Reptomancer","floor":40.0,"turns":10.0},{"damage":66.0,"enemies":"Nemesis","floor":42.0,"turns":9.0},{"damage":21.0,"enemies":"Spire Growth","floor":44.0,"turns":6.0},{"damage":25.0,"enemies":"Transient","floor":45.0,"turns":5.0},{"damage":5.0,"enemies":"Sphere and 2 Shapes","floor":47.0,"turns":7.0},{"damage":131,"enemies":"Donu and Deca","floor":50,"turns":11}],"seed_played":"-5287307461060229154","potions_obtained":[{"floor":1.0,"key":"Regen Potion"},{"floor":13.0,"key":"Poison Potion"}],"is_trial":false,"path_per_floor":["M","$","?","$","M","R","E","M","T","R","T","R","E","$","R","B",null,"M","M","$","M","?","R","?","M","T","M","R","?","R","E","R","B",null,"M","?","$","M","M","E","R","E","T","M","M","R","M","$","R","B"],"character_chosen":"IRONCLAD","items_purchased":["Evolve+1","Metallicize+1","Bag of Marbles","Flame Barrier+1"],"campfire_rested":5,"item_purchase_floors":[4,20,37,48],"current_hp_per_floor":[80,80,80,80,80,80,80,80,80,80,80,80,59,59,59,22,80,56,63,63,47,32,58,58,67,67,63,63,73,104,102,102,45,109,99,99,99,81,84,39,74,14,14,72,65,100,105,105,121,0],"gold":82,"neow_bonus":"THREE_ENEMY_KILL","is_prod":false,"is_daily":false,"chose_seed":false,"campfire_upgraded":6,"win_rate":0,"timestamp":1547673512,"path_taken":["M","$","?","$","M","R","E","M","T","R","?","R","E","$","R","BOSS","M","M","$","?","?","R","?","M","T","M","R","?","R","E","R","BOSS","M","?","$","M","M","E","R","E","T","M","?","R","M","$","R","BOSS"],"build_version":"2019-01-10","purchased_purges":2,"victory":false,"max_hp_per_floor":[80,80,80,80,80,80,80,80,80,80,80,80,80,80,80,80,80,80,83,83,86,89,89,89,92,92,95,95,105,105,109,109,109,109,113,113,113,113,117,117,117,117,117,117,117,117,121,121,121,125],"card_choices":[{"not_picked":["Reckless Charge","Pommel Strike","Carnage"],"picked":"SKIP","floor":1.0},{"not_picked":["Warcry","Burning Pact"],"picked":"Cleave","floor":5.0},{"not_picked":["Seeing Red","Dark Embrace+1","Wild Strike"],"picked":"SKIP","floor":7.0},{"not_picked":["Hemokinesis","Sword Boomerang"],"picked":"Headbutt","floor":8.0},{"not_picked":["Sword Boomerang","Berserk+1"],"picked":"Inflame+1","floor":13.0},{"not_picked":["Fiend Fire","Exhume"],"picked":"Feed","floor":16.0},{"not_picked":["Perfected Strike","Warcry","Twin Strike"],"picked":"SKIP","floor":18.0},{"not_picked":["Iron Wave","Body Slam"],"picked":"Flame Barrier+1","floor":19.0},{"not_picked":["Bloodletting+1","Armaments","Body Slam"],"picked":"SKIP","floor":21.0},{"not_picked":["Headbutt","Entrench+1"],"picked":"Shrug It Off+1","floor":25.0},{"not_picked":["Fire Breathing+1","Armaments+1"],"picked":"Shrug It Off+1","floor":27.0},{"not_picked":["Armaments+1","Iron Wave"],"picked":"Headbutt+1","floor":31.0},{"not_picked":["Flex+1","Flame Barrier+1"],"picked":"Spot Weakness+1","floor":35.0},{"not_picked":["Seeing Red+1","Flex+1"],"picked":"True Grit+1","floor":38.0},{"not_picked":["Flex+1","Shrug It Off+1","Ghostly Armor+1"],"picked":"SKIP","floor":39.0},{"not_picked":["Havoc+1","Sever Soul","Twin Strike+1"],"picked":"SKIP","floor":40.0},{"not_picked":["Sentinel+1","Ghostly Armor+1"],"picked":"Clothesline+1","floor":42.0},{"not_picked":["Iron Wave+1","Havoc+1","Flex+1"],"picked":"SKIP","floor":44.0},{"not_picked":["Armaments+1","Evolve+1","Warcry+1"],"picked":"SKIP","floor":45.0},{"not_picked":["Fire Breathing+1","Berserk+1"],"picked":"Uppercut","floor":47.0}],"player_experience":235302,"relics_obtained":[{"floor":7.0,"key":"Ornamental Fan"},{"floor":9.0,"key":"War Paint"},{"floor":11.0,"key":"Self Forming Clay"},{"floor":13.0,"key":"Paper Frog"},{"floor":26.0,"key":"Mummified Hand"},{"floor":31.0,"key":"Happy Flower"},{"floor":40.0,"key":"Red Skull"},{"floor":42.0,"key":"Lantern"},{"floor":43.0,"key":"Meat on the Bone"}],"event_choices":[{"damage_healed":0.0,"max_hp_gain":0.0,"max_hp_loss":0.0,"gold_gain":0.0,"event_name":"Big Fish","player_choice":"Box","floor":3.0,"gold_loss":0.0,"damage_taken":0.0,"relics_obtained":["Frozen Egg 2"],"cards_obtained":["Regret"]},{"damage_healed":0.0,"max_hp_gain":0.0,"max_hp_loss":0.0,"gold_gain":0.0,"event_name":"Colosseum","player_choice":"Fight","floor":22.0,"gold_loss":0.0,"damage_taken":0.0},{"damage_healed":0.0,"max_hp_gain":0.0,"max_hp_loss":0.0,"gold_gain":0.0,"event_name":"Colosseum","player_choice":"Fled From Nobs","floor":22.0,"gold_loss":0.0,"damage_taken":0.0},{"damage_healed":0.0,"max_hp_gain":0.0,"max_hp_loss":0.0,"gold_gain":0.0,"event_name":"Addict","player_choice":"Obtained Relic","floor":24.0,"gold_loss":85.0,"damage_taken":0.0,"relics_obtained":["Toxic Egg 2"]},{"damage_healed":0.0,"max_hp_gain":0.0,"max_hp_loss":0.0,"gold_gain":0.0,"event_name":"The Mausoleum","player_choice":"Opened","floor":29.0,"gold_loss":0.0,"damage_taken":0.0,"relics_obtained":["Pear"],"cards_obtained":["Writhe"]},{"damage_healed":0.0,"max_hp_gain":0.0,"max_hp_loss":0.0,"gold_gain":0.0,"event_name":"Upgrade Shrine","player_choice":"Upgraded","floor":36.0,"gold_loss":0.0,"damage_taken":0.0,"cards_upgraded":["Strike_R"]}],"is_beta":false,"boss_relics":[{"not_picked":["Fusion Hammer","Philosopher\u0027s Stone"],"picked":"Sozu"},{"not_picked":["Runic Dome","White Beast Statue"],"picked":"Lizard Tail"}],"items_purged_floors":[14,48],"is_endless":false,"potions_floor_spawned":[1,13,19,22,25,33,35,39,40,44],"killed_by":"Donu and Deca","ascension_level":4}