{"gold_per_floor":[368,35,47,57,5,5,31,42,42,54,66,94,106,128,140,251,263,290,227,5,5,105,105],"floor_reached":23,"playtime":783,"items_purged":["Doubt"],"score":274,"play_id":"adc37a6d-dfe1-4033-b133-a1ebaec831a1","local_time":"20190202123851","is_ascension_mode":true,"campfire_choices":[{"data":"Inflame","floor":6.0,"key":"SMITH"},{"data":"Double Tap","floor":11.0,"key":"SMITH"},{"data":"Sword Boomerang","floor":13.0,"key":"SMITH"},{"floor":15.0,"key":"REST"}],"neow_cost":"CURSE","seed_source_timestamp":520177177757465,"circlet_count":0,"master_deck":["Strike_R","Strike_R","Strike_R","Strike_R","Defend_R+1","Defend_R","Defend_R+1","Defend_R","Bash","Inflame+1","Sword Boomerang+1","Double Tap+1","Pummel","Iron Wave","Feed","Parasite","Metallicize","Shrug It Off","Fiend Fire","Inflame+1"],"special_seed":0,"relics":["Burning Blood","Membership Card","Singing Bowl","War Paint","Bottled Lightning","MawBank","Calling Bell","Bag of Preparation","Letter Opener","Girya","DollysMirror"],"potions_floor_usage":[],"damage_taken":[{"damage":14.0,"enemies":"Jaw Worm","floor":1.0,"turns":6.0},{"damage":6.0,"enemies":"Cultist","floor":3.0,"turns":4.0},{"damage":11.0,"enemies":"2 Louse","floor":4.0,"turns":3.0},{"damage":32.0,"enemies":"Lagavulin","floor":7.0,"turns":5.0},{"damage":20.0,"enemies":"Large Slime","floor":8.0,"turns":6.0},{"damage":5.0,"enemies":"Exordium Thugs","floor":12.0,"turns":3.0},{"damage":17.0,"enemies":"Gremlin Gang","floor":14.0,"turns":5.0},{"damage":35,"enemies":"The Guardian","floor":16,"turns":8},{"damage":14,"enemies":"3 Byrds","floor":18,"turns":6},{"damage":69,"enemies":"Gremlin Leader","floor":23,"turns":5}],"seed_played":"-4439962336763826045","potions_obtained":[{"floor":4.0,"key":"Explosive Potion"},{"floor":7.0,"key":"LiquidBronze"},{"floor":8.0,"key":"PowerPotion"}],"is_trial":false,"path_per_floor":["M","$","M","M","?","R","E","M","T","?","R","M","R","M","R","B",null,"M","?","$","?","?","E"],"character_chosen":"IRONCLAD","items_purchased":["Membership Card","Sword Boomerang","Singing Bowl","Shrug It Off","Fiend Fire","DollysMirror"],"campfire_rested":1,"item_purchase_floors":[2,2,2,20,20,20],"current_hp_per_floor":[64,64,66,63,63,63,37,25,25,25,25,26,26,15,40,11,67,62,62,62,62,62,0],"gold":105,"neow_bonus":"TWO_FIFTY_GOLD","is_prod":false,"is_daily":false,"chose_seed":false,"campfire_upgraded":3,"win_rate":0,"timestamp":1549139931,"path_taken":["M","$","M","M","?","R","E","M","T","?","R","?","R","M","R","BOSS","M","?","$","?","?","E"],"build_version":"2019-01-23","purchased_purges":1,"victory":false,"max_hp_per_floor":[80,80,82,84,84,84,84,86,86,86,86,86,86,86,86,86,86,89,89,89,89,89,89],"card_choices":[{"not_picked":["Rampage","Twin Strike"],"picked":"Inflame","floor":1.0},{"not_picked":["Flex","Warcry","Perfected Strike"],"picked":"Singing Bowl","floor":3.0},{"not_picked":["Burning Pact","Blood for Blood","Thunderclap"],"picked":"Singing Bowl","floor":4.0},{"not_picked":["Body Slam","Clash"],"picked":"Double Tap","floor":7.0},{"not_picked":["Perfected Strike","Fire Breathing","Flex"],"picked":"Singing Bowl","floor":8.0},{"not_picked":["Warcry","Intimidate"],"picked":"Pummel","floor":12.0},{"not_picked":["Seeing Red","Body Slam"],"picked":"Iron Wave","floor":14.0},{"not_picked":["Bludgeon","Barricade"],"picked":"Feed","floor":16},{"not_picked":["Warcry","Seeing Red"],"picked":"Metallicize","floor":18}],"player_experience":343304,"relics_obtained":[{"floor":7.0,"key":"Bottled Lightning"},{"floor":9.0,"key":"MawBank"},{"floor":17,"key":"Bag of Preparation"},{"floor":17,"key":"Letter Opener"},{"floor":17,"key":"Girya"}],"event_choices":[{"damage_healed":0.0,"max_hp_gain":0.0,"max_hp_loss":0.0,"gold_gain":0.0,"event_name":"WeMeetAgain","player_choice":"Paid Gold","floor":5.0,"gold_loss":52.0,"damage_taken":0.0,"relics_obtained":["War Paint"]},{"cards_removed":["Injury"],"damage_healed":0.0,"max_hp_gain":0.0,"max_hp_loss":0.0,"gold_gain":0.0,"event_name":"Fountain of Cleansing","player_choice":"Removed Curses","floor":10.0,"gold_loss":0.0,"damage_taken":0.0},{"cards_removed":["Strike_R"],"damage_healed":0,"gold_gain":0,"player_choice":"Gave Gold","damage_taken":0,"max_hp_gain":0,"max_hp_loss":0,"event_name":"Beggar","floor":19,"gold_loss":75},{"cards_removed":["Writhe"],"damage_healed":0,"gold_gain":0,"player_choice":"Elegance","damage_taken":0,"max_hp_gain":0,"max_hp_loss":0,"event_name":"Back to Basics","floor":21,"gold_loss":0},{"damage_healed":0,"gold_gain":100,"player_choice":"Pray","damage_taken":0,"max_hp_gain":0,"max_hp_loss":0,"event_name":"Golden Shrine","floor":22,"gold_loss":0}],"is_beta":false,"boss_relics":[{"not_picked":["Runic Dome","Mark of Pain"],"picked":"Calling Bell"}],"items_purged_floors":[20],"is_endless":false,"potions_floor_spawned":[4,7,8],"killed_by":"Gremlin Leader","ascension_level":9}