{"gold_per_floor":[119,137,149,161,161,161,192,192,192,228,251,291,311,325,325,450,450,471,456,456,471,490,490,529,529,529,567,583,583,583,599,599,728,728,751,347,347,361,376,419,438,473,473,507,521,540,581,228,228,228,228,228,62,97,97],"floor_reached":55,"playtime":7302,"items_purged":["Strike_R","Strike_R","Strike_R"],"score":946,"play_id":"b4975fb7-3d87-481e-929b-5f7b3317564b","local_time":"20190203011134","is_ascension_mode":true,"campfire_choices":[{"data":"Iron Wave","floor":6,"key":"SMITH"},{"floor":8,"key":"REST"},{"data":"Body Slam","floor":15,"key":"SMITH"},{"data":"Shrug It Off","floor":23,"key":"SMITH"},{"data":"Body Slam","floor":25,"key":"SMITH"},{"data":"Metallicize","floor":29,"key":"SMITH"},{"data":"Metallicize","floor":32,"key":"SMITH"},{"floor":49,"key":"RECALL"},{"data":"Metallicize","floor":52,"key":"SMITH"}],"neow_cost":"NONE","seed_source_timestamp":433983795564540,"circlet_count":0,"master_deck":["Strike_R+1","Strike_R+1","Defend_R","Defend_R","Defend_R","Defend_R+1","Shrug It Off+1","Shrug It Off","Iron Wave+1","Warcry","Metallicize+1","Metallicize+1","Body Slam+1","True Grit+1","Shrug It Off+1","Body Slam+1","Shrug It Off+1","Warcry+1","Metallicize+1","True Grit+1","Feel No Pain+1","Body Slam+1","Burning Pact+1","Body Slam+1"],"special_seed":0,"relics":["Burning Blood","Golden Idol","Whetstone","Red Skull","Bottled Lightning","Toxic Egg 2","Runic Pyramid","Bottled Flame","Question Card","Lantern","Sozu","Membership Card","Art of War","Happy Flower","Bag of Marbles","Molten Egg 2","Centennial Puzzle","Dream Catcher","Blood Vial","Darkstone Periapt","Frozen Eye","OrangePellets","Oddly Smooth Stone"],"potions_floor_usage":[12,24,27,46],"damage_taken":[{"damage":6,"enemies":"Cultist","floor":1,"turns":3},{"damage":1,"enemies":"Jaw Worm","floor":2,"turns":4},{"damage":0,"enemies":"Small Slimes","floor":3,"turns":3},{"damage":5,"enemies":"2 Fungi Beasts","floor":4,"turns":4},{"damage":39,"enemies":"3 Sentries","floor":7,"turns":11},{"damage":20,"enemies":"Lagavulin","floor":10,"turns":5},{"damage":0,"enemies":"Gremlin Gang","floor":11,"turns":5},{"damage":16,"enemies":"Gremlin Nob","floor":12,"turns":3},{"damage":0,"enemies":"Blue Slaver","floor":13,"turns":3},{"damage":0,"enemies":"Large Slime","floor":14,"turns":5},{"damage":11,"enemies":"The Guardian","floor":16,"turns":14},{"damage":0,"enemies":"Spheric Guardian","floor":18,"turns":6},{"damage":5,"enemies":"2 Thieves","floor":19,"turns":4},{"damage":0,"enemies":"Cultist and Chosen","floor":21,"turns":9},{"damage":0,"enemies":"Chosen and Byrds","floor":22,"turns":10},{"damage":0,"enemies":"Book of Stabbing","floor":24,"turns":8},{"damage":3,"enemies":"Slavers","floor":27,"turns":8},{"damage":7,"enemies":"Snake Plant","floor":28,"turns":6},{"damage":2,"enemies":"Shelled Parasite and Fungi","floor":31,"turns":13},{"damage":42,"enemies":"Automaton","floor":33,"turns":13},{"damage":0,"enemies":"3 Shapes","floor":35,"turns":7},{"damage":0,"enemies":"3 Darklings","floor":38,"turns":6},{"damage":0,"enemies":"Jaw Worm Horde","floor":39,"turns":6},{"damage":12,"enemies":"Reptomancer","floor":40,"turns":10},{"damage":0,"enemies":"4 Shapes","floor":41,"turns":8},{"damage":26,"enemies":"Nemesis","floor":42,"turns":9},{"damage":0,"enemies":"Giant Head","floor":44,"turns":8},{"damage":0,"enemies":"Sphere and 2 Shapes","floor":45,"turns":6},{"damage":3,"enemies":"Transient","floor":46,"turns":5},{"damage":17,"enemies":"Nemesis","floor":47,"turns":7},{"damage":13,"enemies":"Awakened One","floor":50,"turns":9},{"damage":25,"enemies":"Shield and Spear","floor":54,"turns":6},{"damage":63,"enemies":"The Heart","floor":55,"turns":8}],"seed_played":"2687466795113928486","potions_obtained":[{"floor":1,"key":"Poison Potion"},{"floor":2,"key":"Energy Potion"},{"floor":7,"key":"FearPotion"},{"floor":10,"key":"SkillPotion"},{"floor":22,"key":"Fire Potion"},{"floor":24,"key":"Ancient Potion"},{"floor":27,"key":"AttackPotion"},{"floor":28,"key":"SmokeBomb"}],"is_trial":false,"path_per_floor":["?","?","?","?","M"],"character_chosen":"IRONCLAD","items_purchased":["Membership Card","Art of War","Happy Flower","True Grit+1","Blood Vial","Darkstone Periapt","Frozen Eye","OrangePellets"],"campfire_rested":1,"item_purchase_floors":[36,36,36,36,48,48,48,53],"current_hp_per_floor":[80,80,80,80,60,60,27,51,51,37,43,33,39,45,45,40,80,80,80,80,80,80,80,80,80,80,80,79,79,79,80,80,44,80,80,80,80,80,80,74,80,60,60,66,72,75,64,64,64,59,80,80,80,61,0],"gold":97,"neow_bonus":"UPGRADE_CARD","is_prod":false,"is_daily":false,"chose_seed":false,"campfire_upgraded":7,"win_rate":0,"timestamp":1549174294,"path_taken":["M","M","M","M","?","R","E","R","T","E","M","E","M","M","R","BOSS","M","M","?","M","M","R","E","R","T","E","M","R","?","M","R","BOSS","M","$","?","M","M","E","?","E","T","E","M","M","E","$","R","BOSS","R","$","E","BOSS"],"build_version":"2019-01-23","purchased_purges":3,"victory":false,"max_hp_per_floor":[80,80,80,80,80,80,80,80,80,80,80,80,80,80,80,80,80,80,80,80,80,80,80,80,80,80,80,80,80,80,80,80,80,80,80,80,80,80,80,80,80,80,80,80,80,80,80,80,80,80,80,80,80,80,80],"card_choices":[{"not_picked":["Inflame","Cleave"],"picked":"Shrug It Off","floor":1},{"not_picked":["Seeing Red","Dual Wield"],"picked":"Shrug It Off","floor":2},{"not_picked":["Anger","Warcry"],"picked":"Iron Wave","floor":3},{"not_picked":["Carnage","Perfected Strike","Flame Barrier"],"picked":"SKIP","floor":4},{"not_picked":["Wild Strike","Dual Wield","Offering"],"picked":"SKIP","floor":7},{"not_picked":["Twin Strike","Clothesline","Dark Embrace"],"picked":"SKIP","floor":10},{"not_picked":["Thunderclap","Battle Trance"],"picked":"Warcry","floor":11},{"not_picked":["Pommel Strike","Power Through"],"picked":"Metallicize","floor":12},{"not_picked":["Wild Strike","Flex+1"],"picked":"Metallicize","floor":13},{"not_picked":["Perfected Strike","Whirlwind"],"picked":"Body Slam","floor":14},{"not_picked":["Dropkick","Corruption"],"picked":"True Grit+1","floor":18},{"not_picked":["Heavy Blade","Ghostly Armor+1"],"picked":"Shrug It Off+1","floor":19},{"not_picked":["Thunderclap+1","Cleave+1","Dual Wield+1"],"picked":"SKIP","floor":21},{"not_picked":["Anger","Power Through+1","Bloodletting+1"],"picked":"SKIP","floor":22},{"not_picked":["Twin Strike","Combust","Fire Breathing"],"picked":"SKIP","floor":24},{"not_picked":["Brutality","Clash","Heavy Blade+1","Rupture"],"picked":"SKIP","floor":27},{"not_picked":["Headbutt","Perfected Strike+1","Rupture+1"],"picked":"Shrug It Off+1","floor":28},{"not_picked":["Battle Trance+1","Power Through+1","Heavy Blade+1"],"picked":"Warcry+1","floor":31},{"not_picked":["Clash+1","Searing Blow","Cleave"],"picked":"Metallicize","floor":35},{"not_picked":["Thunderclap","Dropkick+1","Fire Breathing","Sword Boomerang"],"picked":"SKIP","floor":38},{"not_picked":["Wild Strike+1","Twin Strike+1","Carnage","Iron Wave"],"picked":"SKIP","floor":39},{"not_picked":["Clash","Sentinel+1","Wild Strike+1"],"picked":"Feel No Pain+1","floor":40},{"not_picked":["Perfected Strike","Clothesline+1","Shrug It Off+1"],"picked":"Body Slam+1","floor":41},{"not_picked":["Shockwave+1","Whirlwind+1","Carnage+1","Body Slam"],"picked":"SKIP","floor":42},{"not_picked":["Bludgeon+1","Shockwave+1","Whirlwind+1"],"picked":"Burning Pact+1","floor":44},{"not_picked":["Sword Boomerang+1","Heavy Blade+1","Spot Weakness+1","Cleave+1"],"picked":"SKIP","floor":45},{"not_picked":["Bloodletting+1","Cleave+1","Seeing Red+1","Clash+1"],"picked":"SKIP","floor":46},{"not_picked":["Reckless Charge+1","Dual Wield+1","Rampage+1","Offering+1"],"picked":"SKIP","floor":47},{"not_picked":["Anger+1","Havoc+1","Rupture"],"picked":"Body Slam+1","floor":54}],"player_experience":181516,"relics_obtained":[{"floor":7,"key":"Whetstone"},{"floor":9,"key":"Red Skull"},{"floor":10,"key":"Bottled Lightning"},{"floor":12,"key":"Toxic Egg 2"},{"floor":24,"key":"Bottled Flame"},{"floor":26,"key":"Question Card"},{"floor":27,"key":"Lantern"},{"floor":40,"key":"Bag of Marbles"},{"floor":42,"key":"Molten Egg 2"},{"floor":44,"key":"Centennial Puzzle"},{"floor":47,"key":"Dream Catcher"},{"floor":54,"key":"Oddly Smooth Stone"}],"event_choices":[{"damage_healed":0,"gold_gain":0,"player_choice":"Take Damage","damage_taken":20,"relics_obtained":["Golden Idol"],"max_hp_gain":0,"max_hp_loss":0,"event_name":"Golden Idol","floor":5,"gold_loss":0},{"damage_healed":0,"gold_gain":0,"player_choice":"Read","damage_taken":0,"max_hp_gain":0,"max_hp_loss":0,"event_name":"The Library","floor":20,"gold_loss":0,"cards_obtained":["Body Slam"]},{"cards_removed":["Bash"],"damage_healed":0,"gold_gain":0,"player_choice":"Elegance","damage_taken":0,"max_hp_gain":0,"max_hp_loss":0,"event_name":"Back to Basics","floor":30,"gold_loss":0},{"damage_healed":0,"gold_gain":0,"player_choice":"Got Potions","damage_taken":0,"max_hp_gain":0,"max_hp_loss":0,"event_name":"Lab","floor":37,"gold_loss":0}],"is_beta":false,"boss_relics":[{"not_picked":["Black Blood","Velvet Choker"],"picked":"Runic Pyramid"},{"not_picked":["Astrolabe","White Beast Statue"],"picked":"Sozu"}],"items_purged_floors":[36,48,53],"is_endless":false,"potions_floor_spawned":[1,2,7,10,22,24,27,28,38,39,42,44,46],"killed_by":"The Heart","ascension_level":1}