{"gold_per_floor":[113,113,131,206,171,205,205,225,297,330,330,13,32,32,32,130,130,141,141,154,154,154],"floor_reached":22,"playtime":858,"items_purged":[],"score":364,"play_id":"83acf64c-948e-4bbd-b4f5-6e559eb87879","local_time":"20181102115306","is_ascension_mode":true,"campfire_choices":[{"data":"Pommel Strike","floor":7,"key":"SMITH"},{"data":"Spot Weakness","floor":15,"key":"SMITH"}],"neow_cost":"TEN_PERCENT_HP_LOSS","seed_source_timestamp":1966038836833198,"circlet_count":0,"master_deck":["Strike_R","Strike_R","Strike_R","Strike_R","Strike_R","Defend_R","Defend_R","Defend_R","Defend_R","Bash","Feed+1","Pommel Strike+1","Headbutt","Twin Strike","Spot Weakness+1","Shrug It Off+1","Spot Weakness+1","Heavy Blade","Pommel Strike","Bludgeon","Perfected Strike","Shrug It Off+1","J.A.X.+1"],"relics":["Burning Blood","Ancient Tea Set","Question Card","Toxic Egg 2","Letter Opener","Lee\u0027s Waffle","Lizard Tail"],"potions_floor_usage":[16,20],"damage_taken":[{"damage":0,"enemies":"Small Slimes","floor":1,"turns":3},{"damage":1,"enemies":"Cultist","floor":3,"turns":3},{"damage":32,"enemies":"Gremlin Nob","floor":6,"turns":4},{"damage":0,"enemies":"2 Louse","floor":8,"turns":2},{"damage":57,"enemies":"Lagavulin","floor":10,"turns":7},{"damage":6,"enemies":"Looter","floor":13,"turns":3},{"damage":0,"enemies":"Slime Boss","floor":16,"turns":5},{"damage":41,"enemies":"2 Thieves","floor":18,"turns":4},{"damage":35,"enemies":"Colosseum Slavers","floor":19,"turns":6},{"damage":43,"enemies":"3 Byrds","floor":20,"turns":6},{"damage":56,"enemies":"Centurion and Healer","floor":22,"turns":5}],"seed_played":"-3194849192769969054","potions_obtained":[{"floor":13,"key":"SteroidPotion"},{"floor":16,"key":"Strength Potion"},{"floor":20,"key":"SpeedPotion"}],"is_trial":false,"path_per_floor":["M","?","M","?","?","E","R","M","T","E","T","$","M","$","R","B",null,"M","?","M","?","M"],"character_chosen":"IRONCLAD","items_purchased":["Lee\u0027s Waffle","Spot Weakness+1","Heavy Blade"],"campfire_rested":0,"item_purchase_floors":[12,12,12],"current_hp_per_floor":[75,75,79,68,79,53,53,63,63,12,12,90,90,90,90,94,94,59,34,48,48,0],"gold":154,"neow_bonus":"THREE_RARE_CARDS","is_prod":false,"is_daily":false,"chose_seed":false,"campfire_upgraded":2,"win_rate":0,"timestamp":1541181186,"path_taken":["M","?","?","?","?","E","R","M","T","E","?","$","M","?","R","BOSS","M","?","M","?","M"],"build_version":"2018-11-01","purchased_purges":0,"victory":false,"max_hp_per_floor":[75,75,79,79,79,79,79,83,83,83,83,90,90,90,90,94,94,94,98,98,98,102],"card_choices":[{"not_picked":["Dark Embrace","Bludgeon"],"picked":"Feed","floor":0},{"not_picked":["Havoc","Heavy Blade"],"picked":"Pommel Strike","floor":1},{"not_picked":["Clothesline","Evolve"],"picked":"Headbutt","floor":3},{"not_picked":["Bludgeon","Hemokinesis"],"picked":"Twin Strike","floor":6},{"not_picked":["Clash","Infernal Blade"],"picked":"Spot Weakness","floor":8},{"not_picked":["Thunderclap","Sword Boomerang","Combust"],"picked":"Shrug It Off","floor":10},{"not_picked":["Wild Strike","Havoc+1","Sword Boomerang"],"picked":"Pommel Strike","floor":13},{"not_picked":["Berserk","Fiend Fire","Demon Form"],"picked":"Bludgeon","floor":16},{"not_picked":["Shrug It Off+1","Combust","Armaments+1"],"picked":"Perfected Strike","floor":18},{"not_picked":["Iron Wave","Rage+1","Thunderclap"],"picked":"Shrug It Off+1","floor":20}],"player_experience":990396,"relics_obtained":[{"floor":6,"key":"Ancient Tea Set"},{"floor":9,"key":"Question Card"},{"floor":10,"key":"Toxic Egg 2"},{"floor":11,"key":"Letter Opener"}],"event_choices":[{"damage_healed":0,"gold_gain":0,"player_choice":"Upgraded","damage_taken":0,"max_hp_gain":0,"max_hp_loss":0,"event_name":"Upgrade Shrine","floor":2,"gold_loss":0,"cards_upgraded":["Feed"]},{"damage_healed":0,"gold_gain":75,"player_choice":"Gather Gold","damage_taken":11,"max_hp_gain":0,"max_hp_loss":0,"event_name":"World of Goop","floor":4,"gold_loss":0},{"damage_healed":19,"gold_gain":0,"player_choice":"Healed","damage_taken":0,"max_hp_gain":0,"max_hp_loss":0,"event_name":"The Cleric","floor":5,"gold_loss":35},{"damage_healed":0,"gold_gain":0,"player_choice":"Fight","damage_taken":0,"max_hp_gain":0,"max_hp_loss":0,"event_name":"Colosseum","floor":19,"gold_loss":0},{"damage_healed":0,"gold_gain":0,"player_choice":"Fled From Nobs","damage_taken":0,"max_hp_gain":0,"max_hp_loss":0,"event_name":"Colosseum","floor":19,"gold_loss":0},{"damage_healed":0,"gold_gain":0,"player_choice":"Obtain J.A.X.","damage_taken":0,"max_hp_gain":0,"max_hp_loss":0,"event_name":"Drug Dealer","floor":21,"gold_loss":0,"cards_obtained":["J.A.X."]}],"is_beta":false,"boss_relics":[{"not_picked":["Coffee Dripper","Calling Bell"],"picked":"Lizard Tail"}],"items_purged_floors":[],"is_endless":false,"potions_floor_spawned":[13,16,20],"killed_by":"Centurion and Healer","ascension_level":8}