{"gold_per_floor":[116,132,132,142,157,157,157,172,172,172,199,215,215,232,232,337,337,347,347,366,366],"floor_reached":21,"playtime":689,"items_purged":[],"score":233,"play_id":"58f6e454-805f-4e51-a558-6b3e00f982cf","local_time":"20190218121538","is_ascension_mode":false,"campfire_choices":[{"data":"Rampage","floor":6,"key":"SMITH"},{"data":"Shrug It Off","floor":10,"key":"SMITH"},{"data":"Flex","floor":13,"key":"SMITH"},{"floor":15,"key":"REST"}],"neow_cost":"NONE","seed_source_timestamp":238967327532034,"circlet_count":0,"master_deck":["Strike_R","Strike_R","Strike_R","Strike_R+1","Strike_R","Defend_R","Defend_R+1","Defend_R","Defend_R","Bash","Rampage+1","Flex+1","Shrug It Off+1","Bludgeon","Twin Strike","Shrug It Off","Reaper","Shrug It Off","Double Tap","Ghostly Armor","Flex","Armaments"],"relics":["Black Blood"],"potions_floor_usage":[11,11,16,20,21],"damage_taken":[{"damage":14,"enemies":"Jaw Worm","floor":1,"turns":4},{"damage":6,"enemies":"2 Louse","floor":2,"turns":3},{"damage":0,"enemies":"Small Slimes","floor":4,"turns":3},{"damage":8,"enemies":"2 Fungi Beasts","floor":5,"turns":4},{"damage":5,"enemies":"3 Louse","floor":8,"turns":4},{"damage":25,"enemies":"Lagavulin","floor":11,"turns":4},{"damage":1,"enemies":"Exordium Wildlife","floor":12,"turns":3},{"damage":10,"enemies":"2 Fungi Beasts","floor":14,"turns":4},{"damage":0,"enemies":"Slime Boss","floor":16,"turns":5},{"damage":16,"enemies":"Chosen","floor":18,"turns":6},{"damage":51,"enemies":"Shell Parasite","floor":20,"turns":11},{"damage":42,"enemies":"Sentry and Sphere","floor":21,"turns":11}],"seed_played":"-3465420875036561762","potions_obtained":[{"floor":4,"key":"FearPotion"},{"floor":8,"key":"Poison Potion"},{"floor":12,"key":"Fire Potion"},{"floor":14,"key":"EssenceOfSteel"},{"floor":16,"key":"GamblersBrew"}],"is_trial":false,"path_per_floor":["M","M","?","M","M","R","?","M","T","R","E","M","R","M","R","B",null,"M","?","M","M"],"character_chosen":"IRONCLAD","items_purchased":[],"campfire_rested":1,"item_purchase_floors":[],"current_hp_per_floor":[80,80,62,68,66,66,66,67,67,67,48,53,53,59,85,88,88,82,82,41,0],"gold":366,"neow_bonus":"TEN_PERCENT_HP_BONUS","is_prod":false,"is_daily":false,"chose_seed":false,"campfire_upgraded":3,"win_rate":0,"timestamp":1550517338,"path_taken":["M","M","?","M","M","R","?","M","T","R","E","M","R","M","R","BOSS","M","?","M","M"],"build_version":"2019-01-23","purchased_purges":0,"victory":false,"max_hp_per_floor":[88,88,88,88,88,88,88,88,88,88,88,88,88,88,88,88,88,88,88,88,88],"card_choices":[{"not_picked":["Thunderclap","Rage"],"picked":"Rampage","floor":1},{"not_picked":["Perfected Strike","Headbutt"],"picked":"Flex","floor":2},{"not_picked":["Spot Weakness","Feel No Pain"],"picked":"Shrug It Off","floor":4},{"not_picked":["Perfected Strike","Havoc"],"picked":"Bludgeon","floor":5},{"not_picked":["Wild Strike","Anger"],"picked":"Twin Strike","floor":8},{"not_picked":["Hemokinesis","Sentinel"],"picked":"Shrug It Off","floor":11},{"not_picked":["True Grit","Pommel Strike"],"picked":"Reaper","floor":12},{"not_picked":["Cleave","Heavy Blade"],"picked":"Shrug It Off","floor":14},{"not_picked":["Dark Embrace","Offering"],"picked":"Double Tap","floor":16},{"not_picked":["True Grit","Dropkick"],"picked":"Ghostly Armor","floor":18},{"not_picked":["Warcry+1","Thunderclap"],"picked":"Armaments","floor":20}],"player_experience":1521954,"relics_obtained":[],"event_choices":[{"damage_healed":0,"gold_gain":0,"player_choice":"Entered Light","damage_taken":18,"max_hp_gain":0,"max_hp_loss":0,"event_name":"Shining Light","floor":3,"gold_loss":0,"cards_upgraded":["Defend_R","Strike_R"]},{"damage_healed":0,"gold_gain":0,"player_choice":"Searched \u00270\u0027 times","damage_taken":0,"max_hp_gain":0,"max_hp_loss":0,"event_name":"Dead Adventurer","floor":7,"gold_loss":0},{"damage_healed":0,"gold_gain":0,"player_choice":"Read","damage_taken":0,"max_hp_gain":0,"max_hp_loss":0,"event_name":"The Library","floor":19,"gold_loss":0,"cards_obtained":["Flex"]}],"is_beta":false,"boss_relics":[{"not_picked":["Lizard Tail","Ectoplasm"],"picked":"Black Blood"}],"items_purged_floors":[],"is_endless":false,"potions_floor_spawned":[4,8,12,14,16],"killed_by":"Sentry and Sphere","ascension_level":0}