{"gold_per_floor":[119,76,26,45,45,45,57,76,99,116,133,133,149,169,169,274,274,290,303,320,334,259,259,93,93,116,136,136,150,150,150,150,254,254,269,269,286,305,324,324,340,356,427,427,81,120,131,148,148,148],"floor_reached":50,"playtime":2859,"items_purged":["Defend_G+1"],"score":496,"play_id":"23380fa5-7faf-4ea9-afdc-1eb710f0e01b","local_time":"20190213171316","is_ascension_mode":false,"campfire_choices":[{"data":"Backflip","floor":6.0,"key":"SMITH"},{"data":"Noxious Fumes","floor":12.0,"key":"SMITH"},{"data":"Catalyst","floor":15.0,"key":"SMITH"},{"data":"Adrenaline","floor":23.0,"key":"SMITH"},{"data":"Jack Of All Trades","floor":25.0,"key":"SMITH"},{"floor":32.0,"key":"REST"},{"floor":40.0,"key":"REST"},{"floor":49,"key":"REST"}],"neow_cost":"NONE","seed_source_timestamp":76239172699015,"circlet_count":0,"master_deck":["Defend_G+1","Defend_G+1","Defend_G+1","Defend_G+1","Strike_G+1","Strike_G+1","Strike_G+1","Survivor","Neutralize","Backflip+1","Outmaneuver","Adrenaline+1","Deadly Poison","Backflip","Noxious Fumes+1","Leg Sweep","Catalyst+1","Malaise","PiercingWail","Backflip+1","Poisoned Stab+1","Footwork","Jack Of All Trades+1","Catalyst","Deflect+1","Venomology","Calculated Gamble+1","Poisoned Stab+1","Acrobatics+1","Outmaneuver","Dodge and Roll+1","Bouncing Flask+1","Deflect","Finesse","Footwork","Heel Hook+1","Noxious Fumes+1"],"special_seed":0,"relics":["Ring of the Snake"],"potions_floor_usage":[48,48,50],"damage_taken":[{"damage":4.0,"enemies":"Jaw Worm","floor":1.0,"turns":5.0},{"damage":0.0,"enemies":"2 Louse","floor":4.0,"turns":4.0},{"damage":0.0,"enemies":"Small Slimes","floor":7.0,"turns":3.0},{"damage":0.0,"enemies":"3 Louse","floor":8.0,"turns":4.0},{"damage":1.0,"enemies":"Blue Slaver","floor":10.0,"turns":4.0},{"damage":0.0,"enemies":"Looter","floor":11.0,"turns":4.0},{"damage":3.0,"enemies":"Lots of Slimes","floor":13.0,"turns":4.0},{"damage":0.0,"enemies":"2 Fungi Beasts","floor":14.0,"turns":4.0},{"damage":14.0,"enemies":"Hexaghost","floor":16.0,"turns":8.0},{"damage":0.0,"enemies":"Shell Parasite","floor":18.0,"turns":6.0},{"damage":7.0,"enemies":"3 Byrds","floor":19.0,"turns":7.0},{"damage":5.0,"enemies":"Centurion and Healer","floor":20.0,"turns":11.0},{"damage":1.0,"enemies":"Snake Plant","floor":21.0,"turns":5.0},{"damage":0.0,"enemies":"Chosen and Byrds","floor":27.0,"turns":7.0},{"damage":3.0,"enemies":"Colosseum Slavers","floor":28.0,"turns":7.0},{"damage":9.0,"enemies":"Snecko","floor":29.0,"turns":6.0},{"damage":11.0,"enemies":"Automaton","floor":33.0,"turns":6.0},{"damage":10.0,"enemies":"3 Shapes","floor":35.0,"turns":5.0},{"damage":16.0,"enemies":"3 Darklings","floor":37.0,"turns":7.0},{"damage":9.0,"enemies":"Sphere and 2 Shapes","floor":38.0,"turns":7.0},{"damage":0.0,"enemies":"4 Shapes","floor":39.0,"turns":7.0},{"damage":32.0,"enemies":"Transient","floor":41.0,"turns":5.0},{"damage":3.0,"enemies":"Spire Growth","floor":42.0,"turns":6.0},{"damage":0.0,"enemies":"4 Shapes","floor":46.0,"turns":7.0},{"damage":14.0,"enemies":"Sphere and 2 Shapes","floor":47.0,"turns":7.0},{"damage":10,"enemies":"Transient","floor":48,"turns":5},{"damage":67,"enemies":"Time Eater","floor":50,"turns":17}],"seed_played":"-983566662968318585","potions_obtained":[{"floor":4.0,"key":"FairyPotion"},{"floor":7.0,"key":"Weak Potion"},{"floor":10.0,"key":"Fruit Juice"},{"floor":16.0,"key":"Poison Potion"},{"floor":19.0,"key":"Ancient Potion"},{"floor":20.0,"key":"Block Potion"},{"floor":29.0,"key":"Energy Potion"},{"floor":33.0,"key":"PowerPotion"},{"floor":37.0,"key":"GhostInAJar"},{"floor":46.0,"key":"Weak Potion"},{"floor":47.0,"key":"EssenceOfSteel"}],"is_trial":false,"path_per_floor":["M","?","?","M","T","R","M","M","T","M","M","R","M","M","R","B",null,"M","M","M","M","?","R","$","R","T","M","?","M","T","?","R","B",null,"M","?","M","M","M","R","M","M","T","?","$","M","M","M","R","B"],"character_chosen":"THE_SILENT","items_purchased":["Footwork","Jack Of All Trades","Deflect","Finesse","Footwork","LiquidBronze"],"campfire_rested":3,"item_purchase_floors":[24,24,45,45,45,45],"current_hp_per_floor":[73,73,73,73,73,73,73,73,73,77,77,77,74,74,74,60,82,82,75,70,69,69,69,69,69,69,69,66,57,57,57,81,70,82,72,72,56,47,47,71,39,36,36,36,36,36,22,12,36,0],"gold":148,"neow_bonus":"TEN_PERCENT_HP_BONUS","is_prod":false,"is_daily":false,"chose_seed":false,"campfire_upgraded":5,"win_rate":0,"timestamp":1550103196,"path_taken":["M","?","?","M","?","R","M","M","T","M","M","R","M","M","R","BOSS","M","M","M","M","?","R","$","R","T","M","?","M","?","?","R","BOSS","M","?","M","M","M","R","?","M","T","?","$","M","M","M","R","BOSS"],"build_version":"2019-01-23","purchased_purges":1,"victory":false,"max_hp_per_floor":[77,77,77,77,77,77,77,77,77,82,82,82,82,82,82,82,82,82,82,82,82,82,82,82,82,82,82,82,82,82,82,82,82,82,82,82,82,82,82,82,82,82,82,82,82,82,82,82,82,82],"card_choices":[{"not_picked":["Dagger Spray","All Out Attack"],"picked":"Backflip","floor":1.0},{"not_picked":["Dagger Spray","Acrobatics"],"picked":"Outmaneuver","floor":4.0},{"not_picked":["Blade Dance","Riddle With Holes"],"picked":"Adrenaline","floor":7.0},{"not_picked":["Caltrops","Flying Knee"],"picked":"Deadly Poison","floor":8.0},{"not_picked":["Flying Knee","Quick Slash"],"picked":"Backflip","floor":10.0},{"not_picked":["Accuracy","Heel Hook"],"picked":"Noxious Fumes","floor":11.0},{"not_picked":["Slice","Dagger Throw"],"picked":"Leg Sweep","floor":13.0},{"not_picked":["After Image","Footwork"],"picked":"Catalyst","floor":14.0},{"not_picked":["Grand Finale","Tools of the Trade"],"picked":"Malaise","floor":16.0},{"not_picked":["Dagger Spray","Acrobatics"],"picked":"PiercingWail","floor":18.0},{"not_picked":["Dash","Flying Knee+1","Sucker Punch"],"picked":"SKIP","floor":19.0},{"not_picked":["Outmaneuver","Slice"],"picked":"Backflip+1","floor":20.0},{"not_picked":["Infinite Blades","Doppelganger"],"picked":"Poisoned Stab+1","floor":21.0},{"not_picked":["Prepared","Slice"],"picked":"Catalyst","floor":27.0},{"not_picked":["Choke","Backstab"],"picked":"Deflect+1","floor":29.0},{"not_picked":["Wraith Form v2","Tools of the Trade"],"picked":"Venomology","floor":33.0},{"not_picked":["Slice+1","Outmaneuver"],"picked":"Calculated Gamble+1","floor":35.0},{"not_picked":["Dagger Throw","Infinite Blades+1"],"picked":"Poisoned Stab+1","floor":37.0},{"not_picked":["Cloak And Dagger+1","Unload"],"picked":"Acrobatics+1","floor":38.0},{"not_picked":["Acrobatics+1","Terror+1"],"picked":"Outmaneuver","floor":39.0},{"not_picked":["Terror","Slice+1"],"picked":"Dodge and Roll+1","floor":41.0},{"not_picked":["Riddle With Holes+1","Sucker Punch"],"picked":"Bouncing Flask+1","floor":42.0},{"not_picked":["Blade Dance+1","Concentrate+1"],"picked":"Heel Hook+1","floor":46.0},{"not_picked":["Quick Slash+1","Blade Dance","Acrobatics"],"picked":"SKIP","floor":47.0},{"not_picked":["Deadly Poison","Footwork"],"picked":"Noxious Fumes+1","floor":48}],"player_experience":1458838,"relics_obtained":[],"event_choices":[{"damage_healed":0.0,"max_hp_gain":0.0,"max_hp_loss":0.0,"gold_gain":0.0,"event_name":"World of Goop","player_choice":"Left Gold","floor":2.0,"gold_loss":43.0,"damage_taken":0.0},{"cards_removed":["Strike_G"],"damage_healed":0.0,"max_hp_gain":0.0,"max_hp_loss":0.0,"gold_gain":0.0,"event_name":"The Cleric","player_choice":"Card Removal","floor":3.0,"gold_loss":50.0,"damage_taken":0.0},{"cards_removed":["Strike_G"],"damage_healed":0.0,"max_hp_gain":0.0,"max_hp_loss":0.0,"gold_gain":0.0,"event_name":"Beggar","player_choice":"Gave Gold","floor":22.0,"gold_loss":75.0,"damage_taken":0.0},{"damage_healed":0.0,"max_hp_gain":0.0,"max_hp_loss":0.0,"gold_gain":0.0,"event_name":"Colosseum","player_choice":"Fight","floor":28.0,"gold_loss":0.0,"damage_taken":0.0},{"damage_healed":0.0,"max_hp_gain":0.0,"max_hp_loss":0.0,"gold_gain":0.0,"event_name":"Colosseum","player_choice":"Fled From Nobs","floor":28.0,"gold_loss":0.0,"damage_taken":0.0},{"damage_healed":0.0,"max_hp_gain":0.0,"max_hp_loss":0.0,"gold_gain":0.0,"event_name":"Back to Basics","player_choice":"Simplicity","floor":31.0,"gold_loss":0.0,"damage_taken":0.0,"cards_upgraded":["Defend_G","Defend_G","Defend_G","Defend_G","Defend_G","Strike_G","Strike_G","Strike_G"]},{"damage_healed":0.0,"max_hp_gain":0.0,"max_hp_loss":0.0,"gold_gain":0.0,"event_name":"WeMeetAgain","player_choice":"Ignored","floor":36.0,"gold_loss":0.0,"damage_taken":0.0},{"damage_healed":0.0,"max_hp_gain":0.0,"max_hp_loss":0.0,"gold_gain":0.0,"event_name":"Tomb of Lord Red Mask","player_choice":"Ignored","floor":44.0,"gold_loss":0.0,"damage_taken":0.0}],"is_beta":false,"boss_relics":[{"not_picked":["Busted Crown","Black Star","Pandora\u0027s Box"]},{"not_picked":["Snecko Eye","WristBlade","Eternal Feather"]}],"items_purged_floors":[45],"is_endless":false,"potions_floor_spawned":[4,7,10,16,19,20,29,33,35,37,38,46,47],"killed_by":"Time Eater","ascension_level":0}