{"gold_per_floor":[115,127,202,7,79,79,107,118,202,236,236,255,271,271],"floor_reached":14,"playtime":723,"items_purged":["Strike_G"],"score":165,"play_id":"df9aae21-a554-4c21-ac41-ea0a666d15f9","local_time":"20190402012359","is_ascension_mode":true,"campfire_choices":[{"data":"Footwork","floor":6,"key":"SMITH"}],"neow_cost":"NONE","seed_source_timestamp":1475828945051591,"circlet_count":0,"master_deck":["AscendersBane","Defend_G","Defend_G","Defend_G","Defend_G","Defend_G","Strike_G+1","Strike_G","Strike_G","Strike_G+1","Survivor","Neutralize","Dagger Spray","Leg Sweep","Footwork+1","Dash","All Out Attack","Poisoned Stab","A Thousand Cuts","Footwork","Dagger Throw"],"relics":["Ring of the Snake","Lantern","Tiny Chest","Tingsha"],"potions_floor_usage":[10],"damage_taken":[{"damage":4,"enemies":"2 Louse","floor":1,"turns":4},{"damage":7,"enemies":"Small Slimes","floor":2,"turns":4},{"damage":11,"enemies":"Lagavulin","floor":7,"turns":17},{"damage":0,"enemies":"Jaw Worm","floor":8,"turns":4},{"damage":2,"enemies":"3 Sentries","floor":10,"turns":8},{"damage":0,"enemies":"3 Louse","floor":12,"turns":3},{"damage":6,"enemies":"2 Fungi Beasts","floor":13,"turns":3},{"damage":14,"enemies":"Gremlin Nob","floor":14,"turns":3}],"seed_played":"4365851128392620555","potions_obtained":[{"floor":2,"key":"Energy Potion"},{"floor":7,"key":"Fire Potion"}],"is_trial":false,"path_per_floor":["?","?","?","M"],"character_chosen":"THE_SILENT","items_purchased":["Footwork","Dash"],"campfire_rested":0,"item_purchase_floors":[4,4],"current_hp_per_floor":[66,59,48,48,48,48,37,37,37,35,20,20,14,0],"gold":271,"neow_bonus":"TEN_PERCENT_HP_BONUS","is_prod":false,"is_daily":false,"chose_seed":false,"campfire_upgraded":1,"win_rate":0,"timestamp":1554182639,"path_taken":["M","M","?","$","?","R","E","M","T","E","?","M","?","E"],"build_version":"2019-01-23","purchased_purges":1,"victory":false,"max_hp_per_floor":[77,77,77,77,77,77,77,77,77,77,77,77,77,77],"card_choices":[{"not_picked":["Dagger Throw","Dodge and Roll"],"picked":"Dagger Spray","floor":1},{"not_picked":["Masterful Stab","Dagger Spray"],"picked":"Leg Sweep","floor":2},{"not_picked":["Flying Knee","Sucker Punch"],"picked":"All Out Attack","floor":7},{"not_picked":["Blade Dance","Expertise"],"picked":"Poisoned Stab","floor":8},{"not_picked":["Calculated Gamble","Dodge and Roll"],"picked":"A Thousand Cuts","floor":10},{"not_picked":["Quick Slash","Dagger Throw"],"picked":"Footwork","floor":12},{"not_picked":["Concentrate","Cloak And Dagger"],"picked":"Dagger Throw","floor":13}],"player_experience":1394667,"relics_obtained":[{"floor":7,"key":"Lantern"},{"floor":9,"key":"Tiny Chest"},{"floor":10,"key":"Tingsha"}],"event_choices":[{"damage_healed":0,"gold_gain":75,"player_choice":"Gather Gold","damage_taken":11,"max_hp_gain":0,"max_hp_loss":0,"event_name":"World of Goop","floor":3,"gold_loss":0},{"damage_healed":0,"gold_gain":72,"player_choice":"Gained Gold","damage_taken":0,"max_hp_gain":0,"max_hp_loss":0,"event_name":"Golden Wing","floor":5,"gold_loss":0},{"damage_healed":0,"gold_gain":0,"player_choice":"Entered Light","damage_taken":15,"max_hp_gain":0,"max_hp_loss":0,"event_name":"Shining Light","floor":11,"gold_loss":0,"cards_upgraded":["Strike_G","Strike_G"]}],"is_beta":false,"boss_relics":[],"items_purged_floors":[4],"is_endless":false,"potions_floor_spawned":[2,7,8],"killed_by":"Gremlin Nob","ascension_level":13}