{"gold_per_floor":[109,127,146,163,163,189,189,114,137,137,163,163,118],"floor_reached":13,"playtime":636,"items_purged":["Strike_R"],"score":163,"play_id":"51e6859a-1951-4f9f-9d2c-fa6111e7356b","local_time":"20190405123112","is_ascension_mode":true,"campfire_choices":[{"floor":7.0,"key":"REST"},{"data":"Pommel Strike","floor":10.0,"key":"SMITH"},{"data":"Clothesline","floor":12.0,"key":"SMITH"}],"neow_cost":"PERCENT_DAMAGE","seed_source_timestamp":1775082188534739,"circlet_count":0,"master_deck":["AscendersBane","Strike_R","Strike_R","Strike_R","Strike_R","Defend_R","Defend_R","Defend_R","Defend_R","Bash+1","Pommel Strike+1","Sword Boomerang","Demon Form","Clothesline+1","Anger"],"special_seed":0,"relics":["Burning Blood","Pen Nib","Oddly Smooth Stone","Bag of Preparation"],"potions_floor_usage":[],"damage_taken":[{"damage":14.0,"enemies":"2 Louse","floor":1.0,"turns":3.0},{"damage":7.0,"enemies":"Jaw Worm","floor":2.0,"turns":5.0},{"damage":4.0,"enemies":"Small Slimes","floor":3.0,"turns":3.0},{"damage":32.0,"enemies":"Exordium Wildlife","floor":4.0,"turns":6.0},{"damage":20.0,"enemies":"Gremlin Nob","floor":6.0,"turns":4.0},{"damage":22.0,"enemies":"Lagavulin","floor":11.0,"turns":8.0},{"damage":38,"enemies":"Exordium Thugs","floor":13,"turns":3}],"seed_played":"-4382941384708712054","potions_obtained":[{"floor":1.0,"key":"Ancient Potion"},{"floor":3.0,"key":"Weak Potion"}],"is_trial":false,"path_per_floor":["?"],"character_chosen":"IRONCLAD","items_purchased":[],"campfire_rested":1,"item_purchase_floors":[],"current_hp_per_floor":[56,55,57,31,31,17,43,43,43,43,27,27,0],"gold":118,"neow_bonus":"TWENTY_PERCENT_HP_BONUS","is_prod":false,"is_daily":false,"chose_seed":false,"campfire_upgraded":2,"win_rate":0,"timestamp":1554481872,"path_taken":["M","M","M","M","?","E","R","$","T","R","E","R","M"],"build_version":"2019-01-23","purchased_purges":1,"victory":false,"max_hp_per_floor":[89,89,89,89,89,89,89,89,89,89,89,89,89],"card_choices":[{"not_picked":["Fire Breathing","Infernal Blade","Body Slam"],"picked":"SKIP","floor":1.0},{"not_picked":["Flex","Heavy Blade"],"picked":"Pommel Strike","floor":2.0},{"not_picked":["Body Slam","Infernal Blade"],"picked":"Sword Boomerang","floor":3.0},{"not_picked":["Twin Strike","Cleave"],"picked":"Demon Form","floor":4.0},{"not_picked":["Reckless Charge","Twin Strike"],"picked":"Clothesline","floor":6.0},{"not_picked":["Sword Boomerang","Heavy Blade"],"picked":"Anger","floor":11.0}],"player_experience":1503799,"relics_obtained":[{"floor":6.0,"key":"Pen Nib"},{"floor":9.0,"key":"Oddly Smooth Stone"},{"floor":11.0,"key":"Bag of Preparation"}],"event_choices":[{"damage_healed":0.0,"max_hp_gain":0.0,"max_hp_loss":0.0,"gold_gain":0.0,"event_name":"Living Wall","player_choice":"Grow","floor":5.0,"gold_loss":0.0,"damage_taken":0.0,"cards_upgraded":["Bash"]}],"is_beta":false,"boss_relics":[],"items_purged_floors":[8],"is_endless":false,"potions_floor_spawned":[1,3,11],"killed_by":"Exordium Thugs","ascension_level":15}