{"gold_per_floor":[112,131,155,175,187,219,219,254,305,31,31,31,45,78,78,179,179,164],"floor_reached":18,"playtime":814,"items_purged":[],"score":218,"play_id":"da941e34-cbd7-4dd8-9bc4-f94b24dd452a","local_time":"20181007023110","is_ascension_mode":true,"campfire_choices":[{"floor":7,"key":"REST"},{"data":"Mayhem","floor":11,"key":"SMITH"},{"floor":15,"key":"REST"}],"neow_cost":"NONE","seed_source_timestamp":113618011600494,"circlet_count":0,"master_deck":["Defend_G","Defend_G","Defend_G+1","Defend_G","Defend_G","Strike_G","Strike_G","Strike_G","Survivor+1","Neutralize","All Out Attack","Backstab","Burst","Unload","Leg Sweep","Mayhem+1","Bandage Up","Tactician","Tactician","Unload"],"relics":["Ring of the Snake","Orichalcum","War Paint","Centennial Puzzle","Anchor","Happy Flower","Mummified Hand","Empty Cage"],"potions_floor_usage":[6,6,14,16],"damage_taken":[{"damage":5,"enemies":"Cultist","floor":1,"turns":5},{"damage":4,"enemies":"Jaw Worm","floor":2,"turns":3},{"damage":5,"enemies":"2 Louse","floor":4,"turns":3},{"damage":4,"enemies":"Blue Slaver","floor":5,"turns":4},{"damage":25,"enemies":"Lagavulin","floor":6,"turns":9},{"damage":11,"enemies":"3 Sentries","floor":8,"turns":9},{"damage":15,"enemies":"Large Slime","floor":13,"turns":4},{"damage":10,"enemies":"Lagavulin","floor":14,"turns":8},{"damage":47,"enemies":"Hexaghost","floor":16,"turns":18},{"damage":3,"enemies":"2 Thieves","floor":18,"turns":4}],"seed_played":"3727664693053355328","potions_obtained":[{"floor":1,"key":"Weak Potion"},{"floor":5,"key":"Block Potion"},{"floor":8,"key":"Strength Potion"},{"floor":14,"key":"Fire Potion"}],"is_trial":false,"path_per_floor":["M","M","T","M","M","E","R","E","T","$","R","$","M","E","R","B",null],"character_chosen":"THE_SILENT","items_purchased":["Mayhem","Bandage Up"],"campfire_rested":2,"item_purchase_floors":[10,10],"current_hp_per_floor":[65,61,61,56,52,27,48,37,37,37,37,37,26,24,45,2,70,67],"gold":164,"neow_bonus":"RANDOM_COMMON_RELIC","is_prod":false,"is_daily":false,"chose_seed":false,"campfire_upgraded":1,"win_rate":0,"timestamp":1538893870,"path_taken":["M","?","?","M","M","E","R","E","T","$","R","?","?","E","R","BOSS","M"],"build_version":"2018-10-04","purchased_purges":0,"victory":false,"max_hp_per_floor":[70,70,70,70,70,70,70,70,70,70,70,70,70,70,70,70,70,70],"card_choices":[{"not_picked":["Crippling Poison","Sucker Punch"],"picked":"All Out Attack","floor":1},{"not_picked":["Outmaneuver","Expertise","Choke"],"picked":"SKIP","floor":2},{"not_picked":["Poisoned Stab","Underhanded Strike"],"picked":"Backstab","floor":4},{"not_picked":["Bane","Cloak And Dagger"],"picked":"Burst","floor":5},{"not_picked":["Blur","Eviscerate"],"picked":"Unload","floor":6},{"not_picked":["Bane","Outmaneuver"],"picked":"Leg Sweep","floor":8},{"not_picked":["Dodge and Roll","Dagger Spray"],"picked":"Tactician","floor":13},{"not_picked":["Cloak And Dagger","Poisoned Stab"],"picked":"Tactician","floor":14},{"not_picked":["Night Terror","Tools of the Trade"],"picked":"Unload","floor":16},{"not_picked":["Finisher+1","Concentrate+1","Infinite Blades"],"picked":"SKIP","floor":18}],"player_experience":309469,"relics_obtained":[{"floor":3,"key":"War Paint"},{"floor":6,"key":"Centennial Puzzle"},{"floor":8,"key":"Anchor"},{"floor":9,"key":"Happy Flower"},{"floor":14,"key":"Mummified Hand"}],"event_choices":[],"is_beta":true,"boss_relics":[{"not_picked":["Fusion Hammer","Ring of the Serpent"],"picked":"Empty Cage"}],"items_purged_floors":[],"is_endless":false,"potions_floor_spawned":[1,5,8,14],"killed_by":"2 Thieves","ascension_level":4}