{"gold_per_floor":[117,11,28,42,42,85,85,98,123,156,169,182,200,43,43,174,174,197,230,251,174,190,231,231,249,272,290,290],"floor_reached":28,"playtime":1102,"items_purged":[],"score":267,"play_id":"65c4c621-1168-4f60-993d-25a8151cb2e6","local_time":"20180819154934","is_ascension_mode":true,"campfire_choices":[{"floor":7,"key":"REST"},{"data":"Armaments","floor":15,"key":"SMITH"},{"floor":24,"key":"REST"}],"neow_cost":"NONE","seed_source_timestamp":224454703671455,"circlet_count":0,"master_deck":["Strike_R","Strike_R","Defend_R","Defend_R","Defend_R","Defend_R","Bash","Wild Strike","Inflame","Ghostly Armor","Spot Weakness","Armaments","Sword Boomerang","Immolate","Flex","Sword Boomerang","Heavy Blade","Inflame","Pummel","Armaments+1","Thunderclap","Reaper","Flex+1","Thunderclap+1","Power Through+1","Body Slam+1","Metallicize","Sword Boomerang+1","J.A.X.","Thunderclap+1","Rampage+1","Perfected Strike","Ghostly Armor+1"],"relics":["Burning Blood","Pen Nib","Golden Idol","Regal Pillow","Ancient Tea Set","Orichalcum","Astrolabe","Red Mask","Ornamental Fan","Lantern"],"potions_floor_usage":[6,10,10,16,23,23,28],"damage_taken":[{"damage":13,"enemies":"Cultist","floor":1,"turns":6},{"damage":3,"enemies":"Small Slimes","floor":3,"turns":3},{"damage":1,"enemies":"2 Louse","floor":4,"turns":3},{"damage":19,"enemies":"3 Sentries","floor":6,"turns":7},{"damage":0,"enemies":"Large Slime","floor":8,"turns":5},{"damage":2,"enemies":"Gremlin Nob","floor":10,"turns":3},{"damage":8,"enemies":"Red Slaver","floor":11,"turns":3},{"damage":5,"enemies":"3 Louse","floor":12,"turns":3},{"damage":4,"enemies":"Looter","floor":13,"turns":2},{"damage":26,"enemies":"Slime Boss","floor":16,"turns":8},{"damage":6,"enemies":"Shell Parasite","floor":18,"turns":3},{"damage":44,"floor":19,"turns":5},{"damage":15,"enemies":"Spheric Guardian","floor":20,"turns":5},{"damage":15,"enemies":"Snecko","floor":22,"turns":5},{"damage":58,"enemies":"Book of Stabbing","floor":23,"turns":6},{"damage":23,"enemies":"Centurion and Healer","floor":25,"turns":3},{"damage":30,"enemies":"3 Cultists","floor":27,"turns":4},{"damage":23,"enemies":"Slavers","floor":28,"turns":4}],"seed_played":"3852679643794718402","potions_obtained":[{"floor":3,"key":"PowerPotion"},{"floor":6,"key":"Block Potion"},{"floor":8,"key":"Strength Potion"},{"floor":11,"key":"Strength Potion"},{"floor":20,"key":"Poison Potion"},{"floor":22,"key":"Poison Potion"},{"floor":27,"key":"Fire Potion"}],"is_trial":false,"path_per_floor":["M","$","M","M","?","E","R","M","T","E","M","M","M","$","R","B",null,"M","?","M","?","M","E","R","M","T","M"],"character_chosen":"IRONCLAD","items_purchased":["Inflame","Ghostly Armor","Pummel","Armaments","Thunderclap"],"campfire_rested":2,"item_purchase_floors":[2,2,14,14,14],"current_hp_per_floor":[73,73,76,80,60,47,80,80,80,80,78,79,80,80,80,60,80,80,57,48,48,46,8,47,44,44,20,0],"gold":290,"neow_bonus":"RANDOM_COMMON_RELIC","is_prod":false,"is_daily":false,"chose_seed":false,"campfire_upgraded":1,"win_rate":0,"timestamp":1534715374,"path_taken":["M","$","?","M","?","E","R","M","T","E","M","?","M","$","R","BOSS","M","?","M","?","M","E","R","?","T","?","E"],"build_version":"2018-08-16","purchased_purges":0,"victory":false,"max_hp_per_floor":[80,80,80,80,80,80,80,80,80,80,80,80,80,80,80,80,80,80,80,80,80,80,80,80,80,80,80,80],"card_choices":[{"not_picked":["Clash","Thunderclap"],"picked":"Wild Strike","floor":1},{"not_picked":["Rampage","Iron Wave"],"picked":"Spot Weakness","floor":3},{"not_picked":["Rampage","True Grit"],"picked":"Armaments","floor":4},{"not_picked":["Rage","True Grit"],"picked":"Sword Boomerang","floor":6},{"not_picked":["Cleave","Shockwave"],"picked":"Immolate","floor":8},{"not_picked":["Corruption","Second Wind"],"picked":"Flex","floor":10},{"not_picked":["Uppercut","Warcry"],"picked":"Sword Boomerang","floor":11},{"not_picked":["Clothesline","Sentinel"],"picked":"Heavy Blade","floor":12},{"not_picked":["Cleave","Battle Trance"],"picked":"Inflame","floor":13},{"not_picked":["Bludgeon","Offering"],"picked":"Reaper","floor":16},{"not_picked":["Power Through","Shockwave"],"picked":"Body Slam+1","floor":18},{"not_picked":["Reckless Charge","Corruption"],"picked":"Metallicize","floor":19},{"not_picked":["Rampage","Armaments"],"picked":"Sword Boomerang+1","floor":20},{"not_picked":["Wild Strike","Headbutt"],"picked":"Thunderclap+1","floor":22},{"not_picked":["Twin Strike","Wild Strike+1"],"picked":"Rampage+1","floor":23},{"not_picked":["Havoc","Wild Strike"],"picked":"Perfected Strike","floor":25},{"not_picked":["Havoc","Entrench"],"picked":"Ghostly Armor+1","floor":27}],"player_experience":262764,"relics_obtained":[{"floor":6,"key":"Regal Pillow"},{"floor":9,"key":"Ancient Tea Set"},{"floor":10,"key":"Orichalcum"},{"floor":19,"key":"Red Mask"},{"floor":23,"key":"Ornamental Fan"},{"floor":26,"key":"Lantern"}],"event_choices":[{"event_name":"Golden Idol","player_choice":"Take Damage","floor":5,"damage_taken":0},{"event_name":"Masked Bandits","player_choice":"Fought Bandits","floor":19,"damage_taken":0},{"event_name":"Drug Dealer","player_choice":"Got JAXXED","floor":21,"damage_taken":0}],"is_beta":false,"boss_relics":[{"not_picked":["Ectoplasm","White Beast Statue"],"picked":"Astrolabe"}],"items_purged_floors":[],"is_endless":false,"potions_floor_spawned":[3,6,8,11,20,22,27],"killed_by":"Slavers","ascension_level":1}