{"gold_per_floor":[110,110,285,51,71,71,100,100,127,149,47,60,74,86,86,86],"floor_reached":16,"playtime":561,"items_purged":["Doubt"],"score":145,"play_id":"2a3d6c19-35c1-4d45-bcd1-6826168274ba","local_time":"20181018174648","is_ascension_mode":true,"campfire_choices":[{"data":"Feed","floor":6,"key":"SMITH"},{"data":"Inflame","floor":8,"key":"SMITH"},{"floor":15,"key":"REST"}],"neow_cost":"","seed_source_timestamp":0,"circlet_count":0,"master_deck":["Strike_R","Strike_R","Strike_R","Strike_R","Strike_R","Defend_R","Defend_R","Defend_R","Defend_R","Bash","Armaments+1","Impervious","Feed+1","Inflame+1","Power Through","Seeing Red","Shrug It Off","Immolate","Burning Pact","Shrug It Off"],"special_seed":0,"relics":["Burning Blood","Anchor","Lantern","Odd Mushroom"],"potions_floor_usage":[10,16],"damage_taken":[{"damage":16,"enemies":"Jaw Worm","floor":1,"turns":4},{"damage":0,"enemies":"Small Slimes","floor":5,"turns":4},{"damage":48,"enemies":"Lagavulin","floor":7,"turns":9},{"damage":25,"enemies":"The Mushroom Lair","floor":10,"turns":5},{"damage":0,"enemies":"2 Louse","floor":12,"turns":2},{"damage":8,"enemies":"Exordium Wildlife","floor":13,"turns":6},{"damage":0,"enemies":"3 Louse","floor":14,"turns":1},{"damage":84,"enemies":"Hexaghost","floor":16,"turns":14}],"seed_played":"7454014594540803339","potions_obtained":[{"floor":1,"key":"BloodPotion"},{"floor":10,"key":"SkillPotion"},{"floor":12,"key":"FearPotion"}],"is_trial":false,"path_per_floor":["M","?","?","$","M","R","E","R","T","?","$","M","M","M","R"],"character_chosen":"IRONCLAD","items_purchased":["Impervious","Feed","Shrug It Off"],"campfire_rested":1,"item_purchase_floors":[4,4,11],"current_hp_per_floor":[70,70,70,70,79,79,41,41,41,34,34,44,46,52,81,0],"gold":86,"neow_bonus":"","is_prod":false,"is_daily":false,"chose_seed":false,"campfire_upgraded":2,"win_rate":0,"timestamp":1539906408,"path_taken":["M","?","?","$","M","R","E","R","T","?","$","?","M","M","R","BOSS"],"build_version":"2018-10-11","purchased_purges":1,"victory":false,"max_hp_per_floor":[80,80,80,80,83,83,87,87,87,91,91,95,99,99,99,99],"card_choices":[{"not_picked":["Bloodletting","Wild Strike"],"picked":"Armaments","floor":1},{"not_picked":["Flame Barrier","Anger"],"picked":"Inflame","floor":5},{"not_picked":["Iron Wave","Armaments"],"picked":"Power Through","floor":7},{"not_picked":["Havoc","Headbutt"],"picked":"Seeing Red","floor":10},{"not_picked":["Armaments","Corruption"],"picked":"Immolate","floor":12},{"not_picked":["Spot Weakness","Fire Breathing"],"picked":"Burning Pact","floor":13},{"not_picked":["Warcry","Anger"],"picked":"Shrug It Off","floor":14}],"player_experience":701737,"relics_obtained":[{"floor":7,"key":"Anchor"},{"floor":9,"key":"Lantern"},{"floor":10,"key":"Odd Mushroom"}],"event_choices":[{"event_name":"Living Wall","player_choice":"Grow","floor":2,"damage_taken":0},{"event_name":"Liars Game","player_choice":"agreed","floor":3,"damage_taken":0},{"event_name":"Mushrooms","player_choice":"Fought Mushrooms","floor":10,"damage_taken":0}],"is_beta":false,"boss_relics":[],"items_purged_floors":[11],"is_endless":false,"potions_floor_spawned":[1,10,12],"killed_by":"Hexaghost","ascension_level":4}