{"path_per_floor":["M","?","M","M","M","E","M","R","T","R","$","M","R","?","R","B",null,"M","?","M","M","M","M","?","M","T","E","M","E","?","?","R","B",null,"M","M","?","?","M","E","T","M","T","R","?","R","M","$","R","B"],"character_chosen":"IRONCLAD","items_purchased":["Tiny Chest","Battle Trance","Mummified Hand","Panache","Infernal Blade"],"gold_per_floor":[113,113,132,149,163,196,214,214,214,214,30,43,43,43,43,143,143,160,160,180,195,215,231,231,246,292,320,340,372,372,287,287,392,392,411,429,475,475,490,517,587,607,607,607,607,607,623,43,43,43],"floor_reached":51,"campfire_rested":2,"playtime":7738,"current_hp_per_floor":[80,80,80,83,73,77,58,85,85,85,85,89,89,70,96,77,96,100,100,100,100,100,95,95,103,103,103,100,107,107,117,117,109,117,110,111,110,110,128,128,128,128,128,128,128,128,127,127,127,132],"items_purged":["Injury"],"gold":43,"score":646,"play_id":"0d0c8d99-bb2b-4052-968d-bdd52c7759f5","is_prod":false,"is_daily":false,"is_ascension_mode":false,"campfire_upgraded":6,"path_taken":["M","?","M","M","M","E","M","R","T","R","$","M","R","?","R","BOSS","M","?","M","M","M","?","?","M","T","E","M","E","?","?","R","BOSS","M","M","?","?","M","E","?","?","T","R","?","R","M","$","R","BOSS"],"build_version":"2018-02-15-PROD1","purchased_purges":1,"victory":true,"master_deck":["Strike_R","Strike_R","Strike_R","Strike_R","Strike_R","Defend_R","Defend_R+1","Defend_R","Bash","Corruption+1","Perfected Strike","Feed+1","Shrug It Off+1","Power Through+1","Wild Strike","Battle Trance+1","Reaper","Fiend Fire+1","Disarm","Feed+1","Shrug It Off","Barricade+1","Entrench","Shrug It Off+1","Armaments+1","Intimidate","Intimidate+1","Searing Blow","Limit Break","Spot Weakness+1","Seeing Red+1","Havoc+1","Havoc+1","Bloodletting+1","Clumsy","Flame Barrier+1","Panache","Infernal Blade+1"],"max_hp_per_floor":[80,80,80,83,86,89,92,92,92,92,92,96,96,96,96,96,96,100,100,100,100,100,100,100,103,103,103,107,107,107,117,117,117,117,117,121,124,124,128,128,128,128,128,128,128,128,132,132,132,132],"relics":["Burning Blood","Orichalcum","Dead Branch","Tiny Chest","Question Card","War Paint","Bronze Scales","Centennial Puzzle","Pear","Cursed Key","Gambling Chip","Calipers","Self Forming Clay","Mummified Hand"],"card_choices":[{"not_picked":["Cleave","Combust"],"picked":"Corruption"},{"not_picked":["Anger","Flex"],"picked":"Perfected Strike"},{"not_picked":["True Grit","Pummel"],"picked":"Feed"},{"not_picked":["Pommel Strike","Body Slam"],"picked":"Shrug It Off"},{"not_picked":["Thunderclap","True Grit"],"picked":"Power Through"},{"not_picked":["Anger","Rampage"],"picked":"Wild Strike"},{"not_picked":["Rampage","Warcry"],"picked":"Heavy Blade"},{"not_picked":["Sentinel","Flame Barrier"],"picked":"Reaper"},{"not_picked":["Immolate","Feed"],"picked":"Fiend Fire"},{"not_picked":["Blood for Blood","Sword Boomerang","Anger"],"picked":"Disarm"},{"not_picked":["Reckless Charge","Fire Breathing","Heavy Blade"],"picked":"Shrug It Off"},{"not_picked":["Sword Boomerang","Carnage","Disarm"],"picked":"Barricade"},{"not_picked":["Reckless Charge","Headbutt","Hemokinesis"],"picked":"Entrench"},{"not_picked":["Sword Boomerang","Sever Soul","Combust"],"picked":"Shrug It Off"},{"not_picked":["Wild Strike","Anger","Flex"],"picked":"Armaments"},{"not_picked":["Headbutt","Sword Boomerang","Shockwave"],"picked":"Intimidate"},{"not_picked":["Warcry","Clothesline","Twin Strike"],"picked":"Intimidate"},{"not_picked":["Reaper","Dark Embrace","Double Tap"],"picked":"Limit Break"},{"not_picked":["Sever Soul","Anger","Wild Strike"],"picked":"Spot Weakness"},{"not_picked":["Infernal Blade","Pommel Strike","True Grit"],"picked":"Seeing Red"},{"not_picked":["Clash","Searing Blow","Clothesline"],"picked":"Havoc"},{"not_picked":["Clash","Clothesline","Hemokinesis"],"picked":"Bloodletting"},{"not_picked":["Twin Strike","Wild Strike","Dual Wield"],"picked":"Flame Barrier"}],"player_experience":162191,"potions_floor_usage":[6,7,18,33,33,37,50,50],"damage_taken":[{"damage":5,"enemies":"Cultist","floor":1,"turns":4},{"damage":2,"enemies":"Small Slimes","floor":3,"turns":4},{"damage":6,"enemies":"2 Louse","floor":4,"turns":2},{"damage":19,"enemies":"Blue Slaver","floor":5,"turns":3},{"damage":5,"enemies":"Lagavulin","floor":6,"turns":6},{"damage":28,"enemies":"Gremlin Gang","floor":7,"turns":5},{"damage":6,"enemies":"2 Fungi Beasts","floor":12,"turns":3},{"damage":46,"enemies":"Slime Boss","floor":16,"turns":8},{"damage":3,"enemies":"Chosen","floor":18,"turns":5},{"damage":3,"enemies":"3 Byrds","floor":20,"turns":6},{"damage":5,"enemies":"Snecko","floor":21,"turns":2},{"damage":6,"enemies":"Snake Plant","floor":22,"turns":4},{"damage":15,"enemies":"Centurion and Healer","floor":23,"turns":9},{"damage":0,"enemies":"Chosen and Byrds","floor":25,"turns":2},{"damage":2,"enemies":"Book of Stabbing","floor":27,"turns":6},{"damage":13,"enemies":"Sentry and Sphere","floor":28,"turns":6},{"damage":11,"enemies":"Gremlin Leader","floor":29,"turns":6},{"damage":38,"enemies":"Automaton","floor":33,"turns":5},{"damage":20,"enemies":"3 Darklings","floor":35,"turns":5},{"damage":9,"enemies":"Orb Walker","floor":36,"turns":4},{"damage":20,"enemies":"Mysterious Sphere","floor":37,"turns":5},{"damage":14,"enemies":"4 Shapes","floor":39,"turns":4},{"damage":0,"enemies":"Giant Head","floor":40,"turns":6},{"damage":3,"enemies":"Sphere and 2 Shapes","floor":42,"turns":6},{"damage":15,"enemies":"Maw","floor":47,"turns":8},{"damage":19,"enemies":"Donu and Deca","floor":50,"turns":10}],"event_choices":[{"event_name":"Purifier","player_choice":"One Purge","floor":2,"damage_taken":0},{"event_name":"Shining Light","player_choice":"Entered Light","floor":14,"damage_taken":0},{"event_name":"Duplicator","player_choice":"One dupe","floor":19,"damage_taken":0},{"event_name":"Upgrade Shrine","player_choice":"Upgraded","floor":24,"damage_taken":0},{"event_name":"Transmorgrifier","player_choice":"Transform","floor":30,"damage_taken":0},{"event_name":"Addict","player_choice":"Obtained Relic","floor":31,"damage_taken":0},{"event_name":"Mysterious Sphere","player_choice":"Fight","floor":37,"damage_taken":0},{"event_name":"Match and Keep!","player_choice":"1 cards matched","floor":38,"damage_taken":0},{"event_name":"Tomb of Lord Red Mask","player_choice":"Ignored","floor":45,"damage_taken":0}],"boss_relics":[{"not_picked":["Snecko Eye","White Beast Statue"],"picked":"Question Card"},{"not_picked":["Black Blood","Runic Cube"],"picked":"Cursed Key"}],"potions_floor_spawned":[5,6,12,16,20,21,25,28,36,37,42,47],"seed_played":"9119974861412335436","ascension_level":0,"is_trial":false}