{"gold_per_floor":[113,125,135,147,167,167,167,198,225,236,265,22,40,58,58,130,130,147,163,163,163,183,183,214,239,262,282,302,373,20,37,37,37],"floor_reached":33,"playtime":10043,"items_purged":[],"score":566,"play_id":"57d8b4e3-db58-4333-85bb-7591b2365b20","local_time":"20190405185529","is_ascension_mode":true,"campfire_choices":[{"floor":6,"key":"REST"},{"floor":15,"key":"REST"},{"data":"Zap","floor":23,"key":"SMITH"},{"floor":32,"key":"REST"}],"neow_cost":"NONE","seed_source_timestamp":1788784725773160,"circlet_count":0,"master_deck":["AscendersBane","Strike_B","Strike_B","Strike_B","Defend_B+1","Defend_B","Defend_B+1","Defend_B","Zap+1","Dualcast","Melter","Biased Cognition","Loop+1","Ball Lightning","Cold Snap","Glacier","Coolheaded","Sweeping Beam","Rainbow","Self Repair","Glacier","Chill","Coolheaded"],"relics":["Cracked Core","Bronze Scales","Bag of Preparation","War Paint","Cables","Nuclear Battery","Boot","Red Mask","Oddly Smooth Stone","Letter Opener","Symbiotic Virus"],"potions_floor_usage":[16,31,33],"damage_taken":[{"damage":16,"enemies":"Small Slimes","floor":1,"turns":3},{"damage":0,"enemies":"Jaw Worm","floor":2,"turns":3},{"damage":0,"enemies":"Cultist","floor":3,"turns":3},{"damage":9,"enemies":"Blue Slaver","floor":4,"turns":4},{"damage":20,"enemies":"Exordium Wildlife","floor":5,"turns":3},{"damage":20,"enemies":"3 Sentries","floor":8,"turns":5},{"damage":2,"enemies":"3 Louse","floor":10,"turns":3},{"damage":30,"enemies":"Lagavulin","floor":11,"turns":6},{"damage":0,"enemies":"2 Fungi Beasts","floor":13,"turns":2},{"damage":0,"enemies":"Looter","floor":14,"turns":3},{"damage":0,"enemies":"Slime Boss","floor":16,"turns":6},{"damage":23,"enemies":"2 Thieves","floor":18,"turns":3},{"damage":1,"enemies":"Spheric Guardian","floor":19,"turns":3},{"damage":0,"enemies":"Snake Plant","floor":22,"turns":2},{"damage":31,"enemies":"Gremlin Leader","floor":24,"turns":7},{"damage":16,"enemies":"Masked Bandits","floor":25,"turns":4},{"damage":0,"enemies":"Snecko","floor":27,"turns":5},{"damage":0,"enemies":"Sentry and Sphere","floor":28,"turns":4},{"damage":0,"enemies":"Centurion and Healer","floor":31,"turns":7},{"damage":71,"enemies":"Automaton","floor":33,"turns":6}],"seed_played":"-847849713286302707","potions_obtained":[{"floor":3,"key":"SteroidPotion"},{"floor":4,"key":"PowerPotion"},{"floor":19,"key":"Energy Potion"},{"floor":27,"key":"SkillPotion"},{"floor":31,"key":"GamblersBrew"}],"is_trial":false,"path_per_floor":["?","?","?","M","?","T"],"character_chosen":"DEFECT","items_purchased":["Cables","Symbiotic Virus","Fruit Juice"],"campfire_rested":3,"item_purchase_floors":[12,30,30],"current_hp_per_floor":[48,48,48,39,19,40,63,43,43,41,11,11,11,11,32,32,61,38,37,37,37,44,44,20,4,4,4,11,11,11,23,45,0],"gold":37,"neow_bonus":"RANDOM_COMMON_RELIC","is_prod":false,"is_daily":false,"chose_seed":false,"campfire_upgraded":1,"win_rate":0,"timestamp":1554504929,"path_taken":["M","M","M","M","M","R","?","E","T","M","E","$","M","M","R","BOSS","M","M","?","?","?","R","E","?","T","M","M","?","$","M","R","BOSS"],"build_version":"2019-01-23","purchased_purges":0,"victory":false,"max_hp_per_floor":[71,71,71,71,71,71,71,71,71,71,71,71,71,71,71,71,71,71,71,71,71,71,71,71,71,71,71,71,71,71,76,76,76],"card_choices":[{"not_picked":["Leap","Hologram"],"picked":"Melter","floor":1},{"not_picked":["Stack","Streamline","Leap"],"picked":"SKIP","floor":2},{"not_picked":["Scrape","Streamline"],"picked":"Biased Cognition","floor":3},{"not_picked":["Steam","Streamline"],"picked":"Loop","floor":4},{"not_picked":["Storm","Reprogram"],"picked":"Ball Lightning","floor":5},{"not_picked":["Leap","Meteor Strike","Gash"],"picked":"SKIP","floor":8},{"not_picked":["Compile Driver","Genetic Algorithm"],"picked":"Cold Snap","floor":10},{"not_picked":["Redo","Chill"],"picked":"Glacier","floor":11},{"not_picked":["Compile Driver","Storm"],"picked":"Coolheaded","floor":13},{"not_picked":["Stack","Streamline"],"picked":"Sweeping Beam","floor":14},{"not_picked":["Fission","Core Surge"],"picked":"Rainbow","floor":16},{"not_picked":["Rebound","Beam Cell","Auto Shields"],"picked":"SKIP","floor":18},{"not_picked":["White Noise","Auto Shields"],"picked":"Self Repair","floor":19},{"not_picked":["Barrage","Ball Lightning","Hologram"],"picked":"SKIP","floor":22},{"not_picked":["Cold Snap","Scrape","Gash"],"picked":"SKIP","floor":24},{"not_picked":["Chaos","Barrage"],"picked":"Glacier","floor":25},{"not_picked":["Reinforced Body","Streamline"],"picked":"Chill","floor":27},{"not_picked":["Darkness","Redo"],"picked":"Coolheaded","floor":28},{"not_picked":["Cold Snap","Barrage","Redo"],"picked":"SKIP","floor":31}],"player_experience":1516839,"relics_obtained":[{"floor":8,"key":"Bag of Preparation"},{"floor":11,"key":"War Paint"},{"floor":24,"key":"Boot"},{"floor":25,"key":"Red Mask"},{"floor":26,"key":"Oddly Smooth Stone"},{"floor":29,"key":"Letter Opener"}],"event_choices":[{"damage_healed":23,"gold_gain":0,"player_choice":"Banana","damage_taken":0,"max_hp_gain":0,"max_hp_loss":0,"event_name":"Big Fish","floor":7,"gold_loss":0},{"cards_removed":["Strike_B"],"damage_healed":0,"gold_gain":0,"player_choice":"Elegance","damage_taken":0,"max_hp_gain":0,"max_hp_loss":0,"event_name":"Back to Basics","floor":20,"gold_loss":0},{"damage_healed":0,"gold_gain":0,"player_choice":"Upgraded","damage_taken":0,"max_hp_gain":0,"max_hp_loss":0,"event_name":"Upgrade Shrine","floor":21,"gold_loss":0,"cards_upgraded":["Loop"]},{"damage_healed":0,"gold_gain":0,"player_choice":"Fought Bandits","damage_taken":0,"max_hp_gain":0,"max_hp_loss":0,"event_name":"Masked Bandits","floor":25,"gold_loss":0}],"is_beta":false,"boss_relics":[{"not_picked":["Pandora\u0027s Box","Eternal Feather"],"picked":"Nuclear Battery"}],"items_purged_floors":[],"is_endless":false,"potions_floor_spawned":[3,4,10,13,19,27,28,31],"killed_by":"Automaton","ascension_level":14}