{"gold_per_floor":[113,113,132,98,173,173,208,208,208,254,280,341,382,413,425,514,526,550,576,192,192,203,203,218,243,270,270,289,309,309,325,325,325],"floor_reached":33,"playtime":6410,"items_purged":["Strike_R"],"score":502,"play_id":"e2a710c9-fe5a-41c4-bad4-17116beb39c8","local_time":"20190404225253","is_ascension_mode":true,"campfire_choices":[{"data":"Wild Strike","floor":6,"key":"SMITH"},{"data":"Carnage","floor":8,"key":"SMITH"},{"data":"True Grit","floor":15,"key":"SMITH"},{"data":"Whirlwind","floor":23,"key":"SMITH"},{"floor":27,"key":"REST"},{"data":"Demon Form","floor":30,"key":"SMITH"},{"data":"Combust","floor":32,"key":"SMITH"}],"neow_cost":"NONE","seed_source_timestamp":1720288531257934,"circlet_count":0,"master_deck":["AscendersBane","Strike_R","Strike_R","Strike_R","Strike_R","Defend_R","Defend_R","Defend_R","Defend_R","Bash+1","Clothesline","Wild Strike+1","Feel No Pain","Carnage+1","True Grit+1","Fiend Fire","Shrug It Off+1","Demon Form+1","Pommel Strike+1","Whirlwind+1","Combust+1","Feel No Pain","Warcry+1"],"relics":["Burning Blood","Pen Nib","MawBank","Matryoshka","Toxic Egg 2","Oddly Smooth Stone","Bag of Marbles","Runic Cube","Mercury Hourglass","Frozen Egg 2","Happy Flower","Omamori"],"potions_floor_usage":[22,25,33,33],"damage_taken":[{"damage":1,"enemies":"2 Louse","floor":1,"turns":4},{"damage":8,"enemies":"Small Slimes","floor":3,"turns":4},{"damage":28,"enemies":"Gremlin Nob","floor":7,"turns":4},{"damage":22,"enemies":"Lagavulin","floor":10,"turns":6},{"damage":5,"enemies":"Jaw Worm","floor":11,"turns":2},{"damage":10,"enemies":"3 Sentries","floor":13,"turns":8},{"damage":0,"enemies":"Large Slime","floor":14,"turns":4},{"damage":22,"enemies":"Hexaghost","floor":16,"turns":11},{"damage":0,"enemies":"Chosen","floor":18,"turns":4},{"damage":15,"enemies":"3 Byrds","floor":19,"turns":9},{"damage":21,"enemies":"Centurion and Healer","floor":22,"turns":7},{"damage":16,"enemies":"Snecko","floor":24,"turns":7},{"damage":29,"enemies":"Book of Stabbing","floor":25,"turns":6},{"damage":15,"enemies":"Snake Plant","floor":28,"turns":3},{"damage":1,"enemies":"Cultist and Chosen","floor":29,"turns":5},{"damage":0,"enemies":"Snecko","floor":31,"turns":3},{"damage":41,"enemies":"Champ","floor":33,"turns":11}],"seed_played":"5177338651117044893","potions_obtained":[{"floor":3,"key":"Weak Potion"},{"floor":13,"key":"Explosive Potion"},{"floor":22,"key":"Dexterity Potion"},{"floor":25,"key":"PowerPotion"}],"is_trial":false,"path_per_floor":["?","?","T","?"],"character_chosen":"IRONCLAD","items_purchased":["Feel No Pain","Combust","Mercury Hourglass"],"campfire_rested":1,"item_purchase_floors":[4,20,20],"current_hp_per_floor":[80,80,78,78,67,67,45,45,45,29,30,30,26,32,32,16,66,72,63,63,63,48,48,38,15,15,39,30,35,35,41,41,0],"gold":325,"neow_bonus":"TEN_PERCENT_HP_BONUS","is_prod":false,"is_daily":false,"chose_seed":false,"campfire_upgraded":6,"win_rate":0,"timestamp":1554432773,"path_taken":["M","?","M","$","?","R","E","R","T","E","M","?","E","M","R","BOSS","M","M","$","?","M","R","M","E","T","R","M","M","R","M","R","BOSS"],"build_version":"2019-01-23","purchased_purges":1,"victory":false,"max_hp_per_floor":[82,82,82,82,82,82,82,82,82,82,82,82,82,82,82,82,82,82,82,82,82,82,82,82,82,82,82,82,82,82,82,82,82],"card_choices":[{"not_picked":["Wild Strike","Armaments"],"picked":"Clothesline","floor":1},{"not_picked":["Heavy Blade","Warcry"],"picked":"Wild Strike","floor":3},{"not_picked":["Spot Weakness","Iron Wave"],"picked":"Carnage","floor":7},{"not_picked":["Clothesline","Twin Strike"],"picked":"True Grit","floor":10},{"not_picked":["Anger","Headbutt"],"picked":"Fiend Fire","floor":11},{"not_picked":["Sword Boomerang","Dark Embrace","Bloodletting+1"],"picked":"SKIP","floor":13},{"not_picked":["Armaments+1","Anger"],"picked":"Shrug It Off+1","floor":14},{"not_picked":["Exhume+1","Reaper"],"picked":"Demon Form","floor":16},{"not_picked":["Bloodletting+1","Clash"],"picked":"Pommel Strike+1","floor":18},{"not_picked":["Sword Boomerang+1","Flex+1"],"picked":"Whirlwind","floor":19},{"not_picked":["Cleave","Sword Boomerang","Anger"],"picked":"SKIP","floor":22},{"not_picked":["Power Through+1","Heavy Blade","Sword Boomerang"],"picked":"SKIP","floor":24},{"not_picked":["Body Slam","Berserk","Power Through+1"],"picked":"SKIP","floor":25},{"not_picked":["Whirlwind","Sword Boomerang+1","Power Through+1"],"picked":"SKIP","floor":28},{"not_picked":["Headbutt","Iron Wave"],"picked":"Warcry+1","floor":29},{"not_picked":["Anger","Bloodletting+1","Clash"],"picked":"SKIP","floor":31}],"player_experience":1492067,"relics_obtained":[{"floor":7,"key":"Pen Nib"},{"floor":9,"key":"MawBank"},{"floor":10,"key":"Matryoshka"},{"floor":12,"key":"Toxic Egg 2"},{"floor":12,"key":"Oddly Smooth Stone"},{"floor":13,"key":"Bag of Marbles"},{"floor":25,"key":"Frozen Egg 2"},{"floor":26,"key":"Happy Flower"},{"floor":26,"key":"Omamori"}],"event_choices":[{"damage_healed":0,"gold_gain":0,"player_choice":"Grow","damage_taken":0,"max_hp_gain":0,"max_hp_loss":0,"event_name":"Living Wall","floor":2,"gold_loss":0,"cards_upgraded":["Bash"]},{"damage_healed":0,"gold_gain":75,"player_choice":"Gather Gold","damage_taken":11,"max_hp_gain":0,"max_hp_loss":0,"event_name":"World of Goop","floor":5,"gold_loss":0},{"damage_healed":0,"gold_gain":0,"player_choice":"Copied","damage_taken":0,"max_hp_gain":0,"max_hp_loss":0,"event_name":"Duplicator","floor":21,"gold_loss":0,"cards_obtained":["Feel No Pain"]}],"is_beta":false,"boss_relics":[{"not_picked":["Lizard Tail","White Beast Statue"],"picked":"Runic Cube"}],"items_purged_floors":[20],"is_endless":false,"potions_floor_spawned":[3,13,14,16,22,25,31],"killed_by":"Champ","ascension_level":15}