{"gold_per_floor":[118,218,238,44,44,72,82,112,112,44,54,54,54,74,74,179,179,192,291,291,301,314,314,314],"floor_reached":24,"playtime":2095,"items_purged":[],"score":216,"play_id":"aa78635b-b275-463b-ab5f-4ac5e4482990","local_time":"20190103002505","is_ascension_mode":true,"campfire_choices":[{"floor":12,"key":"REST"},{"data":"Self Repair","floor":13,"key":"SMITH"},{"floor":15,"key":"REST"},{"data":"Redo","floor":23,"key":"SMITH"}],"neow_cost":"NONE","seed_source_timestamp":0,"circlet_count":0,"master_deck":["Strike_B","Strike_B","Strike_B","Defend_B","Defend_B","Defend_B","Defend_B","Zap","Dualcast","Madness","Coolheaded","Redo","Stack","Cold Snap","Stack","Self Repair+1","Auto Shields","Coolheaded","Biased Cognition","Glacier","Redo+1","Hologram"],"special_seed":0,"relics":["Cracked Core","OrangePellets","Pocketwatch","WingedGreaves","Nunchaku","Inserter","NlothsMask"],"potions_floor_usage":[8,11,16],"damage_taken":[{"damage":0,"enemies":"Cultist","floor":1,"turns":4},{"damage":1,"enemies":"Jaw Worm","floor":3,"turns":5},{"damage":61,"enemies":"Gremlin Nob","floor":6,"turns":6},{"damage":3,"enemies":"2 Louse","floor":7,"turns":3},{"damage":8,"enemies":"Lagavulin","floor":8,"turns":8},{"damage":0,"enemies":"Lots of Slimes","floor":11,"turns":2},{"damage":3,"enemies":"Looter","floor":14,"turns":4},{"damage":43,"enemies":"The Guardian","floor":16,"turns":20},{"damage":6,"enemies":"Spheric Guardian","floor":18,"turns":7},{"damage":6,"enemies":"Chosen","floor":21,"turns":6},{"damage":11,"enemies":"Centurion and Healer","floor":22,"turns":16},{"damage":89,"enemies":"Gremlin Leader","floor":24,"turns":8}],"seed_played":"-6682843244693938805","potions_obtained":[{"floor":7,"key":"SteroidPotion"},{"floor":8,"key":"Explosive Potion"},{"floor":14,"key":"Strength Potion"},{"floor":16,"key":"LiquidBronze"},{"floor":18,"key":"EntropicBrew"}],"is_trial":false,"path_per_floor":["M","?","M","$","?","E","M","E","T","$","M","R","R","M","R","B",null,"M","?","?","M","M","R","E"],"character_chosen":"DEFECT","items_purchased":["OrangePellets","Self Repair"],"campfire_rested":2,"item_purchase_floors":[4,10],"current_hp_per_floor":[75,75,74,74,74,13,10,2,2,2,9,31,31,38,60,27,75,75,75,75,75,74,74,0],"gold":314,"neow_bonus":"RANDOM_COLORLESS","is_prod":false,"is_daily":false,"chose_seed":false,"campfire_upgraded":2,"win_rate":0,"timestamp":1546503905,"path_taken":["M","?","?","$","?","E","M","E","T","?","M","R","R","M","R","BOSS","M","?","?","M","?","R","E"],"build_version":"2018-12-20","purchased_purges":0,"victory":false,"max_hp_per_floor":[75,75,75,75,75,75,75,75,75,75,75,75,75,75,75,75,75,75,75,75,75,75,75,75],"card_choices":[{"not_picked":["Sweeping Beam","Hologram"],"picked":"Coolheaded","floor":1},{"not_picked":["Steam","Chill"],"picked":"Redo","floor":3},{"not_picked":["Lockon","Tempest"],"picked":"Stack","floor":6},{"not_picked":["Conserve Battery","Hologram"],"picked":"Cold Snap","floor":7},{"not_picked":["Steam","Aggregate"],"picked":"Stack","floor":8},{"not_picked":["Static Discharge","Reprogram"],"picked":"Auto Shields","floor":11},{"not_picked":["Rebound","Chill"],"picked":"Coolheaded","floor":14},{"not_picked":["Electrodynamics","Machine Learning"],"picked":"Biased Cognition","floor":16},{"not_picked":["Coolheaded+1","Lockon"],"picked":"Glacier","floor":18},{"not_picked":["Gash+1","Cold Snap"],"picked":"Redo","floor":21},{"not_picked":["Steam+1","Double Energy+1"],"picked":"Hologram","floor":22}],"player_experience":40495,"relics_obtained":[{"floor":6,"key":"Pocketwatch"},{"floor":8,"key":"WingedGreaves"},{"floor":9,"key":"Nunchaku"}],"event_choices":[{"damage_healed":0,"gold_gain":100,"player_choice":"Gold","damage_taken":0,"max_hp_gain":0,"max_hp_loss":0,"event_name":"Wheel of Change","floor":2,"gold_loss":0},{"cards_removed":["Strike_B"],"damage_healed":0,"gold_gain":0,"player_choice":"Purged","damage_taken":0,"max_hp_gain":0,"max_hp_loss":0,"event_name":"Purifier","floor":5,"gold_loss":0},{"damage_healed":0,"gold_gain":99,"player_choice":"Stole From Cult","damage_taken":0,"max_hp_gain":0,"max_hp_loss":0,"event_name":"Nest","floor":19,"gold_loss":0},{"damage_healed":0,"gold_gain":0,"player_choice":"Trade","damage_taken":0,"relics_obtained":["NlothsMask"],"max_hp_gain":0,"max_hp_loss":0,"event_name":"FaceTrader","floor":20,"gold_loss":0}],"is_beta":false,"boss_relics":[{"not_picked":["Runic Dome","Busted Crown"],"picked":"Inserter"}],"items_purged_floors":[],"is_endless":false,"potions_floor_spawned":[7,8,14,16,18],"killed_by":"Gremlin Leader","ascension_level":1}