{"gold_per_floor":[359,359,375,391,402,402,420,420,473,486,497,497,14,28,28,124,124,135,135,135,135,146,146,178,194,194,194,210,310,310,37,37,138,138,150,150,425,425,438,438,438,455,455,455,455,455,489,503,503,503],"floor_reached":51,"playtime":3513,"items_purged":["Regret"],"score":887,"play_id":"1fd481d7-70cc-4011-9bf8-afbf42e73137","local_time":"20190410194247","is_ascension_mode":false,"campfire_choices":[{"data":"Defragment","floor":6,"key":"SMITH"},{"data":"Zap","floor":8,"key":"SMITH"},{"data":"Dualcast","floor":12,"key":"SMITH"},{"data":"Discovery","floor":15,"key":"SMITH"},{"data":"Electrodynamics","floor":23,"key":"SMITH"},{"data":"Biased Cognition","floor":27,"key":"SMITH"},{"floor":32,"key":"REST"},{"floor":40,"key":"REST"},{"floor":46,"key":"RECALL"},{"data":"Thinking Ahead","floor":49,"key":"SMITH"}],"neow_cost":"CURSE","seed_source_timestamp":150068989995,"circlet_count":0,"master_deck":["Strike_B+1","Strike_B+1","Defend_B+1","Defend_B+1","Defend_B+1","Defend_B+1","Zap+1","Dualcast+1","Defragment+1","Ball Lightning+1","Coolheaded+1","Coolheaded+1","Turbo+1","Capacitor+1","Skim+1","Discovery+1","Meteor Strike+1","Ball Lightning+1","Biased Cognition+1","Electrodynamics+1","Glacier+1","Scrape+1","Ghostly+1","Ghostly+1","Ghostly+1","Ghostly+1","Ghostly+1","Recycle+1","Shame","After Image+1","Jack Of All Trades+1","Discovery+1","Deep Breath+1","Regret","Dodge and Roll+1","Disarm+1","Madness+1","Madness+1","Battle Trance+1","Thinking Ahead+1"],"relics":["Cracked Core","Juzu Bracelet","Runic Capacitor","Busted Crown","Matryoshka","Boot","Question Card","Gambling Chip","Symbiotic Virus","Oddly Smooth Stone","PrismaticShard","Inserter","Potion Belt","Kunai","Pen Nib","Mark of the Bloom","Singing Bowl"],"potions_floor_usage":[11,14,14,16,24,29,29,47,50,50,50],"damage_taken":[{"damage":0,"enemies":"Small Slimes","floor":1,"turns":2},{"damage":3,"enemies":"Cultist","floor":3,"turns":3},{"damage":5,"enemies":"Jaw Worm","floor":4,"turns":3},{"damage":16,"enemies":"2 Fungi Beasts","floor":5,"turns":3},{"damage":17,"enemies":"Lots of Slimes","floor":7,"turns":5},{"damage":6,"enemies":"Exordium Wildlife","floor":10,"turns":4},{"damage":7,"enemies":"3 Louse","floor":11,"turns":3},{"damage":0,"enemies":"Large Slime","floor":14,"turns":4},{"damage":5,"enemies":"Hexaghost","floor":16,"turns":6},{"damage":6,"enemies":"3 Byrds","floor":18,"turns":3},{"damage":3,"enemies":"2 Thieves","floor":22,"turns":4},{"damage":2,"enemies":"Gremlin Leader","floor":24,"turns":5},{"damage":2,"enemies":"Snecko","floor":25,"turns":5},{"damage":1,"enemies":"Snake Plant","floor":28,"turns":4},{"damage":16,"enemies":"Colosseum Slavers","floor":29,"turns":4},{"damage":1,"enemies":"Colosseum Nobs","floor":29,"turns":5},{"damage":0,"enemies":"Collector","floor":33,"turns":6},{"damage":5,"enemies":"3 Darklings","floor":35,"turns":3},{"damage":3,"enemies":"3 Shapes","floor":39,"turns":2},{"damage":1,"enemies":"3 Darklings","floor":42,"turns":3},{"damage":1,"enemies":"Reptomancer","floor":47,"turns":5},{"damage":2,"enemies":"Transient","floor":48,"turns":5},{"damage":7,"enemies":"Time Eater","floor":50,"turns":11}],"seed_played":"-785950683521339601","potions_obtained":[{"floor":2,"key":"SneckoOil"},{"floor":2,"key":"FocusPotion"},{"floor":2,"key":"EntropicBrew"},{"floor":5,"key":"Dexterity Potion"},{"floor":14,"key":"SpeedPotion"},{"floor":18,"key":"Energy Potion"},{"floor":28,"key":"Strength Potion"},{"floor":29,"key":"Energy Potion"},{"floor":35,"key":"Strength Potion"},{"floor":42,"key":"Weak Potion"}],"is_trial":false,"path_per_floor":["M","?","M","M","M","R","M","R","T","M","M","R","$","M","R","B",null,"M","?","?","?","M","R","E","M","T","R","M","?","?","$","R","B",null,"M","?","?","?","M","R","T","M","T","?","?","R","E","M","R","B",null],"character_chosen":"DEFECT","items_purchased":["Discovery","Runic Capacitor","Meteor Strike","Ball Lightning","PrismaticShard"],"campfire_rested":2,"item_purchase_floors":[13,13,13,13,31],"current_hp_per_floor":[75,75,72,67,51,51,34,34,34,28,21,21,21,21,21,16,75,69,69,69,37,34,34,32,30,30,30,29,12,12,12,23,23,37,32,22,22,22,19,30,30,29,29,24,24,24,23,21,21,14],"gold":503,"neow_bonus":"TWO_FIFTY_GOLD","is_prod":false,"is_daily":false,"chose_seed":false,"campfire_upgraded":7,"win_rate":0,"timestamp":1554946967,"path_taken":["M","?","M","M","M","R","?","R","T","M","M","R","?","M","R","BOSS","M","?","?","?","M","R","E","M","T","R","M","?","?","$","R","BOSS","M","?","?","?","M","R","?","M","T","?","?","R","E","M","R","BOSS"],"build_version":"2019-01-23","purchased_purges":1,"victory":true,"max_hp_per_floor":[75,75,75,75,75,75,75,75,75,75,75,75,75,75,75,75,75,75,75,75,37,37,37,37,37,37,37,37,37,37,37,37,37,37,37,37,37,37,37,37,37,37,37,37,37,37,37,37,37,37],"card_choices":[{"not_picked":["Capacitor","Hologram"],"picked":"Defragment","floor":1},{"not_picked":["Chill","Static Discharge"],"picked":"Ball Lightning","floor":3},{"not_picked":["Barrage","Redo"],"picked":"Coolheaded","floor":4},{"not_picked":["Sweeping Beam","Turbo"],"picked":"Coolheaded","floor":5},{"not_picked":["Compile Driver","Chill"],"picked":"Turbo","floor":7},{"not_picked":["Leap","Barrage"],"picked":"Capacitor","floor":10},{"not_picked":["Beam Cell","Compile Driver"],"picked":"Skim","floor":11},{"not_picked":["Sweeping Beam","Redo"],"picked":"Biased Cognition","floor":14},{"not_picked":["Reboot","Hyperbeam"],"picked":"Electrodynamics","floor":16},{"not_picked":["Lockon"],"picked":"SKIP","floor":18},{"not_picked":["Rebound"],"picked":"SKIP","floor":22},{"not_picked":[],"picked":"Recycle","floor":24},{"not_picked":["Rebound"],"picked":"SKIP","floor":25},{"not_picked":["Stack","Aggregate"],"picked":"SKIP","floor":28},{"not_picked":["Meteor Strike"],"picked":"After Image","floor":33},{"not_picked":["PiercingWail","Warcry"],"picked":"SKIP","floor":35},{"not_picked":["PiercingWail","Warcry"],"picked":"SKIP","floor":35},{"not_picked":["Master of Strategy"],"picked":"Jack Of All Trades","floor":36},{"not_picked":["PanicButton"],"picked":"Discovery","floor":36},{"not_picked":["Dramatic Entrance"],"picked":"Deep Breath","floor":36},{"not_picked":["Pommel Strike"],"picked":"Dodge and Roll+1","floor":39},{"not_picked":["Cleave+1"],"picked":"Disarm","floor":42},{"not_picked":["Shrug It Off+1"],"picked":"Battle Trance+1","floor":47},{"not_picked":["Gash"],"picked":"Thinking Ahead","floor":48}],"player_experience":1178140,"relics_obtained":[{"floor":9,"key":"Juzu Bracelet"},{"floor":24,"key":"Matryoshka"},{"floor":26,"key":"Boot"},{"floor":26,"key":"Question Card"},{"floor":29,"key":"Gambling Chip"},{"floor":29,"key":"Symbiotic Virus"},{"floor":41,"key":"Potion Belt"},{"floor":41,"key":"Kunai"},{"floor":43,"key":"Pen Nib"},{"floor":47,"key":"Singing Bowl"}],"event_choices":[{"damage_healed":0,"gold_gain":0,"player_choice":"Got Potions","damage_taken":0,"max_hp_gain":0,"max_hp_loss":0,"event_name":"Lab","floor":2,"gold_loss":0},{"damage_healed":0,"gold_gain":0,"cards_transformed":["Strike_B","Strike_B"],"player_choice":"Became Test Subject","damage_taken":0,"max_hp_gain":0,"max_hp_loss":0,"event_name":"Drug Dealer","floor":19,"gold_loss":0,"cards_obtained":["Glacier","Scrape"]},{"damage_healed":0,"gold_gain":0,"player_choice":"Ignored","damage_taken":0,"max_hp_gain":0,"max_hp_loss":0,"event_name":"N\u0027loth","floor":20,"gold_loss":0},{"damage_healed":0,"gold_gain":0,"player_choice":"Became a Ghost","damage_taken":0,"max_hp_gain":0,"max_hp_loss":38,"event_name":"Ghosts","floor":21,"gold_loss":0,"cards_obtained":["Ghostly","Ghostly","Ghostly","Ghostly","Ghostly"]},{"damage_healed":0,"gold_gain":0,"player_choice":"Fight","damage_taken":0,"max_hp_gain":0,"max_hp_loss":0,"event_name":"Colosseum","floor":29,"gold_loss":0},{"damage_healed":0,"gold_gain":0,"player_choice":"Fought Nobs","damage_taken":0,"max_hp_gain":0,"max_hp_loss":0,"event_name":"Colosseum","floor":29,"gold_loss":0},{"damage_healed":0,"gold_gain":0,"player_choice":"Stole Relic","damage_taken":0,"relics_obtained":["Oddly Smooth Stone"],"max_hp_gain":0,"max_hp_loss":0,"event_name":"Addict","floor":30,"gold_loss":0,"cards_obtained":["Shame"]},{"damage_healed":0,"gold_gain":0,"player_choice":"Memory 3","damage_taken":10,"max_hp_gain":0,"max_hp_loss":0,"event_name":"SensoryStone","floor":36,"gold_loss":0},{"damage_healed":0,"gold_gain":275,"player_choice":"Desecrate","damage_taken":0,"max_hp_gain":0,"max_hp_loss":0,"event_name":"Golden Shrine","floor":37,"gold_loss":0,"cards_obtained":["Regret"]},{"damage_healed":0,"gold_gain":0,"player_choice":"Ignored","damage_taken":0,"max_hp_gain":0,"max_hp_loss":0,"event_name":"Tomb of Lord Red Mask","floor":38,"gold_loss":0},{"damage_healed":0,"gold_gain":0,"player_choice":"Embrace Madness","damage_taken":5,"max_hp_gain":0,"max_hp_loss":0,"event_name":"Winding Halls","floor":44,"gold_loss":0,"cards_obtained":["Madness","Madness"]},{"damage_healed":0,"gold_gain":0,"player_choice":"Upgrade","damage_taken":0,"relics_obtained":["Mark of the Bloom"],"max_hp_gain":0,"max_hp_loss":0,"event_name":"MindBloom","floor":45,"gold_loss":0,"cards_upgraded":["Strike_B","Strike_B","Defend_B","Defend_B","Defend_B","Defend_B","Ball Lightning","Coolheaded","Coolheaded","Turbo","Capacitor","Skim","Meteor Strike","Ball Lightning","Glacier","Scrape","Ghostly","Ghostly","Ghostly","Ghostly","Ghostly","Recycle","After Image","Jack Of All Trades","Discovery","Deep Breath","Disarm","Madness","Madness"]}],"is_beta":false,"boss_relics":[{"not_picked":["Coffee Dripper","Philosopher\u0027s Stone"],"picked":"Busted Crown"},{"not_picked":["Runic Dome","Snecko Eye"],"picked":"Inserter"}],"items_purged_floors":[31],"is_endless":false,"potions_floor_spawned":[5,7,10,14,18,28,29,35,42],"ascension_level":0}