{"gold_per_floor":[19,0,0,16,16,16,54,54,54,73,87,112,148,166,166,297,297,315,53,68,68,68,68,68],"floor_reached":24,"playtime":1092,"items_purged":[],"score":268,"play_id":"40bb2902-a23e-44e7-904f-b2c8b5c4ce29","local_time":"20190129105802","is_ascension_mode":true,"campfire_choices":[{"data":"Neutralize","floor":6.0,"key":"SMITH"},{"floor":15.0,"key":"REST"},{"data":"Venomology","floor":23,"key":"SMITH"}],"neow_cost":"NO_GOLD","seed_source_timestamp":680842990945210,"circlet_count":0,"master_deck":["Defend_G","Defend_G","Defend_G","Defend_G","Strike_G","Strike_G","Survivor","Neutralize+1","Dagger Throw","Blur","Escape Plan","Deflect","Sucker Punch","Quick Slash","Reflex","Venomology+1","Prepared","Prepared+1","Leg Sweep","Die Die Die"],"special_seed":0,"relics":["Ring of the Snake","Omamori","Golden Idol","StoneCalendar","Thread and Needle","Juzu Bracelet","Black Star","Gremlin Horn"],"potions_floor_usage":[18,18,24,24],"damage_taken":[{"damage":1.0,"enemies":"Jaw Worm","floor":1.0,"turns":4.0},{"damage":0.0,"enemies":"2 Louse","floor":4.0,"turns":3.0},{"damage":18.0,"enemies":"Lagavulin","floor":7.0,"turns":8.0},{"damage":0.0,"enemies":"Cultist","floor":10.0,"turns":4.0},{"damage":0.0,"enemies":"2 Fungi Beasts","floor":11.0,"turns":2.0},{"damage":0.0,"enemies":"3 Louse","floor":12.0,"turns":6.0},{"damage":7.0,"enemies":"3 Sentries","floor":13.0,"turns":7.0},{"damage":0.0,"enemies":"Looter","floor":14.0,"turns":3.0},{"damage":31.0,"enemies":"Hexaghost","floor":16.0,"turns":19.0},{"damage":1,"enemies":"3 Byrds","floor":18,"turns":7},{"damage":6,"enemies":"Shell Parasite","floor":20,"turns":8},{"damage":50,"enemies":"Book of Stabbing","floor":24,"turns":8}],"seed_played":"-5339211144276490600","potions_obtained":[{"floor":1.0,"key":"AttackPotion"},{"floor":8.0,"key":"Energy Potion"},{"floor":8.0,"key":"Explosive Potion"},{"floor":8.0,"key":"LiquidBronze"},{"floor":13.0,"key":"Block Potion"},{"floor":14.0,"key":"GhostInAJar"}],"is_trial":false,"path_per_floor":["M","?","?","M","?","R","E","?","T","M","M","M","E","M","R","B",null,"M","$","M","?","?","R","E"],"character_chosen":"THE_SILENT","items_purchased":["Gremlin Horn"],"campfire_rested":1,"item_purchase_floors":[19],"current_hp_per_floor":[62,62,59,59,59,59,41,41,41,41,41,41,34,34,53,22,54,53,53,47,47,47,47,0],"gold":68,"neow_bonus":"REMOVE_TWO","is_prod":false,"is_daily":false,"chose_seed":false,"campfire_upgraded":2,"win_rate":0,"timestamp":1548784682,"path_taken":["M","?","?","M","?","R","E","?","T","?","M","M","E","M","R","BOSS","M","$","M","?","?","R","E"],"build_version":"2019-01-23","purchased_purges":0,"victory":false,"max_hp_per_floor":[70,70,70,70,65,65,65,65,65,65,65,65,65,65,65,65,65,65,65,65,65,65,65,65],"card_choices":[{"not_picked":["Heel Hook","Slice"],"picked":"Dagger Throw","floor":1.0},{"not_picked":["Underhanded Strike","Infinite Blades"],"picked":"Blur","floor":4.0},{"not_picked":["Deflect","Prepared"],"picked":"Escape Plan","floor":7.0},{"not_picked":["Outmaneuver","Setup"],"picked":"Deflect","floor":10.0},{"not_picked":["Dagger Spray","Bane","PiercingWail"],"picked":"SKIP","floor":11.0},{"not_picked":["Finisher","Bouncing Flask"],"picked":"Sucker Punch","floor":12.0},{"not_picked":["Wraith Form v2","Masterful Stab"],"picked":"Quick Slash","floor":13.0},{"not_picked":["Infinite Blades","Deflect"],"picked":"Reflex","floor":14.0},{"not_picked":["Wraith Form v2","Die Die Die"],"picked":"Venomology","floor":16.0},{"not_picked":["Endless Agony","Blade Dance"],"picked":"Prepared","floor":18},{"not_picked":["PiercingWail","Terror"],"picked":"Prepared+1","floor":20}],"player_experience":1326607,"relics_obtained":[{"floor":7.0,"key":"StoneCalendar"},{"floor":9.0,"key":"Thread and Needle"},{"floor":13.0,"key":"Juzu Bracelet"}],"event_choices":[{"damage_healed":0.0,"max_hp_gain":0.0,"max_hp_loss":0.0,"gold_gain":0.0,"event_name":"World of Goop","player_choice":"Left Gold","floor":2.0,"gold_loss":19.0,"damage_taken":0.0},{"damage_healed":0.0,"max_hp_gain":0.0,"max_hp_loss":0.0,"gold_gain":0.0,"event_name":"Scrap Ooze","player_choice":"Success","floor":3.0,"gold_loss":0.0,"damage_taken":3.0,"relics_obtained":["Omamori"]},{"damage_healed":0.0,"max_hp_gain":0.0,"max_hp_loss":5.0,"gold_gain":0.0,"event_name":"Golden Idol","player_choice":"Lose Max HP","floor":5.0,"gold_loss":0.0,"damage_taken":0.0,"relics_obtained":["Golden Idol"]},{"damage_healed":0.0,"max_hp_gain":0.0,"max_hp_loss":0.0,"gold_gain":0.0,"event_name":"Lab","player_choice":"Got Potions","floor":8.0,"gold_loss":0.0,"damage_taken":0.0},{"damage_healed":0,"gold_gain":0,"player_choice":"Ignored","damage_taken":0,"max_hp_gain":0,"max_hp_loss":0,"event_name":"Cursed Tome","floor":21,"gold_loss":0},{"damage_healed":0,"gold_gain":0,"cards_transformed":["Strike_G","Strike_G"],"player_choice":"Became Test Subject","damage_taken":0,"max_hp_gain":0,"max_hp_loss":0,"event_name":"Drug Dealer","floor":22,"gold_loss":0,"cards_obtained":["Leg Sweep","Die Die Die"]}],"is_beta":false,"boss_relics":[{"not_picked":["Velvet Choker","WristBlade"],"picked":"Black Star"}],"items_purged_floors":[],"is_endless":false,"potions_floor_spawned":[1,10,13,14],"killed_by":"Book of Stabbing","ascension_level":6}