{"gold_per_floor":[119,135,8,8,20,20,39,39,39,39,39,71,71,86,86,187,187,200,125,98,98,113,113,126,146,195,83,95,95,105,105,105,209,209,228,240,115,115,126,126,146,146,169,187,197,197,225,26,26,26],"floor_reached":51,"playtime":13136,"items_purged":["Zap","Defend_B"],"score":679,"play_id":"b9195e12-36fd-49ad-968d-15bfdc99b00c","local_time":"20190106233155","is_ascension_mode":false,"campfire_choices":[{"data":"Defragment","floor":6.0,"key":"SMITH"},{"data":"Sweeping Beam","floor":8.0,"key":"SMITH"},{"data":"Conserve Battery","floor":10.0,"key":"SMITH"},{"data":"Coolheaded","floor":15.0,"key":"SMITH"},{"data":"Fission","floor":23.0,"key":"SMITH"},{"data":"Blizzard","floor":29.0,"key":"SMITH"},{"floor":32.0,"key":"REST"},{"floor":40,"key":"REST"},{"data":"Capacitor","floor":42,"key":"SMITH"},{"floor":46,"key":"REST"},{"floor":49,"key":"REST"}],"neow_cost":"NONE","seed_source_timestamp":808494454089121,"circlet_count":0,"master_deck":["Strike_B","Strike_B","Strike_B","Strike_B","Coolheaded+1","Leap","Conserve Battery+1","Defragment+1","Sweeping Beam+1","Glacier","Coolheaded+1","Fission+1","Barrage","Barrage","Conserve Battery+1","Blizzard+1","Capacitor+1","Seek","Hologram","Cold Snap","Blizzard+1"],"special_seed":0,"relics":["Cracked Core","NeowsBlessing","Letter Opener","Bottled Tornado","Empty Cage","Lantern","Potion Belt","Sozu","Anchor","Dodecahedron","Strange Spoon"],"potions_floor_usage":[39],"damage_taken":[{"damage":0.0,"enemies":"2 Louse","floor":1.0,"turns":1.0},{"damage":0.0,"enemies":"Cultist","floor":2.0,"turns":1.0},{"damage":0.0,"enemies":"Small Slimes","floor":5.0,"turns":1.0},{"damage":0.0,"enemies":"Exordium Wildlife","floor":7.0,"turns":5.0},{"damage":0.0,"enemies":"3 Sentries","floor":12.0,"turns":5.0},{"damage":0.0,"enemies":"Blue Slaver","floor":14.0,"turns":5.0},{"damage":19.0,"enemies":"The Guardian","floor":16.0,"turns":20.0},{"damage":9.0,"enemies":"Chosen","floor":18.0,"turns":10.0},{"damage":2.0,"enemies":"2 Thieves","floor":22.0,"turns":5.0},{"damage":7.0,"enemies":"Snake Plant","floor":24.0,"turns":7.0},{"damage":0.0,"enemies":"Centurion and Healer","floor":25.0,"turns":8.0},{"damage":0.0,"enemies":"Chosen and Byrds","floor":28.0,"turns":7.0},{"damage":2.0,"enemies":"Sentry and Sphere","floor":30.0,"turns":6.0},{"damage":38.0,"enemies":"Champ","floor":33.0,"turns":20.0},{"damage":16.0,"enemies":"3 Shapes","floor":35.0,"turns":4.0},{"damage":13.0,"enemies":"Orb Walker","floor":36.0,"turns":5.0},{"damage":0,"enemies":"Writhing Mass","floor":39,"turns":5},{"damage":18,"enemies":"3 Darklings","floor":41,"turns":4},{"damage":0,"enemies":"Sphere and 2 Shapes","floor":44,"turns":4},{"damage":0,"enemies":"Transient","floor":45,"turns":5},{"damage":41,"enemies":"Giant Head","floor":47,"turns":12},{"damage":28,"enemies":"Time Eater","floor":50,"turns":16}],"seed_played":"-3172643966075266830","potions_obtained":[{"floor":1.0,"key":"EssenceOfSteel"},{"floor":5.0,"key":"AttackPotion"},{"floor":14.0,"key":"Regen Potion"},{"floor":22.0,"key":"SpeedPotion"},{"floor":24.0,"key":"FearPotion"},{"floor":33.0,"key":"Strength Potion"}],"is_trial":false,"path_per_floor":["M","M","$","?","M","R","M","R","T","R","?","E","?","M","R","B",null,"M","?","$","?","M","R","M","M","T","$","M","R","M","T","R","B",null,"M","M","$","?","M","R","M","R","T","M","M","R","E","$","R","B",null],"character_chosen":"DEFECT","items_purchased":["Conserve Battery","Barrage","Blizzard","Capacitor","Cold Snap","Strange Spoon"],"campfire_rested":4,"item_purchase_floors":[3,20,27,27,37,48],"current_hp_per_floor":[75,75,75,75,75,75,75,75,75,75,75,75,75,75,75,66,75,66,66,66,66,64,64,57,57,57,57,57,57,55,55,75,37,75,59,46,46,46,46,68,50,50,50,50,50,72,31,31,53,25],"gold":26,"neow_bonus":"THREE_ENEMY_KILL","is_prod":false,"is_daily":false,"chose_seed":false,"campfire_upgraded":7,"win_rate":0.0,"timestamp":1546839115,"path_taken":["M","M","$","?","?","R","M","R","T","R","?","E","?","M","R","BOSS","M","?","$","?","M","R","M","M","T","$","M","R","M","?","R","BOSS","M","M","$","?","M","R","M","R","T","?","M","R","E","$","R","BOSS"],"build_version":"2019-01-03v4","purchased_purges":2,"victory":true,"max_hp_per_floor":[75,75,75,75,75,75,75,75,75,75,75,75,75,75,75,75,75,75,75,75,75,75,75,75,75,75,75,75,75,75,75,75,75,75,75,75,75,75,75,75,75,75,75,75,75,75,75,75,75,75],"card_choices":[{"not_picked":["Fusion","Go for the Eyes"],"picked":"Coolheaded","floor":1.0},{"not_picked":["Steam","Fusion"],"picked":"Leap","floor":2.0},{"not_picked":["Streamline","Barrage"],"picked":"Defragment","floor":5.0},{"not_picked":["Leap","Lockon"],"picked":"Sweeping Beam","floor":7.0},{"not_picked":["Rip and Tear","Barrage"],"picked":"Glacier","floor":12.0},{"not_picked":["Melter","Sweeping Beam"],"picked":"Coolheaded","floor":14.0},{"not_picked":["Creative AI","Biased Cognition"],"picked":"Fission","floor":16.0},{"not_picked":["Conserve Battery","Aggregate+1"],"picked":"Barrage","floor":18.0},{"not_picked":["Beam Cell","Ball Lightning","Consume"],"picked":"SKIP","floor":22.0},{"not_picked":["Ball Lightning","Sweeping Beam"],"picked":"Conserve Battery+1","floor":24.0},{"not_picked":["Hello World","Rip and Tear","Sweeping Beam"],"picked":"SKIP","floor":25.0},{"not_picked":["Coolheaded","Doom and Gloom+1","Beam Cell"],"picked":"SKIP","floor":28.0},{"not_picked":["Defragment","Storm","Stack"],"picked":"SKIP","floor":30.0},{"not_picked":["Fission","Electrodynamics"],"picked":"Seek","floor":33.0},{"not_picked":["Static Discharge+1","Aggregate"],"picked":"Hologram","floor":35.0},{"not_picked":["Sweeping Beam+1","White Noise+1","Auto Shields"],"picked":"SKIP","floor":36.0},{"not_picked":["Gash","Storm+1","Streamline"],"picked":"SKIP","floor":39},{"not_picked":["Coolheaded","Steam Power","Barrage"],"picked":"SKIP","floor":41},{"not_picked":["Ball Lightning+1","Gash+1","Sweeping Beam"],"picked":"SKIP","floor":44},{"not_picked":["Ball Lightning+1","Streamline","Barrage+1"],"picked":"SKIP","floor":45},{"not_picked":["Scrape","Glacier+1"],"picked":"Blizzard+1","floor":47}],"player_experience":113184,"relics_obtained":[{"floor":9.0,"key":"Letter Opener"},{"floor":12.0,"key":"Bottled Tornado"},{"floor":26.0,"key":"Lantern"},{"floor":31.0,"key":"Potion Belt"},{"floor":43,"key":"Anchor"},{"floor":47,"key":"Dodecahedron"}],"event_choices":[{"damage_healed":0.0,"max_hp_gain":0.0,"max_hp_loss":0.0,"gold_gain":0.0,"event_name":"Accursed Blacksmith","player_choice":"Forge","floor":4.0,"gold_loss":0.0,"damage_taken":0.0,"cards_upgraded":["Coolheaded"]},{"damage_healed":0.0,"max_hp_gain":0.0,"max_hp_loss":0.0,"gold_gain":0.0,"event_name":"The Cleric","player_choice":"Leave","floor":11.0,"gold_loss":0.0,"damage_taken":0.0},{"damage_healed":0.0,"max_hp_gain":0.0,"max_hp_loss":0.0,"gold_gain":0.0,"event_name":"Golden Idol","player_choice":"Ignored","floor":13.0,"gold_loss":0.0,"damage_taken":0.0},{"cards_removed":["Defend_B"],"damage_healed":0.0,"max_hp_gain":0.0,"max_hp_loss":0.0,"gold_gain":0.0,"event_name":"Beggar","player_choice":"Gave Gold","floor":19.0,"gold_loss":75.0,"damage_taken":0.0},{"damage_healed":0.0,"max_hp_gain":0.0,"max_hp_loss":0.0,"gold_gain":0.0,"event_name":"Ghosts","player_choice":"Ignored","floor":21.0,"gold_loss":0.0,"damage_taken":0.0},{"cards_removed":["Defend_B"],"damage_healed":0.0,"max_hp_gain":0.0,"max_hp_loss":0.0,"gold_gain":0.0,"event_name":"Bonfire Elementals","player_choice":"Offered Basic","floor":38.0,"gold_loss":0.0,"damage_taken":0.0}],"is_beta":false,"boss_relics":[{"not_picked":["Fusion Hammer","Astrolabe"],"picked":"Empty Cage"},{"not_picked":["Runic Pyramid","Snecko Eye"],"picked":"Sozu"}],"items_purged_floors":[3,37],"is_endless":false,"potions_floor_spawned":[1,5,14,22,24,33,36,45],"ascension_level":0}