{"gold_per_floor":[114,126,126,76,86,86,86,86,166,176,176,188,188,206,206,311,311,321,334,146,146,162,162,178,178,178,211,227,227,242,256,256,256],"floor_reached":33,"playtime":1460,"items_purged":["Regret","Defend_R"],"score":365,"play_id":"80e8f090-06d7-47c7-a0d4-09f48ae5d3b6","local_time":"20181102124159","is_ascension_mode":true,"campfire_choices":[{"data":"Searing Blow","floor":6,"key":"SMITH"},{"data":"Searing Blow+2","floor":8,"key":"SMITH"},{"data":"Searing Blow+3","floor":13,"key":"SMITH"},{"data":"Searing Blow+4","floor":15,"key":"SMITH"},{"data":"Armaments","floor":23,"key":"SMITH"},{"data":"Searing Blow+5","floor":25,"key":"SMITH"},{"floor":29,"key":"REST"},{"floor":32,"key":"REST"}],"neow_cost":"TEN_PERCENT_HP_LOSS","seed_source_timestamp":1968369471914300,"circlet_count":0,"master_deck":["Strike_R","Strike_R","Strike_R","Defend_R+1","Defend_R","Bash","Searing Blow+6","Disarm","Flex","Iron Wave","Pommel Strike","Iron Wave","Iron Wave","Flex","Shrug It Off","Impatience","Armaments+1","Flame Barrier","Seeing Red+1"],"relics":["Burning Blood","Smiling Mask","Kunai","Velvet Choker","Oddly Smooth Stone","Sundial"],"potions_floor_usage":[16,16,24,27,33,33],"damage_taken":[{"damage":6,"enemies":"Cultist","floor":1,"turns":4},{"damage":9,"enemies":"Jaw Worm","floor":2,"turns":4},{"damage":3,"enemies":"2 Louse","floor":5,"turns":3},{"damage":5,"enemies":"Looter","floor":10,"turns":3},{"damage":16,"enemies":"Red Slaver","floor":12,"turns":4},{"damage":0,"enemies":"3 Louse","floor":14,"turns":4},{"damage":10,"enemies":"Slime Boss","floor":16,"turns":10},{"damage":11,"enemies":"Spheric Guardian","floor":18,"turns":3},{"damage":26,"enemies":"Chosen","floor":19,"turns":5},{"damage":16,"enemies":"Snecko","floor":22,"turns":5},{"damage":15,"enemies":"Sentry and Sphere","floor":24,"turns":4},{"damage":26,"enemies":"Slavers","floor":27,"turns":7},{"damage":11,"enemies":"Centurion and Healer","floor":28,"turns":8},{"damage":3,"enemies":"Cultist and Chosen","floor":30,"turns":6},{"damage":11,"enemies":"3 Cultists","floor":31,"turns":5},{"damage":69,"enemies":"Champ","floor":33,"turns":10}],"seed_played":"8372443073681763752","potions_obtained":[{"floor":1,"key":"Block Potion"},{"floor":10,"key":"SkillPotion"},{"floor":12,"key":"Strength Potion"},{"floor":16,"key":"FearPotion"},{"floor":19,"key":"AttackPotion"},{"floor":22,"key":"LiquidBronze"},{"floor":30,"key":"LiquidBronze"}],"is_trial":false,"path_per_floor":["M","M","?","$","M","R","?","R","T","M","?","M","R","M","R","B",null,"M","M","$","?","M","R","M","R","T","E","M","R","M","M","R","B"],"character_chosen":"IRONCLAD","items_purchased":["Shrug It Off","Impatience"],"campfire_rested":2,"item_purchase_floors":[20,20],"current_hp_per_floor":[72,69,69,69,72,72,58,58,58,59,59,49,49,55,55,51,67,62,42,42,66,56,56,47,47,47,27,22,43,46,41,62,0],"gold":256,"neow_bonus":"REMOVE_TWO","is_prod":false,"is_daily":false,"chose_seed":false,"campfire_upgraded":6,"win_rate":0,"timestamp":1541184119,"path_taken":["M","?","?","$","M","R","?","R","T","M","?","M","R","M","R","BOSS","M","M","?","?","M","R","M","R","T","E","?","R","M","M","R","BOSS"],"build_version":"2018-11-01","purchased_purges":2,"victory":false,"max_hp_per_floor":[72,72,72,72,72,72,72,72,72,72,72,72,72,72,72,72,72,72,72,72,72,72,72,72,72,72,72,72,72,72,72,72,72],"card_choices":[{"not_picked":["Sentinel","Perfected Strike"],"picked":"Searing Blow","floor":1},{"not_picked":["Rage","Sever Soul"],"picked":"Disarm","floor":2},{"not_picked":["Uppercut","Pummel"],"picked":"Flex","floor":5},{"not_picked":["Hemokinesis","Wild Strike"],"picked":"Iron Wave","floor":10},{"not_picked":["Headbutt","Havoc"],"picked":"Iron Wave","floor":12},{"not_picked":["Warcry","True Grit"],"picked":"Iron Wave","floor":14},{"not_picked":["Twin Strike","Iron Wave+1"],"picked":"Flex","floor":18},{"not_picked":["Havoc","Headbutt","Pummel"],"picked":"SKIP","floor":19},{"not_picked":["Shockwave+1","Spot Weakness"],"picked":"Armaments","floor":22},{"not_picked":["Thunderclap+1","Feel No Pain"],"picked":"Flame Barrier","floor":24},{"not_picked":["Inflame+1","Blood for Blood"],"picked":"Seeing Red+1","floor":27},{"not_picked":["Flex","Second Wind","Anger+1"],"picked":"SKIP","floor":28},{"not_picked":["Wild Strike","Heavy Blade","Fiend Fire"],"picked":"SKIP","floor":30},{"not_picked":["Body Slam","Carnage","Thunderclap"],"picked":"SKIP","floor":31}],"player_experience":992703,"relics_obtained":[{"floor":9,"key":"Kunai"},{"floor":26,"key":"Oddly Smooth Stone"},{"floor":27,"key":"Sundial"}],"event_choices":[{"damage_healed":0,"gold_gain":0,"player_choice":"Box","damage_taken":0,"relics_obtained":["Smiling Mask"],"max_hp_gain":0,"max_hp_loss":0,"event_name":"Big Fish","floor":3,"gold_loss":0,"cards_obtained":["Regret"]},{"damage_healed":0,"gold_gain":0,"player_choice":"Entered Light","damage_taken":14,"max_hp_gain":0,"max_hp_loss":0,"event_name":"Shining Light","floor":7,"gold_loss":0,"cards_upgraded":["Defend_R","Searing Blow"]},{"damage_healed":0,"gold_gain":0,"cards_transformed":["Strike_R"],"player_choice":"Transformed","damage_taken":0,"max_hp_gain":0,"max_hp_loss":0,"event_name":"Transmorgrifier","floor":11,"gold_loss":0,"cards_obtained":["Pommel Strike"]},{"damage_healed":24,"gold_gain":0,"player_choice":"Heal","damage_taken":0,"max_hp_gain":0,"max_hp_loss":0,"event_name":"The Library","floor":21,"gold_loss":0}],"is_beta":false,"boss_relics":[{"not_picked":["Astrolabe","Runic Pyramid"],"picked":"Velvet Choker"}],"items_purged_floors":[4,20],"is_endless":false,"potions_floor_spawned":[1,10,12,14,16,19,22,30],"killed_by":"Champ","ascension_level":8}