{"path_per_floor":["M","?","?","?","M","E","R","$","T","R","?","E","R","E","R","B",null,"M","M","$","M","M","M","E","?","T","E","R","E","M","M","R","B",null,"M","?","?","M","$","R","E","R","T","M","M","R","$","M","R","B"],"character_chosen":"IRONCLAD","items_purchased":["Power Through","Magic Flower","Regen Potion","Master of Strategy","War Paint","Shuriken","Good Instincts"],"gold_per_floor":[118,118,188,188,207,232,232,121,147,147,177,206,206,232,232,330,330,341,360,70,88,107,121,153,153,153,179,179,209,225,235,235,339,339,357,357,412,422,34,34,66,66,366,385,399,399,58,78,78,78],"floor_reached":51,"campfire_rested":5,"playtime":3110,"current_hp_per_floor":[80,64,64,64,58,38,62,62,62,62,70,72,72,65,86,75,86,88,88,88,45,52,58,64,64,64,38,64,43,46,52,78,70,88,65,54,45,54,54,54,65,65,65,76,85,85,85,94,94,89],"items_purged":["Normality"],"gold":78,"score":1009,"play_id":"ad799568-088c-4a2f-af02-70bf62161d28","local_time":"20180322030604","is_prod":false,"is_daily":false,"is_ascension_mode":true,"campfire_upgraded":5,"timestamp":1521702364,"path_taken":["M","?","?","?","M","E","R","$","T","R","?","E","R","E","R","BOSS","M","M","$","M","M","M","E","?","T","E","R","E","M","M","R","BOSS","M","?","?","?","?","R","E","R","T","M","M","R","?","M","R","BOSS"],"build_version":"2018-03-21","purchased_purges":1,"victory":true,"master_deck":["Strike_R","Strike_R+1","Strike_R+1","Strike_R+1","Strike_R+1","Defend_R","Defend_R","Defend_R","Defend_R","Bash+1","Wild Strike","Clothesline+1","Whirlwind+1","Power Through+1","Barricade+1","Ghostly Armor+1","Burning Pact+1","Bloodletting+1","Body Slam+1","Corruption+1","Feel No Pain+1","Shrug It Off+1","Seeing Red","Shrug It Off+1","Body Slam+1","True Grit+1","Exhume","True Grit+1","Madness","Madness","Entrench+1","Body Slam+1","Master of Strategy+1","Feel No Pain+1","Good Instincts","Pommel Strike+1"],"max_hp_per_floor":[80,80,80,80,80,80,80,80,80,80,82,84,84,86,86,86,86,88,88,88,88,88,88,88,88,88,88,88,88,88,88,88,88,88,88,88,88,88,88,88,90,90,90,92,92,92,92,94,94,94],"relics":["Burning Blood","Molten Egg 2","Singing Bowl","Bag of Marbles","Odd Mushroom","Oddly Smooth Stone","Self Forming Clay","Question Card","Magic Flower","Red Skull","Thread and Needle","Dream Catcher","Centennial Puzzle","Mark of Pain","Gambling Chip","War Paint","Whetstone","Old Coin","Shuriken"],"card_choices":[{"not_picked":["Cleave","Perfected Strike"],"picked":"Wild Strike","floor":1},{"not_picked":["Anger","Havoc"],"picked":"Clothesline","floor":5},{"not_picked":["Reckless Charge","Reaper"],"picked":"Whirlwind","floor":6},{"not_picked":["Reaper","Impervious"],"picked":"Barricade","floor":16},{"not_picked":["Flex","Clothesline","Heavy Blade"],"picked":"Ghostly Armor","floor":19},{"not_picked":["Warcry","Anger","Armaments"],"picked":"Burning Pact","floor":21},{"not_picked":["Whirlwind","Heavy Blade","Entrench"],"picked":"Bloodletting","floor":22},{"not_picked":["Dual Wield","Dropkick","Fire Breathing"],"picked":"Body Slam","floor":23},{"not_picked":["Power Through","Barricade","Dropkick"],"picked":"Corruption","floor":24},{"not_picked":["Second Wind","Havoc","Headbutt"],"picked":"Feel No Pain","floor":27},{"not_picked":["Rupture","Anger","Thunderclap"],"picked":"Shrug It Off","floor":28},{"not_picked":["Spot Weakness","Warcry","Headbutt"],"picked":"Seeing Red","floor":29},{"not_picked":["Heavy Blade","Rupture","Metallicize"],"picked":"Shrug It Off","floor":30},{"not_picked":["Perfected Strike","Hemokinesis","Second Wind"],"picked":"Body Slam","floor":31},{"not_picked":["Limit Break","Armaments","Fire Breathing"],"picked":"True Grit","floor":32},{"not_picked":["Fiend Fire","Feed","Reaper"],"picked":"Exhume","floor":33},{"not_picked":["Sever Soul","Cleave","Disarm"],"picked":"True Grit","floor":35},{"not_picked":["Rage","Sever Soul","Warcry"],"picked":"Entrench","floor":37},{"not_picked":["Thunderclap","Shrug It Off","Rage"],"picked":"Body Slam","floor":38},{"not_picked":["Flex","Sword Boomerang","Thunderclap"],"picked":"Feel No Pain","floor":45},{"not_picked":["Havoc","Clothesline","Sever Soul"],"picked":"Pommel Strike","floor":49}],"player_experience":76549,"potions_floor_usage":[6,18,18,23,23,24,33,33,48,50,50],"damage_taken":[{"damage":4,"enemies":"2 Louse","floor":1,"turns":4},{"damage":12,"enemies":"Jaw Worm","floor":5,"turns":2},{"damage":26,"enemies":"3 Sentries","floor":6,"turns":8},{"damage":0,"enemies":"The Mushroom Lair","floor":11,"turns":1},{"damage":6,"enemies":"Gremlin Nob","floor":12,"turns":4},{"damage":15,"enemies":"Lagavulin","floor":14,"turns":5},{"damage":17,"enemies":"Slime Boss","floor":16,"turns":7},{"damage":3,"enemies":"3 Byrds","floor":18,"turns":3},{"damage":0,"enemies":"Chosen","floor":19,"turns":4},{"damage":52,"enemies":"Sentry and Sphere","floor":21,"turns":9},{"damage":2,"enemies":"Snecko","floor":22,"turns":6},{"damage":3,"enemies":"Cultist and Chosen","floor":23,"turns":2},{"damage":3,"enemies":"Slavers","floor":24,"turns":1},{"damage":35,"enemies":"Gremlin Leader","floor":27,"turns":7},{"damage":30,"enemies":"Book of Stabbing","floor":29,"turns":6},{"damage":6,"enemies":"Centurion and Healer","floor":30,"turns":5},{"damage":3,"enemies":"Chosen and Byrds","floor":31,"turns":3},{"damage":17,"enemies":"Automaton","floor":33,"turns":8},{"damage":32,"enemies":"3 Darklings","floor":35,"turns":8},{"damage":18,"enemies":"Mysterious Sphere","floor":37,"turns":6},{"damage":0,"enemies":"3 Shapes","floor":38,"turns":4},{"damage":0,"enemies":"Nemesis","floor":41,"turns":5},{"damage":0,"enemies":"Spire Growth","floor":44,"turns":4},{"damage":0,"enemies":"Sphere and 2 Shapes","floor":45,"turns":4},{"damage":0,"enemies":"Flame Bruiser 2 Orb","floor":48,"turns":5},{"damage":24,"enemies":"Time Eater","floor":50,"turns":15}],"event_choices":[{"event_name":"Shining Light","player_choice":"Entered Light","floor":2,"damage_taken":0},{"event_name":"Golden Wing","player_choice":"Gained Gold","floor":3,"damage_taken":0},{"event_name":"Accursed Blacksmith","player_choice":"Rummage","floor":4,"damage_taken":0},{"event_name":"Mushrooms","player_choice":"Fought Mushrooms","floor":11,"damage_taken":0},{"event_name":"Upgrade Shrine","player_choice":"Upgraded","floor":25,"damage_taken":0},{"event_name":"Winding Halls","player_choice":"Embrace Madness","floor":36,"damage_taken":0},{"event_name":"Mysterious Sphere","player_choice":"Fight","floor":37,"damage_taken":0}],"boss_relics":[{"not_picked":["Runic Cube","Runic Pyramid"],"picked":"Question Card"},{"not_picked":["White Beast Statue","Philosopher\u0027s Stone"],"picked":"Mark of Pain"}],"potions_floor_spawned":[5,11,14,21,22,23,29,31,33,35,41,44],"seed_played":"-55898952543566907","ascension_level":4,"is_trial":false}