{"gold_per_floor":[112,129,145,145,170,209,209,209,209,209,250,271,306,113,113,238,238,231,231,255,268,87,100,100,139,190,190,206,231,244,262,262,393,393,418,175,175,175,0,68,86,86,86,124,124,139,139,170,170,170,170,170,4,48,48],"floor_reached":55,"playtime":6818,"items_purged":[],"score":912,"play_id":"3d6ed446-1cd9-4c8b-93a3-b926a29c4c31","local_time":"20190409192209","is_ascension_mode":true,"campfire_choices":[{"floor":7,"key":"REST"},{"floor":15,"key":"REST"},{"floor":24,"key":"REST"},{"floor":32,"key":"REST"},{"floor":45,"key":"RECALL"},{"data":"Demon Form","floor":47,"key":"SMITH"},{"data":"Fiend Fire","floor":49,"key":"SMITH"},{"data":"Armaments","floor":52,"key":"SMITH"}],"neow_cost":"NONE","seed_source_timestamp":339560268879545,"circlet_count":0,"master_deck":["Bash","Flex","Demon Form+1","Whirlwind","Injury","Whirlwind","Ghostly Armor","Blood for Blood","Pommel Strike","Carnage","Flame Barrier","Impervious","Inflame","Feel No Pain","Iron Wave","Havoc","Heavy Blade","Armaments+1","Power Through","Offering","True Grit+1","Pommel Strike","Rage+1","Corruption","Body Slam","Battle Trance","Sentinel+1","Fiend Fire+1","Uppercut+1","Good Instincts","Impatience","Enlightenment","Battle Trance+1","Parasite","Sentinel+1"],"relics":["Burning Blood","NeowsBlessing","Golden Idol","Bag of Preparation","Paper Frog","Pear","PreservedInsect","Orichalcum","OrangePellets","Pandora\u0027s Box","Enchiridion","Happy Flower","Blood Vial","Pen Nib","Art of War","Snecko Eye","Bottled Tornado","Red Mask","Tiny Chest","Gremlin Horn","Anchor","The Courier","Sling","Letter Opener"],"potions_floor_usage":[11,11,13,16,31,31,33,33,44,50,50],"damage_taken":[{"damage":0,"enemies":"2 Louse","floor":1,"turns":1},{"damage":0,"enemies":"Jaw Worm","floor":2,"turns":1},{"damage":0,"enemies":"Small Slimes","floor":3,"turns":1},{"damage":14,"enemies":"2 Fungi Beasts","floor":5,"turns":3},{"damage":31,"enemies":"3 Sentries","floor":6,"turns":4},{"damage":27,"enemies":"Gremlin Nob","floor":11,"turns":5},{"damage":16,"enemies":"Exordium Wildlife","floor":12,"turns":5},{"damage":39,"enemies":"Lagavulin","floor":13,"turns":6},{"damage":26,"enemies":"Hexaghost","floor":16,"turns":9},{"damage":16,"enemies":"2 Thieves","floor":18,"turns":4},{"damage":3,"enemies":"3 Byrds","floor":20,"turns":4},{"damage":21,"enemies":"3 Cultists","floor":21,"turns":4},{"damage":12,"enemies":"Cultist and Chosen","floor":23,"turns":5},{"damage":13,"enemies":"Gremlin Leader","floor":25,"turns":7},{"damage":16,"enemies":"Snake Plant","floor":28,"turns":3},{"damage":6,"enemies":"Chosen and Byrds","floor":30,"turns":5},{"damage":15,"enemies":"Centurion and Healer","floor":31,"turns":6},{"damage":74,"enemies":"Automaton","floor":33,"turns":7},{"damage":0,"enemies":"Orb Walker","floor":35,"turns":3},{"damage":0,"enemies":"Nemesis","floor":40,"turns":3},{"damage":21,"enemies":"3 Shapes","floor":41,"turns":4},{"damage":6,"enemies":"Giant Head","floor":44,"turns":3},{"damage":0,"enemies":"Writhing Mass","floor":46,"turns":4},{"damage":0,"enemies":"Reptomancer","floor":48,"turns":4},{"damage":51,"enemies":"Donu and Deca","floor":50,"turns":7},{"damage":25,"enemies":"Shield and Spear","floor":54,"turns":4},{"damage":75,"enemies":"The Heart","floor":55,"turns":3}],"seed_played":"4394335164041230003","potions_obtained":[{"floor":3,"key":"Strength Potion"},{"floor":5,"key":"Regen Potion"},{"floor":6,"key":"Dexterity Potion"},{"floor":12,"key":"Regen Potion"},{"floor":18,"key":"Dexterity Potion"},{"floor":21,"key":"SpeedPotion"},{"floor":23,"key":"BloodPotion"},{"floor":30,"key":"Energy Potion"},{"floor":31,"key":"Poison Potion"},{"floor":40,"key":"Fire Potion"},{"floor":44,"key":"GamblersBrew"},{"floor":46,"key":"Energy Potion"}],"is_trial":false,"path_per_floor":["M","M","M","?","M","E","R","?","T","?","E","M","E","$","R","B",null,"M","?","M","M","$","M","R","E","T","?","M","T","M","M","R","B",null,"M","$","?","?","?","E","M","$","T","E","R","M","R","E","R","B",null,"R","$","E","B"],"character_chosen":"IRONCLAD","items_purchased":["OrangePellets","Corruption","Happy Flower","Bottled Tornado","Sling"],"campfire_rested":4,"item_purchase_floors":[14,22,22,36,53],"current_hp_per_floor":[80,80,80,80,72,47,71,71,71,69,62,52,33,33,60,40,90,80,64,67,52,52,46,73,66,66,66,58,58,60,62,89,22,90,90,90,80,80,80,88,75,75,75,77,77,85,85,90,90,45,90,90,90,71,0],"gold":48,"neow_bonus":"THREE_ENEMY_KILL","is_prod":false,"is_daily":false,"chose_seed":false,"campfire_upgraded":3,"win_rate":0,"timestamp":1554834129,"path_taken":["M","M","M","?","M","E","R","?","T","?","E","M","E","$","R","BOSS","M","?","M","M","$","M","R","E","T","?","M","?","M","?","R","BOSS","M","$","?","?","?","E","M","$","T","E","R","M","R","E","R","BOSS","R","$","E","BOSS"],"build_version":"2019-01-23","purchased_purges":0,"victory":false,"max_hp_per_floor":[80,80,80,80,80,80,80,80,80,90,90,90,90,90,90,90,90,90,90,90,90,90,90,90,90,90,90,90,90,90,90,90,90,90,90,90,90,90,90,90,90,90,90,90,90,90,90,90,90,90,90,90,90,90,90],"card_choices":[{"not_picked":["Headbutt","Wild Strike"],"picked":"Flex","floor":1},{"not_picked":["Anger","Warcry"],"picked":"Demon Form","floor":2},{"not_picked":["True Grit","Rampage"],"picked":"Whirlwind","floor":3},{"not_picked":["Cleave","Thunderclap"],"picked":"Whirlwind","floor":5},{"not_picked":["Dropkick","Perfected Strike"],"picked":"Ghostly Armor","floor":6},{"not_picked":["True Grit","Body Slam"],"picked":"Pommel Strike","floor":11},{"not_picked":["Perfected Strike","Sword Boomerang"],"picked":"Carnage","floor":12},{"not_picked":["Whirlwind","Offering"],"picked":"Flame Barrier","floor":13},{"not_picked":["Immolate","Berserk"],"picked":"Impervious","floor":16},{"not_picked":["Perfected Strike+1","Clash"],"picked":"True Grit+1","floor":18},{"not_picked":["Anger","Bloodletting"],"picked":"Pommel Strike","floor":20},{"not_picked":["Inflame+1","Body Slam"],"picked":"Rage+1","floor":21},{"not_picked":["Clash+1","Bloodletting"],"picked":"Intimidate","floor":23},{"not_picked":["Fire Breathing+1","Carnage+1"],"picked":"Body Slam","floor":25},{"not_picked":["Whirlwind","Clothesline"],"picked":"Battle Trance","floor":28},{"not_picked":["Twin Strike","Clash","Perfected Strike"],"picked":"SKIP","floor":30},{"not_picked":["Sever Soul+1","Perfected Strike"],"picked":"Sentinel+1","floor":31},{"not_picked":["Berserk","Impervious"],"picked":"Fiend Fire","floor":33},{"not_picked":["Evolve+1","Clash+1"],"picked":"Uppercut+1","floor":35},{"not_picked":["Flash of Steel","Trip"],"picked":"Good Instincts","floor":37},{"not_picked":["Mind Blast","Blind"],"picked":"Impatience","floor":37},{"not_picked":["Master of Strategy","Purity"],"picked":"Enlightenment","floor":37},{"not_picked":["Body Slam","Warcry","Flex"],"picked":"SKIP","floor":40},{"not_picked":["Anger","Ghostly Armor+1"],"picked":"Battle Trance+1","floor":41},{"not_picked":["Thunderclap","Reckless Charge+1","Rampage+1"],"picked":"SKIP","floor":44},{"not_picked":["Heavy Blade","Perfected Strike"],"picked":"Sentinel+1","floor":46},{"not_picked":["Hemokinesis+1","Twin Strike+1","Inflame"],"picked":"SKIP","floor":48},{"not_picked":["Searing Blow","Disarm+1","Cleave"],"picked":"SKIP","floor":54}],"player_experience":379108,"relics_obtained":[{"floor":6,"key":"Bag of Preparation"},{"floor":9,"key":"Paper Frog"},{"floor":11,"key":"PreservedInsect"},{"floor":13,"key":"Orichalcum"},{"floor":19,"key":"Enchiridion"},{"floor":25,"key":"Blood Vial"},{"floor":29,"key":"Art of War"},{"floor":40,"key":"Tiny Chest"},{"floor":43,"key":"Gremlin Horn"},{"floor":44,"key":"Anchor"},{"floor":48,"key":"The Courier"},{"floor":54,"key":"Letter Opener"}],"event_choices":[{"damage_healed":0,"gold_gain":0,"player_choice":"Take Wound","damage_taken":0,"relics_obtained":["Golden Idol"],"max_hp_gain":0,"max_hp_loss":0,"event_name":"Golden Idol","floor":4,"gold_loss":0,"cards_obtained":["Injury"]},{"damage_healed":0,"gold_gain":0,"cards_transformed":["Strike_R"],"player_choice":"Change","damage_taken":0,"max_hp_gain":0,"max_hp_loss":0,"event_name":"Living Wall","floor":8,"gold_loss":0,"cards_obtained":["Blood for Blood"]},{"damage_healed":0,"gold_gain":0,"player_choice":"Success","damage_taken":12,"relics_obtained":["Pear"],"max_hp_gain":0,"max_hp_loss":0,"event_name":"Scrap Ooze","floor":10,"gold_loss":0},{"damage_healed":0,"gold_gain":0,"player_choice":"Obtained Book","damage_taken":16,"max_hp_gain":0,"max_hp_loss":0,"event_name":"Cursed Tome","floor":19,"gold_loss":0},{"damage_healed":0,"gold_gain":0,"player_choice":"Opened","damage_taken":0,"relics_obtained":["Pen Nib"],"max_hp_gain":0,"max_hp_loss":0,"event_name":"The Mausoleum","floor":27,"gold_loss":0},{"damage_healed":0,"gold_gain":0,"player_choice":"Memory 3","damage_taken":10,"max_hp_gain":0,"max_hp_loss":0,"event_name":"SensoryStone","floor":37,"gold_loss":0},{"cards_removed":["Intimidate"],"damage_healed":0,"gold_gain":0,"player_choice":"Removed Skill","damage_taken":0,"max_hp_gain":0,"max_hp_loss":0,"event_name":"Falling","floor":38,"gold_loss":0},{"damage_healed":0,"gold_gain":0,"player_choice":"Paid","damage_taken":0,"relics_obtained":["Red Mask"],"max_hp_gain":0,"max_hp_loss":0,"event_name":"Tomb of Lord Red Mask","floor":39,"gold_loss":175}],"is_beta":false,"boss_relics":[{"not_picked":["White Beast Statue","Runic Cube"],"picked":"Pandora\u0027s Box"},{"not_picked":["Black Star","Sozu"],"picked":"Snecko Eye"}],"items_purged_floors":[],"is_endless":false,"potions_floor_spawned":[3,5,6,12,18,21,23,30,31,40,44,46],"killed_by":"The Heart","ascension_level":1}