{"gold_per_floor":[111,111,129,139,139,170,170,183,183,193,193,209,174,186,186,289,289,301,301,291,291,304,304,304,314,314,32,49,69,19,35,35,35],"floor_reached":33,"playtime":6496,"items_purged":["Berserk"],"score":278,"play_id":"14a87a00-26f8-4524-8e5b-7727bfd42456","local_time":"20190326175950","is_ascension_mode":false,"campfire_choices":[{"floor":7.0,"key":"REST"},{"data":"Pommel Strike","floor":11.0,"key":"SMITH"},{"data":"Ghostly Armor","floor":15.0,"key":"SMITH"},{"floor":23,"key":"REST"},{"floor":32,"key":"REST"}],"neow_cost":"","seed_source_timestamp":0,"circlet_count":0,"master_deck":["Strike_R+1","Strike_R+1","Strike_R+1","Strike_R+1","Defend_R+1","Defend_R+1","Defend_R+1","Defend_R+1","Bash","Pommel Strike+1","Flex","Body Slam","Ghostly Armor+1","Twin Strike","Shrug It Off","Rampage","Rage","True Grit+1","Warcry","Clash","Iron Wave","Thunderclap+1","Shrug It Off","Entrench","Armaments","Sword Boomerang"],"special_seed":0,"relics":["Burning Blood","Self Forming Clay","Shuriken","Sundial","Mark of Pain","Pear","Strawberry"],"potions_floor_usage":[29,33,33],"damage_taken":[{"damage":6.0,"enemies":"2 Louse","floor":1.0,"turns":4.0},{"damage":3.0,"enemies":"Small Slimes","floor":3.0,"turns":4.0},{"damage":0.0,"enemies":"Cultist","floor":4.0,"turns":4.0},{"damage":28.0,"enemies":"3 Sentries","floor":6.0,"turns":12.0},{"damage":4.0,"enemies":"Blue Slaver","floor":8.0,"turns":4.0},{"damage":0.0,"enemies":"Red Slaver","floor":10.0,"turns":4.0},{"damage":16.0,"enemies":"Exordium Thugs","floor":12.0,"turns":6.0},{"damage":3.0,"enemies":"Lots of Slimes","floor":14.0,"turns":5.0},{"damage":64.0,"enemies":"The Guardian","floor":16.0,"turns":10.0},{"damage":23.0,"enemies":"Chosen","floor":18.0,"turns":5.0},{"damage":9.0,"enemies":"2 Thieves","floor":20.0,"turns":4.0},{"damage":35.0,"enemies":"3 Cultists","floor":22.0,"turns":7.0},{"damage":5,"enemies":"Cultist and Chosen","floor":25,"turns":8},{"damage":15,"enemies":"Snecko","floor":28,"turns":6},{"damage":10,"enemies":"Shelled Parasite and Fungi","floor":29,"turns":6},{"damage":40,"enemies":"Cultist and Chosen","floor":31,"turns":10},{"damage":63,"enemies":"Champ","floor":33,"turns":14}],"seed_played":"978164747505727074","potions_obtained":[{"floor":4.0,"key":"GamblersBrew"},{"floor":8.0,"key":"AttackPotion"},{"floor":10.0,"key":"Weak Potion"},{"floor":12.0,"key":"Energy Potion"},{"floor":16.0,"key":"Swift Potion"},{"floor":22.0,"key":"GamblersBrew"},{"floor":24,"key":"LiquidBronze"},{"floor":24,"key":"SpeedPotion"},{"floor":25,"key":"Strength Potion"}],"is_trial":false,"path_per_floor":["M","?","M","M","$","E","R","M","T","M","R","M","?","M","R","B",null,"M","?","M","?","M","R","?","M","T","$","M","M","?","M","R","B"],"character_chosen":"IRONCLAD","items_purchased":["Strawberry","Shrug It Off"],"campfire_rested":3,"item_purchase_floors":[27,27],"current_hp_per_floor":[80,68,71,77,77,55,79,80,80,80,80,70,70,73,73,15,80,63,63,60,60,31,55,55,56,66,73,64,60,60,26,55,0],"gold":35,"neow_bonus":"","is_prod":false,"is_daily":false,"chose_seed":false,"campfire_upgraded":2,"win_rate":0.0,"timestamp":1553637590,"path_taken":["M","?","M","M","$","E","R","M","T","M","R","M","?","M","R","BOSS","M","?","M","?","?","R","?","M","T","$","?","M","?","M","R","BOSS"],"build_version":"2019-01-23","purchased_purges":1,"victory":false,"max_hp_per_floor":[80,80,80,80,80,80,80,80,80,80,80,80,80,80,80,80,80,80,80,80,80,80,80,80,80,90,97,97,97,97,97,97,97],"card_choices":[{"not_picked":["Headbutt","Anger"],"picked":"Pommel Strike","floor":1.0},{"not_picked":["Searing Blow","Combust"],"picked":"Flex","floor":3.0},{"not_picked":["Blood for Blood","Combust"],"picked":"Body Slam","floor":4.0},{"not_picked":["Reckless Charge","Anger"],"picked":"Ghostly Armor","floor":6.0},{"not_picked":["Infernal Blade","Reckless Charge"],"picked":"Twin Strike","floor":8.0},{"not_picked":["Flex","Warcry"],"picked":"Shrug It Off","floor":10.0},{"not_picked":["Headbutt","True Grit"],"picked":"Rampage","floor":12.0},{"not_picked":["Thunderclap","Offering"],"picked":"Rage","floor":14.0},{"not_picked":["Bludgeon","Reaper"],"picked":"Berserk","floor":16.0},{"not_picked":["Armaments","Carnage"],"picked":"True Grit+1","floor":18.0},{"not_picked":["Rupture","Clash"],"picked":"Warcry","floor":20.0},{"not_picked":["Cleave","Bloodletting"],"picked":"Iron Wave","floor":22.0},{"not_picked":["Sword Boomerang","Whirlwind"],"picked":"Thunderclap+1","floor":25},{"not_picked":["Anger","Twin Strike"],"picked":"Entrench","floor":28},{"not_picked":["Second Wind","True Grit"],"picked":"Armaments","floor":29},{"not_picked":["Whirlwind","Bloodletting+1"],"picked":"Sword Boomerang","floor":31}],"player_experience":0,"relics_obtained":[{"floor":6.0,"key":"Shuriken"},{"floor":9.0,"key":"Sundial"},{"floor":26,"key":"Pear"}],"event_choices":[{"damage_healed":0.0,"max_hp_gain":0.0,"max_hp_loss":0.0,"gold_gain":0.0,"event_name":"Scrap Ooze","player_choice":"Success","floor":2.0,"gold_loss":0.0,"damage_taken":12.0,"relics_obtained":["Self Forming Clay"]},{"damage_healed":0.0,"max_hp_gain":0.0,"max_hp_loss":0.0,"gold_gain":0.0,"event_name":"World of Goop","player_choice":"Left Gold","floor":13.0,"gold_loss":35.0,"damage_taken":0.0},{"damage_healed":0.0,"max_hp_gain":0.0,"max_hp_loss":0.0,"gold_gain":0.0,"event_name":"Back to Basics","player_choice":"Simplicity","floor":19.0,"gold_loss":0.0,"damage_taken":0.0,"cards_upgraded":["Strike_R","Strike_R","Strike_R","Strike_R","Strike_R","Defend_R","Defend_R","Defend_R","Defend_R"]},{"damage_healed":0.0,"max_hp_gain":0.0,"max_hp_loss":0.0,"gold_gain":0.0,"cards_transformed":["Strike_R"],"event_name":"Transmorgrifier","player_choice":"Transformed","floor":21.0,"gold_loss":0.0,"damage_taken":0.0,"cards_obtained":["Clash"]},{"damage_healed":0,"gold_gain":0,"player_choice":"Got Potions","damage_taken":0,"max_hp_gain":0,"max_hp_loss":0,"event_name":"Lab","floor":24,"gold_loss":0},{"damage_healed":0,"gold_gain":0,"player_choice":"Bet on Murderer","damage_taken":0,"max_hp_gain":0,"max_hp_loss":0,"event_name":"The Joust","floor":30,"gold_loss":50}],"is_beta":false,"boss_relics":[{"not_picked":["Fusion Hammer","Coffee Dripper"],"picked":"Mark of Pain"}],"items_purged_floors":[27],"is_endless":false,"potions_floor_spawned":[4,8,10,12,16,22,25],"killed_by":"Champ","ascension_level":0}