{"gold_per_floor":[112,127,127,127,47,81,81,100,150,170,22,22,22,22,22,119,119,131,131,56,131,145,145,159,9,9,9,29,47,111,124,124,124],"floor_reached":33,"playtime":2076,"items_purged":["Defend_G"],"score":302,"play_id":"51d521b0-a490-4e08-bdaa-d6bf48883bf2","local_time":"20190112212417","is_ascension_mode":true,"campfire_choices":[{"floor":7,"key":"REST"},{"floor":12,"key":"REST"},{"data":"Neutralize","floor":15,"key":"SMITH"},{"data":"Glass Knife","floor":23,"key":"SMITH"},{"floor":27,"key":"REST"},{"floor":32,"key":"REST"}],"neow_cost":"NONE","seed_source_timestamp":70726900240492,"circlet_count":0,"master_deck":["Defend_G+1","Defend_G","Defend_G","Defend_G+1","Strike_G+1","Strike_G","Strike_G","Strike_G","Strike_G","Survivor","Neutralize+1","Endless Agony","Noxious Fumes","Acrobatics","Glass Knife+1","Acrobatics","Backstab","Blur","Corpse Explosion+1","Backflip+1","Quick Slash","Underhanded Strike","Dagger Throw","Backflip+1","Caltrops","Backflip","Dash"],"relics":["Ring of the Snake","Dream Catcher","Oddly Smooth Stone","Vajra","Odd Mushroom","HoveringKite","War Paint","Orichalcum","Tiny Chest"],"potions_floor_usage":[6,28,33],"damage_taken":[{"damage":6,"enemies":"2 Louse","floor":1,"turns":5},{"damage":3,"enemies":"Jaw Worm","floor":2,"turns":5},{"damage":45,"enemies":"Gremlin Nob","floor":6,"turns":6},{"damage":0,"enemies":"Small Slimes","floor":8,"turns":3},{"damage":18,"enemies":"The Mushroom Lair","floor":10,"turns":4},{"damage":23,"enemies":"The Guardian","floor":16,"turns":15},{"damage":2,"enemies":"Spheric Guardian","floor":18,"turns":3},{"damage":14,"enemies":"3 Byrds","floor":22,"turns":3},{"damage":21,"enemies":"Shelled Parasite and Fungi","floor":24,"turns":8},{"damage":21,"enemies":"Snake Plant","floor":28,"turns":4},{"damage":9,"enemies":"Cultist and Chosen","floor":29,"turns":5},{"damage":17,"enemies":"Slavers","floor":30,"turns":6},{"damage":11,"enemies":"Shelled Parasite and Fungi","floor":31,"turns":6},{"damage":35,"enemies":"Champ","floor":33,"turns":15}],"seed_played":"3242188969738933037","potions_obtained":[{"floor":2,"key":"Fruit Juice"},{"floor":6,"key":"SkillPotion"},{"floor":22,"key":"Regen Potion"}],"is_trial":false,"path_per_floor":["M","M","?","?","$","E","R","M","T","?","$","R","$","?","R","B",null,"M","?","$","?","M","R","M","$","T","R","M","M","E","M","R","B"],"character_chosen":"THE_SILENT","items_purchased":["Noxious Fumes","Backstab","Blur","War Paint"],"campfire_rested":4,"item_purchase_floors":[5,11,11,25],"current_hp_per_floor":[71,68,68,68,68,28,52,52,52,34,34,58,58,42,42,19,82,80,80,80,72,58,58,37,37,37,61,52,43,26,15,39,4],"gold":124,"neow_bonus":"TEN_PERCENT_HP_BONUS","is_prod":false,"is_daily":false,"chose_seed":false,"campfire_upgraded":2,"win_rate":0,"timestamp":1547357057,"path_taken":["M","M","?","?","$","E","R","M","T","?","$","R","?","?","R","BOSS","M","?","$","?","?","R","M","$","T","R","M","M","E","M","R","BOSS"],"build_version":"2019-01-10","purchased_purges":1,"victory":false,"max_hp_per_floor":[77,77,77,77,77,82,82,82,82,82,82,82,82,82,82,82,82,82,82,82,82,82,82,82,82,82,82,82,82,82,82,82,82],"card_choices":[{"not_picked":["Deflect","Bane","Poisoned Stab"],"picked":"SKIP","floor":1},{"not_picked":["Quick Slash","Reflex"],"picked":"Endless Agony","floor":2},{"not_picked":["Sucker Punch","All Out Attack"],"picked":"Acrobatics","floor":6},{"not_picked":["Caltrops","Dagger Throw"],"picked":"Glass Knife","floor":7},{"not_picked":["Terror","All Out Attack"],"picked":"Acrobatics","floor":8},{"not_picked":["Storm of Steel","Night Terror"],"picked":"Corpse Explosion","floor":16},{"not_picked":["Calculated Gamble","Distraction","Deadly Poison"],"picked":"SKIP","floor":18},{"not_picked":["Underhanded Strike","Caltrops"],"picked":"Backflip+1","floor":22},{"not_picked":["Cloak And Dagger","Flying Knee"],"picked":"Quick Slash","floor":24},{"not_picked":["Dash","PiercingWail"],"picked":"Underhanded Strike","floor":27},{"not_picked":["Blade Dance+1","Phantasmal Killer"],"picked":"Dagger Throw","floor":28},{"not_picked":["Noxious Fumes+1","Sucker Punch"],"picked":"Backflip+1","floor":29},{"not_picked":["Blade Dance","Setup"],"picked":"Caltrops","floor":30},{"not_picked":["Cloak And Dagger+1","Outmaneuver"],"picked":"Backflip","floor":31},{"not_picked":["Heel Hook","Caltrops"],"picked":"Dash","floor":32}],"player_experience":219424,"relics_obtained":[{"floor":6,"key":"Oddly Smooth Stone"},{"floor":9,"key":"Vajra"},{"floor":10,"key":"Odd Mushroom"},{"floor":26,"key":"Orichalcum"},{"floor":30,"key":"Tiny Chest"}],"event_choices":[{"damage_healed":0,"gold_gain":0,"player_choice":"Box","damage_taken":0,"relics_obtained":["Dream Catcher"],"max_hp_gain":0,"max_hp_loss":0,"event_name":"Big Fish","floor":3,"gold_loss":0,"cards_obtained":["Regret"]},{"cards_removed":["Regret"],"damage_healed":0,"gold_gain":0,"player_choice":"Forget","damage_taken":0,"max_hp_gain":0,"max_hp_loss":0,"event_name":"Living Wall","floor":4,"gold_loss":0},{"damage_healed":0,"gold_gain":0,"player_choice":"Fought Mushrooms","damage_taken":0,"max_hp_gain":0,"max_hp_loss":0,"event_name":"Mushrooms","floor":10,"gold_loss":0},{"damage_healed":0,"gold_gain":0,"player_choice":"Entered Light","damage_taken":16,"max_hp_gain":0,"max_hp_loss":0,"event_name":"Shining Light","floor":14,"gold_loss":0,"cards_upgraded":["Defend_G","Strike_G"]},{"damage_healed":0,"gold_gain":0,"player_choice":"Ignored","damage_taken":0,"max_hp_gain":0,"max_hp_loss":0,"event_name":"Ghosts","floor":19,"gold_loss":0},{"damage_healed":0,"gold_gain":75,"player_choice":"Touch","damage_taken":8,"max_hp_gain":0,"max_hp_loss":0,"event_name":"FaceTrader","floor":21,"gold_loss":0}],"is_beta":false,"boss_relics":[{"not_picked":["White Beast Statue","Ectoplasm"],"picked":"HoveringKite"}],"items_purged_floors":[20],"is_endless":false,"potions_floor_spawned":[2,6,22],"killed_by":"Champ","ascension_level":3}