{"gold_per_floor":[110,128,128,128,148,148,168,191,191,109,81,81,51,78,78,78],"floor_reached":16,"playtime":639,"items_purged":[],"score":127,"play_id":"8e88520c-f74a-4c4f-89a2-ea3ea14e4cbe","local_time":"20190129160245","is_ascension_mode":true,"campfire_choices":[{"floor":6,"key":"REST"},{"floor":12,"key":"REST"},{"floor":15,"key":"REST"}],"neow_cost":"NONE","seed_source_timestamp":13560960391582,"circlet_count":0,"master_deck":["Defend_G","Defend_G","Defend_G","Defend_G","Defend_G","Strike_G","Strike_G","Strike_G","Strike_G","Strike_G","Survivor+1","Neutralize+1","Blind","Blade Dance","Deflect","Terror","Caltrops","Prepared","Dagger Spray","Footwork","Blur","Cloak And Dagger"],"relics":["Ring of the Snake","Odd Mushroom","Matryoshka","Bottled Tornado"],"potions_floor_usage":[8,14,16],"damage_taken":[{"damage":4,"enemies":"Cultist","floor":1,"turns":5},{"damage":0,"enemies":"2 Louse","floor":2,"turns":2},{"damage":0,"enemies":"Small Slimes","floor":5,"turns":3},{"damage":1,"enemies":"Exordium Wildlife","floor":7,"turns":3},{"damage":25,"enemies":"The Mushroom Lair","floor":8,"turns":7},{"damage":12,"enemies":"Looter","floor":13,"turns":4},{"damage":14,"enemies":"3 Sentries","floor":14,"turns":7},{"damage":53,"enemies":"Slime Boss","floor":16,"turns":13}],"seed_played":"8061310082404242002","potions_obtained":[{"floor":2,"key":"GhostInAJar"},{"floor":7,"key":"Strength Potion"},{"floor":8,"key":"Weak Potion"},{"floor":14,"key":"Swift Potion"}],"is_trial":false,"path_per_floor":["M","M","?","?","M","R","M","?","T","$","?","R","M","E","R","B"],"character_chosen":"THE_SILENT","items_purchased":["Dagger Spray","Footwork"],"campfire_rested":3,"item_purchase_floors":[10,10],"current_hp_per_floor":[59,59,45,38,38,59,58,33,33,33,33,54,42,28,49,0],"gold":78,"neow_bonus":"RANDOM_COLORLESS","is_prod":false,"is_daily":false,"chose_seed":false,"campfire_upgraded":0,"win_rate":0,"timestamp":1548802965,"path_taken":["M","M","?","?","M","R","?","?","T","?","?","R","M","E","R","BOSS"],"build_version":"2019-01-23","purchased_purges":0,"victory":false,"max_hp_per_floor":[70,70,70,70,70,70,70,70,70,70,70,70,70,70,70,70],"card_choices":[{"not_picked":["Slice","PiercingWail"],"picked":"Blade Dance","floor":1},{"not_picked":["Bane","Tactician"],"picked":"Deflect","floor":2},{"not_picked":["Acrobatics","Underhanded Strike"],"picked":"Terror","floor":5},{"not_picked":["Calculated Gamble","Setup"],"picked":"Caltrops","floor":7},{"not_picked":["Poisoned Stab","Underhanded Strike"],"picked":"Prepared","floor":8},{"not_picked":["Reflex","Deadly Poison"],"picked":"Blur","floor":13},{"not_picked":["Outmaneuver","Acrobatics"],"picked":"Cloak And Dagger","floor":14}],"player_experience":1337446,"relics_obtained":[{"floor":8,"key":"Odd Mushroom"},{"floor":9,"key":"Matryoshka"},{"floor":14,"key":"Bottled Tornado"}],"event_choices":[{"damage_healed":0,"gold_gain":0,"player_choice":"Entered Light","damage_taken":14,"max_hp_gain":0,"max_hp_loss":0,"event_name":"Shining Light","floor":3,"gold_loss":0,"cards_upgraded":["Neutralize","Survivor"]},{"damage_healed":0,"gold_gain":0,"player_choice":"Damaged","damage_taken":7,"max_hp_gain":0,"max_hp_loss":0,"event_name":"Wheel of Change","floor":4,"gold_loss":0},{"damage_healed":0,"gold_gain":0,"player_choice":"Fought Mushrooms","damage_taken":0,"max_hp_gain":0,"max_hp_loss":0,"event_name":"Mushrooms","floor":8,"gold_loss":0},{"damage_healed":0,"gold_gain":0,"player_choice":"Left Gold","damage_taken":0,"max_hp_gain":0,"max_hp_loss":0,"event_name":"World of Goop","floor":11,"gold_loss":28}],"is_beta":false,"boss_relics":[],"items_purged_floors":[],"is_endless":false,"potions_floor_spawned":[2,7,8,14],"killed_by":"Slime Boss","ascension_level":6}