{"gold_per_floor":[117,42,62,62,62,62,89,101,148,81,81,101,74,96,96,192,192,132,132,132,132,132,132,64,64,64,64,64,64,64,64,64,64,64,64,64,64,64,64,64,64,64,64,64,64,64,64,64,64,64],"floor_reached":51,"playtime":2104,"items_purged":["Strike_G"],"score":853,"play_id":"2fafa578-95b4-4279-8a8f-85d0fc034a03","local_time":"20190121225503","is_ascension_mode":true,"campfire_choices":[{"data":"Noxious Fumes","floor":6.0,"key":"SMITH"},{"data":"Footwork","floor":11.0,"key":"SMITH"},{"data":"Bullet Time","floor":15.0,"key":"SMITH"},{"data":"Acrobatics","floor":23.0,"key":"SMITH"},{"data":"Bouncing Flask","floor":25.0,"key":"SMITH"},{"floor":28.0,"key":"REST"},{"floor":32.0,"key":"REST"},{"floor":40.0,"key":"REST"},{"data":"Footwork","floor":42,"key":"SMITH"},{"data":"Calculated Gamble","floor":47,"key":"SMITH"},{"floor":49,"key":"REST"}],"neow_cost":"NONE","seed_source_timestamp":780766296009360,"circlet_count":0,"master_deck":["Defend_G","Defend_G","Defend_G","Defend_G","Defend_G","Strike_G","Survivor","Deadly Poison","Noxious Fumes+1","Bullet Time+1","Footwork+1","Acrobatics+1","Dodge and Roll","Poisoned Stab+1","Bouncing Flask+1","Footwork+1","Crippling Poison+1","A Thousand Cuts","Caltrops+1","Poisoned Stab","Crippling Poison","Venomology","PiercingWail+1","Calculated Gamble+1","Backflip+1","Predator+1","PiercingWail","Escape Plan+1","Sadistic Nature","Backflip"],"special_seed":0,"relics":["NeowsBlessing","Snake Skull","Lantern","Odd Mushroom","Ectoplasm","Nloth\u0027s Gift","Dream Catcher","Orrery","Anchor"],"potions_floor_usage":[41,41,45,45,50,50,50],"damage_taken":[{"damage":0.0,"enemies":"Small Slimes","floor":1.0,"turns":1.0},{"damage":0.0,"enemies":"Jaw Worm","floor":3.0,"turns":1.0},{"damage":0.0,"enemies":"3 Sentries","floor":7.0,"turns":2.0},{"damage":0.0,"enemies":"2 Louse","floor":8.0,"turns":3.0},{"damage":8.0,"enemies":"Large Slime","floor":12.0,"turns":6.0},{"damage":0.0,"enemies":"The Mushroom Lair","floor":14.0,"turns":4.0},{"damage":14.0,"enemies":"Slime Boss","floor":16.0,"turns":11.0},{"damage":11.0,"enemies":"2 Thieves","floor":18.0,"turns":4.0},{"damage":12.0,"enemies":"Chosen","floor":21.0,"turns":4.0},{"damage":16.0,"enemies":"Sentry and Sphere","floor":27.0,"turns":7.0},{"damage":6.0,"enemies":"Snake Plant","floor":30.0,"turns":4.0},{"damage":35.0,"enemies":"Collector","floor":33.0,"turns":9.0},{"damage":0.0,"enemies":"3 Shapes","floor":35.0,"turns":3.0},{"damage":27.0,"enemies":"3 Darklings","floor":38.0,"turns":5.0},{"damage":14.0,"enemies":"Jaw Worm Horde","floor":39.0,"turns":4.0},{"damage":7,"enemies":"Sphere and 2 Shapes","floor":41,"turns":4},{"damage":0,"enemies":"Writhing Mass","floor":45,"turns":6},{"damage":0,"enemies":"Jaw Worm Horde","floor":46,"turns":4},{"damage":39,"enemies":"Donu and Deca","floor":50,"turns":9}],"seed_played":"-6043197563806507747","potions_obtained":[{"floor":3.0,"key":"GhostInAJar"},{"floor":8.0,"key":"SpeedPotion"},{"floor":14.0,"key":"GhostInAJar"},{"floor":16.0,"key":"Poison Potion"},{"floor":33.0,"key":"Fruit Juice"},{"floor":39.0,"key":"Block Potion"},{"floor":41,"key":"GamblersBrew"},{"floor":45,"key":"Dexterity Potion"}],"is_trial":false,"path_per_floor":["M","$","M","?","?","R","E","M","T","$","R","M","$","?","R","B",null,"M","?","$","M","$","R","$","R","T","M","R","?","M","?","R","B",null,"M","$","$","M","M","R","M","R","T","?","M","M","R","?","R","B",null],"character_chosen":"THE_SILENT","items_purchased":["Footwork","Acrobatics","Bouncing Flask"],"campfire_rested":4,"item_purchase_floors":[10,13,24],"current_hp_per_floor":[63,63,63,56,56,56,56,56,56,56,56,48,48,48,48,34,61,50,50,50,38,38,38,38,38,38,22,43,43,37,37,58,23,58,63,63,63,36,36,58,51,51,51,46,46,46,46,46,68,29],"gold":64,"neow_bonus":"THREE_ENEMY_KILL","is_prod":false,"is_daily":false,"chose_seed":false,"campfire_upgraded":7,"win_rate":0,"timestamp":1548140103,"path_taken":["M","$","M","?","?","R","E","M","T","$","R","M","?","?","R","BOSS","M","?","?","?","?","R","$","R","T","M","R","?","M","?","R","BOSS","M","?","$","M","M","R","?","R","T","?","M","M","R","?","R","BOSS"],"build_version":"2019-01-17v2","purchased_purges":1,"victory":true,"max_hp_per_floor":[70,70,70,70,70,70,70,70,70,70,70,70,70,70,70,70,70,70,70,70,70,70,70,70,70,70,70,70,70,70,70,70,70,70,75,75,75,75,75,75,75,75,75,75,75,75,75,75,75,75],"card_choices":[{"not_picked":["Flying Knee","Dagger Throw"],"picked":"Deadly Poison","floor":1.0},{"not_picked":["Poisoned Stab","Prepared"],"picked":"Noxious Fumes","floor":3.0},{"not_picked":["PiercingWail","Heel Hook"],"picked":"Bullet Time","floor":7.0},{"not_picked":["Flechettes","Eviscerate","Flying Knee"],"picked":"SKIP","floor":8.0},{"not_picked":["Expertise","Sucker Punch","Prepared"],"picked":"SKIP","floor":12.0},{"not_picked":["Quick Slash","Endless Agony"],"picked":"Dodge and Roll","floor":14.0},{"not_picked":["Tactician","Dagger Spray"],"picked":"Poisoned Stab+1","floor":18.0},{"not_picked":["Prepared","Outmaneuver","A Thousand Cuts"],"picked":"SKIP","floor":21.0},{"not_picked":["PiercingWail","Backflip"],"picked":"Footwork","floor":27.0},{"not_picked":["Underhanded Strike+1","Cloak And Dagger"],"picked":"Crippling Poison+1","floor":28.0},{"not_picked":["Bouncing Flask","Escape Plan"],"picked":"Caltrops+1","floor":30.0},{"not_picked":["Eviscerate","Endless Agony"],"picked":"Crippling Poison","floor":32.0},{"not_picked":["Die Die Die","Grand Finale"],"picked":"Venomology","floor":33.0},{"not_picked":["Dodge and Roll","Blade Dance+1"],"picked":"PiercingWail+1","floor":34.0},{"not_picked":["Infinite Blades","Dodge and Roll"],"picked":"Calculated Gamble","floor":34.0},{"not_picked":["Dagger Spray","Poisoned Stab","Slice"],"picked":"SKIP","floor":35.0},{"not_picked":["Dodge and Roll+1","Cloak And Dagger+1"],"picked":"Backflip+1","floor":38.0},{"not_picked":["Quick Slash","Calculated Gamble"],"picked":"Predator+1","floor":39.0},{"not_picked":["Poisoned Stab+1","Blade Dance+1"],"picked":"PiercingWail","floor":40.0},{"not_picked":["Sucker Punch+1","Cloak And Dagger+1"],"picked":"Escape Plan+1","floor":41},{"not_picked":["Violence","Jack Of All Trades"],"picked":"Sadistic Nature","floor":44},{"not_picked":["Acrobatics+1","Crippling Poison"],"picked":"Backflip","floor":45},{"not_picked":["Outmaneuver","Tactician","Bane+1"],"picked":"SKIP","floor":46}],"player_experience":280396,"relics_obtained":[{"floor":7.0,"key":"Snake Skull"},{"floor":9.0,"key":"Lantern"},{"floor":14.0,"key":"Odd Mushroom"},{"floor":26.0,"key":"Dream Catcher"},{"floor":43,"key":"Anchor"}],"event_choices":[{"cards_removed":["Strike_G"],"damage_healed":0.0,"max_hp_gain":0.0,"max_hp_loss":0.0,"gold_gain":0.0,"event_name":"Golden Wing","player_choice":"Card Removal","floor":4.0,"gold_loss":0.0,"damage_taken":7.0},{"damage_healed":0.0,"max_hp_gain":0.0,"max_hp_loss":0.0,"gold_gain":0.0,"event_name":"Living Wall","player_choice":"Grow","floor":5.0,"gold_loss":0.0,"damage_taken":0.0,"cards_upgraded":["Neutralize"]},{"damage_healed":0.0,"max_hp_gain":0.0,"max_hp_loss":0.0,"gold_gain":0.0,"event_name":"Mushrooms","player_choice":"Fought Mushrooms","floor":14.0,"gold_loss":0.0,"damage_taken":0.0},{"damage_healed":0.0,"max_hp_gain":0.0,"max_hp_loss":0.0,"gold_gain":0.0,"event_name":"N\u0027loth","player_choice":"Traded Relic","floor":19.0,"relics_lost":["Ring of the Snake"],"gold_loss":0.0,"damage_taken":0.0,"relics_obtained":["Nloth\u0027s Gift"]},{"damage_healed":0.0,"max_hp_gain":0.0,"max_hp_loss":0.0,"gold_gain":0.0,"cards_transformed":["Strike_G","Strike_G"],"event_name":"Drug Dealer","player_choice":"Became Test Subject","floor":29.0,"gold_loss":0.0,"damage_taken":0.0,"cards_obtained":["Accuracy","A Thousand Cuts"]},{"damage_healed":0.0,"max_hp_gain":0.0,"max_hp_loss":0.0,"gold_gain":0.0,"cards_transformed":["Accuracy"],"event_name":"Transmorgrifier","player_choice":"Transformed","floor":31.0,"gold_loss":0.0,"damage_taken":0.0,"cards_obtained":["Poisoned Stab"]},{"damage_healed":0,"gold_gain":0,"player_choice":"Memory 2","damage_taken":5,"max_hp_gain":0,"max_hp_loss":0,"event_name":"SensoryStone","floor":44,"gold_loss":0},{"cards_removed":["Neutralize"],"damage_healed":0,"gold_gain":0,"player_choice":"Removed Attack","damage_taken":0,"max_hp_gain":0,"max_hp_loss":0,"event_name":"Falling","floor":48,"gold_loss":0}],"is_beta":false,"boss_relics":[{"not_picked":["Philosopher\u0027s Stone","White Beast Statue"],"picked":"Ectoplasm"},{"not_picked":["Runic Dome","Calling Bell"],"picked":"Orrery"}],"items_purged_floors":[2],"is_endless":false,"potions_floor_spawned":[3,8,14,16,21,33,39,41,45],"ascension_level":6}