{"gold_per_floor":[118,130,130,144,156,156,176,210,233,233,233,233],"floor_reached":12,"playtime":460,"items_purged":[],"score":94,"play_id":"71ffb854-afc3-43f1-a0ed-369e8ac87cdf","local_time":"20190117220217","is_ascension_mode":true,"campfire_choices":[{"data":"Loop","floor":6,"key":"SMITH"}],"neow_cost":"NONE","seed_source_timestamp":433863755472811,"circlet_count":0,"master_deck":["Strike_B","Strike_B","Strike_B","Defend_B","Defend_B","Defend_B","Defend_B","Zap","Dualcast","Gash","Hologram","Turbo","Loop+1","Chaos","Gash"],"relics":["Cracked Core","Happy Flower","Smiling Mask","Orichalcum"],"potions_floor_usage":[8,11,12,12],"damage_taken":[{"damage":0,"enemies":"Small Slimes","floor":1,"turns":2},{"damage":1,"enemies":"Cultist","floor":2,"turns":3},{"damage":0,"enemies":"2 Louse","floor":4,"turns":2},{"damage":12,"enemies":"Looter","floor":5,"turns":3},{"damage":0,"enemies":"Exordium Wildlife","floor":7,"turns":3},{"damage":26,"enemies":"Gremlin Nob","floor":8,"turns":4},{"damage":0,"enemies":"Lots of Slimes","floor":11,"turns":1},{"damage":21,"enemies":"The Mushroom Lair","floor":12,"turns":4}],"seed_played":"3543452831932713918","potions_obtained":[{"floor":2,"key":"SmokeBomb"},{"floor":4,"key":"Explosive Potion"},{"floor":5,"key":"Weak Potion"},{"floor":8,"key":"FearPotion"}],"is_trial":false,"path_per_floor":["M","M","?","M","M","R","M","E","T","?","M","?"],"character_chosen":"DEFECT","items_purchased":[],"campfire_rested":0,"item_purchase_floors":[],"current_hp_per_floor":[82,81,81,81,69,69,69,43,43,31,31,10],"gold":233,"neow_bonus":"TEN_PERCENT_HP_BONUS","is_prod":false,"is_daily":false,"chose_seed":false,"campfire_upgraded":1,"win_rate":0,"timestamp":1547791337,"path_taken":["M","M","?","?","M","R","?","E","T","?","M","?"],"build_version":"2019-01-17","purchased_purges":0,"victory":false,"max_hp_per_floor":[82,82,82,82,82,82,82,82,82,82,82,82],"card_choices":[{"not_picked":["Turbo","Heatsinks"],"picked":"Gash","floor":1},{"not_picked":["Self Repair","Melter"],"picked":"Hologram","floor":2},{"not_picked":["Undo","Aggregate"],"picked":"Turbo","floor":4},{"not_picked":["Turbo","Tempest"],"picked":"Loop","floor":5},{"not_picked":["Force Field","Turbo"],"picked":"Chaos","floor":7},{"not_picked":["Aggregate","Glacier"],"picked":"Gash","floor":8}],"player_experience":244166,"relics_obtained":[{"floor":8,"key":"Happy Flower"},{"floor":9,"key":"Smiling Mask"}],"event_choices":[{"cards_removed":["Strike_B"],"damage_healed":0,"gold_gain":0,"player_choice":"Purged","damage_taken":0,"max_hp_gain":0,"max_hp_loss":0,"event_name":"Purifier","floor":3,"gold_loss":0},{"damage_healed":0,"gold_gain":0,"player_choice":"Success","damage_taken":12,"relics_obtained":["Orichalcum"],"max_hp_gain":0,"max_hp_loss":0,"event_name":"Scrap Ooze","floor":10,"gold_loss":0},{"damage_healed":0,"gold_gain":0,"player_choice":"Fought Mushrooms","damage_taken":0,"max_hp_gain":0,"max_hp_loss":0,"event_name":"Mushrooms","floor":12,"gold_loss":0}],"is_beta":false,"boss_relics":[],"items_purged_floors":[],"is_endless":false,"potions_floor_spawned":[2,4,5,7,8],"killed_by":"The Mushroom Lair","ascension_level":3}