{"path_per_floor":["M","M","M","?","?","R","M","E","T","?","M","R","M"],"character_chosen":"DEFECT","items_purchased":[],"gold_per_floor":[113,128,143,143,143,143,167,203,203,203,226,226,251,251],"floor_reached":14,"campfire_rested":2,"playtime":502,"current_hp_per_floor":[74,65,50,50,32,54,49,32,32,14,2,28,9,9],"items_purged":[],"gold":251,"score":92,"play_id":"945f17df-f5f8-4758-9285-0ffa982bf6a8","local_time":"20180427024817","is_prod":false,"is_daily":false,"chose_seed":false,"is_ascension_mode":false,"campfire_upgraded":0,"timestamp":1524811697,"path_taken":["M","M","M","?","?","R","M","E","T","?","M","R","M","M"],"build_version":"2018-04-26v2","seed_source_timestamp":205532310101225,"purchased_purges":0,"victory":false,"master_deck":["Strike_B","Strike_B","Strike_B","Strike_B","Defend_B","Defend_B","Defend_B","Defend_B","Zap","Dualcast","Streamline","Coolheaded+1","Defragment","Double Energy","Impulse+1","Redo","Tempest"],"max_hp_per_floor":[75,75,75,75,75,75,75,89,89,89,89,89,89,89],"relics":["Cracked Core","Golden Idol","Mango","Calipers"],"card_choices":[{"not_picked":["Stack","Cold Snap"],"picked":"Streamline","floor":1},{"not_picked":["Hologram","Skim"],"picked":"Coolheaded","floor":2},{"not_picked":["Ball Lightning","Hello World"],"picked":"Defragment","floor":3},{"not_picked":["Beam Cell","Chaos"],"picked":"Double Energy","floor":7},{"not_picked":["Go for the Eyes","Stack"],"picked":"Impulse","floor":8},{"not_picked":["Skim","Impulse"],"picked":"Redo","floor":11},{"not_picked":["Leap","Storm"],"picked":"Tempest","floor":13}],"player_experience":100792,"potions_floor_usage":[3,7,8,11,11],"damage_taken":[{"damage":1,"enemies":"Cultist","floor":1,"turns":3},{"damage":9,"enemies":"2 Louse","floor":2,"turns":3},{"damage":15,"enemies":"Small Slimes","floor":3,"turns":2},{"damage":5,"enemies":"Looter","floor":7,"turns":4},{"damage":31,"enemies":"Gremlin Nob","floor":8,"turns":4},{"damage":12,"enemies":"Exordium Thugs","floor":11,"turns":2},{"damage":19,"enemies":"Blue Slaver","floor":13,"turns":3},{"damage":0,"enemies":"3 Louse","floor":14,"turns":1}],"event_choices":[{"event_name":"The Lab","player_choice":"Got Potions","floor":4,"damage_taken":0},{"event_name":"Golden Idol","player_choice":"Take Damage","floor":5,"damage_taken":0},{"event_name":"Shining Light","player_choice":"Entered Light","floor":10,"damage_taken":0}],"boss_relics":[],"potions_floor_spawned":[2,8],"seed_played":"-1205130342230378204","killed_by":"3 Louse","ascension_level":0,"is_trial":false}