{"gold_per_floor":[112,37,37,37,2,38,38,69,121,155,9,28,63,87,87,178,178,201,201,221,320,31,31,72,95,95,126,126,146,164,184,184,283,283,302,602,623,956,402,402,802,835,835,845,873,500,500,500,500,500,500,500,88,118,118],"floor_reached":55,"playtime":3158,"items_purged":["Strike_B","Zap","Defend_B","Streamline"],"score":1492,"play_id":"7f0668d6-7405-4e63-b193-aa8323dbcc2d","local_time":"20190321154850","is_ascension_mode":true,"campfire_choices":[{"data":"Sunder","floor":7.0,"key":"SMITH"},{"data":"Defragment","floor":15.0,"key":"SMITH"},{"data":"Hyperbeam","floor":23.0,"key":"SMITH"},{"data":"Loop","floor":28.0,"key":"SMITH"},{"data":"Seek","floor":32.0,"key":"SMITH"},{"floor":40.0,"key":"RECALL"},{"floor":47.0,"key":"REST"},{"floor":49.0,"key":"REST"},{"floor":52.0,"key":"REST"}],"neow_cost":"NONE","seed_source_timestamp":664992664906600,"circlet_count":0,"master_deck":["AscendersBane","Defend_B","Defend_B+1","Defend_B+1","Dualcast","Sunder+1","Cold Snap","Electrodynamics","Auto Shields","Consume","Defragment+1","Seek+1","Glacier","Hyperbeam+1","Loop+1","Melter+1","Leap","Coolheaded","Loop","Amplify","Coolheaded","Defragment+1","Rainbow","Machine Learning","Blizzard","Compile Driver","Heatsinks","Recycle","Secret Technique","Capacitor","Loop","Master of Strategy"],"special_seed":0,"relics":["Cracked Core","NeowsBlessing","Smiling Mask","Blood Vial","Potion Belt","Centennial Puzzle","Art of War","Thread and Needle","Inserter","OrangePellets","Dream Catcher","Meat on the Bone","Mummified Hand","Fusion Hammer","DollysMirror","Letter Opener","Old Coin","War Paint","Pear","Bottled Lightning","Emotion Chip"],"potions_floor_usage":[55,55,55],"damage_taken":[{"damage":0.0,"enemies":"Jaw Worm","floor":1.0,"turns":1.0},{"damage":0.0,"enemies":"Lagavulin","floor":6.0,"turns":1.0},{"damage":0.0,"enemies":"3 Sentries","floor":8.0,"turns":1.0},{"damage":35.0,"enemies":"Lagavulin","floor":10.0,"turns":4.0},{"damage":0.0,"enemies":"2 Louse","floor":12.0,"turns":1.0},{"damage":15.0,"enemies":"3 Sentries","floor":13.0,"turns":5.0},{"damage":0.0,"enemies":"Small Slimes","floor":14.0,"turns":3.0},{"damage":0.0,"enemies":"Hexaghost","floor":16.0,"turns":11.0},{"damage":6.0,"enemies":"Chosen","floor":18.0,"turns":4.0},{"damage":4.0,"enemies":"Spheric Guardian","floor":20.0,"turns":4.0},{"damage":12.0,"enemies":"Book of Stabbing","floor":24.0,"turns":8.0},{"damage":9.0,"enemies":"Centurion and Healer","floor":25.0,"turns":4.0},{"damage":20.0,"enemies":"Slavers","floor":27.0,"turns":5.0},{"damage":0.0,"enemies":"Cultist and Chosen","floor":29.0,"turns":6.0},{"damage":8.0,"enemies":"Shelled Parasite and Fungi","floor":30.0,"turns":5.0},{"damage":9.0,"enemies":"Chosen and Byrds","floor":31.0,"turns":3.0},{"damage":2.0,"enemies":"Champ","floor":33.0,"turns":17.0},{"damage":0.0,"enemies":"3 Darklings","floor":35.0,"turns":6.0},{"damage":0.0,"enemies":"Orb Walker","floor":37.0,"turns":4.0},{"damage":0.0,"enemies":"Mind Bloom Boss Battle","floor":41.0,"turns":8.0},{"damage":8.0,"enemies":"Nemesis","floor":42.0,"turns":11.0},{"damage":0.0,"enemies":"Spire Growth","floor":44.0,"turns":6.0},{"damage":1.0,"enemies":"Giant Head","floor":45.0,"turns":14.0},{"damage":25.0,"enemies":"Time Eater","floor":50.0,"turns":13.0},{"damage":0.0,"enemies":"Shield and Spear","floor":54.0,"turns":5.0},{"damage":77,"enemies":"The Heart","floor":55,"turns":18}],"seed_played":"-7042217432884943387","potions_obtained":[{"floor":1.0,"key":"Fire Potion"},{"floor":13.0,"key":"Fire Potion"},{"floor":14.0,"key":"Block Potion"},{"floor":16.0,"key":"Ancient Potion"},{"floor":18.0,"key":"PowerPotion"},{"floor":27.0,"key":"Strength Potion"},{"floor":29.0,"key":"SpeedPotion"},{"floor":31.0,"key":"PowerPotion"},{"floor":33.0,"key":"Explosive Potion"},{"floor":35.0,"key":"FearPotion"},{"floor":41.0,"key":"Weak Potion"},{"floor":42.0,"key":"Ancient Potion"}],"is_trial":false,"path_per_floor":["M","$","?","?","?","E","R","E","T","E","$","M","E","M","R","B",null,"M","?","M","?","$","R","E","M","T","E","R","M","M","M","R","B",null,"M","?","M","?","$","R","?","E","T","M","E","$","R","T","R","B",null,"R","$","E","B"],"character_chosen":"DEFECT","items_purchased":["Sunder","Art of War","Leap","OrangePellets","DollysMirror","Letter Opener","Rainbow","Heatsinks","Recycle","Secret Technique","Loop","Master of Strategy","SkillPotion","Swift Potion"],"campfire_rested":3,"item_purchase_floors":[2,11,22,22,39,39,39,46,46,46,53,53,53,53],"current_hp_per_floor":[68,68,50,43,61,61,61,61,61,28,28,30,17,19,19,21,62,58,58,56,56,56,56,46,39,39,33,33,47,41,46,46,46,68,70,70,72,72,72,72,74,67,67,69,80,80,85,85,85,60,79,85,85,85,8],"gold":118,"neow_bonus":"THREE_ENEMY_KILL","is_prod":false,"is_daily":false,"chose_seed":false,"campfire_upgraded":5,"win_rate":0,"timestamp":1553208530,"path_taken":["M","$","?","?","?","E","R","E","T","E","$","M","E","?","R","BOSS","M","?","M","?","$","R","E","M","T","E","R","M","M","?","R","BOSS","M","?","?","?","$","R","?","E","T","M","E","$","R","?","R","BOSS","R","$","E","BOSS"],"build_version":"2019-01-23","purchased_purges":4,"victory":false,"max_hp_per_floor":[75,75,75,75,75,75,75,75,75,75,75,75,75,75,75,75,75,75,75,75,75,75,75,75,75,75,75,75,75,75,75,75,75,75,75,75,75,75,75,75,75,75,75,75,85,85,85,85,85,85,85,85,85,85,85],"card_choices":[{"not_picked":["Double Energy","FTL"],"picked":"Streamline","floor":1.0},{"not_picked":["Ball Lightning","Melter"],"picked":"Cold Snap","floor":6.0},{"not_picked":["Reboot","Rebound"],"picked":"Electrodynamics","floor":8.0},{"not_picked":["Blizzard","Reinforced Body"],"picked":"Auto Shields","floor":10.0},{"not_picked":["Turbo","Beam Cell"],"picked":"Consume","floor":12.0},{"not_picked":["Scrape","Redo","White Noise"],"picked":"SKIP","floor":13.0},{"not_picked":["Turbo","Fusion"],"picked":"Defragment","floor":14.0},{"not_picked":["Reboot","Creative AI"],"picked":"Seek","floor":16.0},{"not_picked":["Rebound","Hologram"],"picked":"Glacier","floor":18.0},{"not_picked":["Hello World","Barrage"],"picked":"Melter+1","floor":20.0},{"not_picked":["Hologram","Leap+1"],"picked":"Coolheaded","floor":24.0},{"not_picked":["Barrage+1","Sweeping Beam"],"picked":"Loop","floor":25.0},{"not_picked":["Doom and Gloom","Rebound","Streamline"],"picked":"SKIP","floor":27.0},{"not_picked":["Fusion","Steam"],"picked":"Amplify","floor":29.0},{"not_picked":["Gash","Go for the Eyes"],"picked":"Coolheaded","floor":30.0},{"not_picked":["Streamline","Sweeping Beam","Steam Power"],"picked":"SKIP","floor":31.0},{"not_picked":["Lockon+1","Beam Cell","Go for the Eyes+1"],"picked":"SKIP","floor":35.0},{"not_picked":["Turbo","Gash+1","Sweeping Beam"],"picked":"SKIP","floor":37.0},{"not_picked":["Streamline","Steam"],"picked":"Machine Learning","floor":42.0},{"not_picked":["Stack","Aggregate"],"picked":"Blizzard","floor":44.0},{"not_picked":["Hologram","Conserve Battery+1"],"picked":"Compile Driver","floor":45.0},{"not_picked":["Go for the Eyes","Meteor Strike"],"picked":"Capacitor","floor":47.0},{"not_picked":["Turbo","Ball Lightning+1","Gash+1"],"picked":"SKIP","floor":54.0}],"player_experience":425498,"relics_obtained":[{"floor":6.0,"key":"Smiling Mask"},{"floor":8.0,"key":"Blood Vial"},{"floor":9.0,"key":"Potion Belt"},{"floor":10.0,"key":"Centennial Puzzle"},{"floor":13.0,"key":"Thread and Needle"},{"floor":24.0,"key":"Dream Catcher"},{"floor":26.0,"key":"Meat on the Bone"},{"floor":27.0,"key":"Mummified Hand"},{"floor":41.0,"key":"Old Coin"},{"floor":42.0,"key":"War Paint"},{"floor":45.0,"key":"Pear"},{"floor":48.0,"key":"Bottled Lightning"},{"floor":54.0,"key":"Emotion Chip"}],"event_choices":[{"damage_healed":0.0,"max_hp_gain":0.0,"max_hp_loss":0.0,"gold_gain":0.0,"event_name":"Golden Idol","player_choice":"Take Damage","floor":3.0,"gold_loss":0.0,"damage_taken":18.0,"relics_obtained":["Golden Idol"]},{"cards_removed":["Strike_B"],"damage_healed":0.0,"max_hp_gain":0.0,"max_hp_loss":0.0,"gold_gain":0.0,"event_name":"Golden Wing","player_choice":"Card Removal","floor":4.0,"gold_loss":0.0,"damage_taken":7.0},{"damage_healed":18.0,"max_hp_gain":0.0,"max_hp_loss":0.0,"gold_gain":0.0,"event_name":"The Cleric","player_choice":"Healed","floor":5.0,"gold_loss":35.0,"damage_taken":0.0},{"damage_healed":0.0,"max_hp_gain":0.0,"max_hp_loss":0.0,"gold_gain":0.0,"cards_transformed":["Strike_B","Strike_B"],"event_name":"Drug Dealer","player_choice":"Became Test Subject","floor":19.0,"gold_loss":0.0,"damage_taken":0.0,"cards_obtained":["Hyperbeam","Loop"]},{"damage_healed":0.0,"max_hp_gain":0.0,"max_hp_loss":0.0,"gold_gain":99.0,"event_name":"Nest","player_choice":"Stole From Cult","floor":21.0,"gold_loss":0.0,"damage_taken":0.0},{"damage_healed":0.0,"max_hp_gain":0.0,"max_hp_loss":0.0,"gold_gain":300.0,"event_name":"Wheel of Change","player_choice":"Gold","floor":36.0,"gold_loss":0.0,"damage_taken":0.0},{"damage_healed":0.0,"max_hp_gain":0.0,"max_hp_loss":0.0,"gold_gain":333.0,"event_name":"The Moai Head","player_choice":"Gave Idol","floor":38.0,"relics_lost":["Golden Idol"],"gold_loss":0.0,"damage_taken":0.0},{"damage_healed":0.0,"max_hp_gain":0.0,"max_hp_loss":0.0,"gold_gain":0.0,"event_name":"MindBloom","player_choice":"Fight","floor":41.0,"gold_loss":0.0,"damage_taken":0.0}],"is_beta":false,"boss_relics":[{"not_picked":["Nuclear Battery","Velvet Choker"],"picked":"Inserter"},{"not_picked":["Runic Dome","Empty Cage"],"picked":"Fusion Hammer"}],"items_purged_floors":[22,39,46,53],"is_endless":false,"potions_floor_spawned":[1,13,14,16,18,27,29,31,33,35,41,42,45,54],"killed_by":"The Heart","ascension_level":13}