{"gold_per_floor":[360,378,397,397,412,412,488,498,498,517,533,548,563,576,576,674,674,694,710,730,438,438,438,450,450,528,554,572,572,585,173,173,276,276,293,312,330,347,347,347,367,379,406,421,421,421],"floor_reached":46,"playtime":3369,"items_purged":["Terror"],"score":526,"play_id":"c3b8f14d-9d2e-4c5a-9a81-a6b70b5324ba","local_time":"20190326082818","is_ascension_mode":false,"campfire_choices":[{"data":"Footwork","floor":6.0,"key":"SMITH"},{"floor":15.0,"key":"REST"},{"data":"Adrenaline","floor":23.0,"key":"SMITH"},{"floor":29.0,"key":"REST"},{"floor":32.0,"key":"REST"},{"data":"Mayhem","floor":40.0,"key":"SMITH"},{"floor":45.0,"key":"REST"}],"neow_cost":"CURSE","seed_source_timestamp":516681678282315,"circlet_count":0,"master_deck":["Defend_G","Defend_G","Defend_G","Defend_G","Defend_G","Strike_G","Strike_G","Strike_G","Strike_G","Strike_G","Survivor","Neutralize","Catalyst","Footwork+1","Bouncing Flask","Dodge and Roll","Noxious Fumes","Adrenaline+1","Blur","Footwork","Corpse Explosion","PiercingWail","Backflip","Backflip+1","Catalyst","Mayhem+1","Well Laid Plans","Escape Plan","Prepared+1","Blur","Poisoned Stab+1","Dark Shackles","Master of Strategy","Malaise","Escape Plan","Catalyst+1","Dodge and Roll","Writhe","Catalyst","Concentrate+1"],"special_seed":0,"relics":["Ring of the Serpent"],"potions_floor_usage":[46],"damage_taken":[{"damage":0.0,"enemies":"Cultist","floor":1.0,"turns":4.0},{"damage":0.0,"enemies":"2 Louse","floor":2.0,"turns":3.0},{"damage":7.0,"enemies":"Jaw Worm","floor":3.0,"turns":7.0},{"damage":9.0,"enemies":"Lots of Slimes","floor":5.0,"turns":9.0},{"damage":3.0,"enemies":"3 Louse","floor":8.0,"turns":4.0},{"damage":6.0,"enemies":"Large Slime","floor":10.0,"turns":7.0},{"damage":6.0,"enemies":"Looter","floor":11.0,"turns":4.0},{"damage":0.0,"enemies":"Exordium Wildlife","floor":12.0,"turns":4.0},{"damage":1.0,"enemies":"Large Slime","floor":13.0,"turns":4.0},{"damage":10.0,"enemies":"Exordium Thugs","floor":14.0,"turns":6.0},{"damage":8.0,"enemies":"The Guardian","floor":16.0,"turns":9.0},{"damage":8.0,"enemies":"Spheric Guardian","floor":18.0,"turns":7.0},{"damage":6.0,"enemies":"3 Byrds","floor":19.0,"turns":4.0},{"damage":6.0,"enemies":"Centurion and Healer","floor":20.0,"turns":7.0},{"damage":7.0,"enemies":"Colosseum Slavers","floor":22.0,"turns":3.0},{"damage":9.0,"enemies":"Cultist and Chosen","floor":24.0,"turns":6.0},{"damage":14.0,"enemies":"Masked Bandits","floor":27.0,"turns":3.0},{"damage":2.0,"enemies":"Shelled Parasite and Fungi","floor":28.0,"turns":5.0},{"damage":3.0,"enemies":"Snecko","floor":30.0,"turns":5.0},{"damage":18.0,"enemies":"Collector","floor":33.0,"turns":11.0},{"damage":0.0,"enemies":"Orb Walker","floor":35.0,"turns":5.0},{"damage":22.0,"enemies":"3 Shapes","floor":36.0,"turns":7.0},{"damage":11.0,"enemies":"Jaw Worm Horde","floor":37.0,"turns":4.0},{"damage":17.0,"enemies":"Writhing Mass","floor":38.0,"turns":8.0},{"damage":8.0,"enemies":"Transient","floor":41.0,"turns":5.0},{"damage":39.0,"enemies":"Sphere and 2 Shapes","floor":42.0,"turns":7.0},{"damage":2.0,"enemies":"4 Shapes","floor":44.0,"turns":7.0},{"damage":50,"enemies":"Transient","floor":46,"turns":4}],"seed_played":"911197150891271106","potions_obtained":[{"floor":2.0,"key":"Swift Potion"},{"floor":5.0,"key":"Ancient Potion"},{"floor":11.0,"key":"GhostInAJar"},{"floor":12.0,"key":"Swift Potion"},{"floor":18.0,"key":"AttackPotion"},{"floor":24.0,"key":"Energy Potion"},{"floor":27.0,"key":"Strength Potion"},{"floor":30.0,"key":"FairyPotion"},{"floor":35.0,"key":"LiquidBronze"},{"floor":37.0,"key":"Energy Potion"},{"floor":41.0,"key":"Strength Potion"}],"is_trial":false,"path_per_floor":["M","M","M","?","M","R","T","M","T","M","M","M","M","M","R","B",null,"M","M","M","$","?","R","M","?","T","?","M","R","M","$","R","B",null,"M","M","M","M","?","R","M","M","T","M","R","M"],"character_chosen":"THE_SILENT","items_purchased":["Catalyst","Mayhem","Well Laid Plans","Dark Shackles","Master of Strategy","GhostInAJar"],"campfire_rested":4,"item_purchase_floors":[21,21,21,31,31,31],"current_hp_per_floor":[70,70,63,56,47,47,47,44,44,38,32,32,31,21,42,34,70,62,56,50,50,43,43,34,21,21,7,5,27,24,24,46,28,75,75,53,42,25,44,44,36,6,6,4,26,0],"gold":421,"neow_bonus":"TWO_FIFTY_GOLD","is_prod":false,"is_daily":false,"chose_seed":false,"campfire_upgraded":3,"win_rate":0,"timestamp":1553610498,"path_taken":["M","?","M","?","M","R","?","M","T","M","M","M","?","M","R","BOSS","M","M","M","$","?","R","M","?","T","?","M","R","?","$","R","BOSS","M","M","M","M","?","R","M","M","T","M","R","M"],"build_version":"2019-01-23","purchased_purges":1,"victory":false,"max_hp_per_floor":[70,70,70,70,70,70,70,70,70,70,70,70,70,70,70,70,70,70,70,70,70,70,70,70,75,75,75,75,75,75,75,75,75,75,75,75,75,75,75,75,75,75,75,75,75,75],"card_choices":[{"not_picked":["Endless Agony","Poisoned Stab"],"picked":"Catalyst","floor":1.0},{"not_picked":["Accuracy","Poisoned Stab"],"picked":"Terror","floor":2.0},{"not_picked":["Acrobatics","Infinite Blades"],"picked":"Footwork","floor":3.0},{"not_picked":["Masterful Stab","Choke"],"picked":"Bouncing Flask","floor":5.0},{"not_picked":["Expertise","Acrobatics"],"picked":"Dodge and Roll","floor":8.0},{"not_picked":["Outmaneuver","Backflip"],"picked":"Noxious Fumes","floor":10.0},{"not_picked":["Dagger Throw","Crippling Poison"],"picked":"Adrenaline","floor":11.0},{"not_picked":["Crippling Poison","Outmaneuver"],"picked":"Blur","floor":12.0},{"not_picked":["Underhanded Strike","Expertise"],"picked":"Footwork","floor":13.0},{"not_picked":["Reflex","Distraction","Quick Slash"],"picked":"SKIP","floor":14.0},{"not_picked":["Storm of Steel","Grand Finale"],"picked":"Corpse Explosion","floor":16.0},{"not_picked":["Dodge and Roll","Slice"],"picked":"PiercingWail","floor":18.0},{"not_picked":["Prepared","Accuracy"],"picked":"Backflip","floor":19.0},{"not_picked":["Backstab","Doppelganger"],"picked":"Backflip+1","floor":20.0},{"not_picked":["PiercingWail+1","Dagger Throw"],"picked":"Escape Plan","floor":24.0},{"not_picked":["Expertise","Dagger Spray"],"picked":"Prepared+1","floor":27.0},{"not_picked":["Dagger Spray+1","PiercingWail"],"picked":"Blur","floor":28.0},{"not_picked":["Deflect","Endless Agony"],"picked":"Poisoned Stab+1","floor":30.0},{"not_picked":["Unload","Night Terror"],"picked":"Malaise","floor":33.0},{"not_picked":["Prepared","Quick Slash"],"picked":"Escape Plan","floor":35.0},{"not_picked":["Caltrops+1","Bane+1"],"picked":"Catalyst+1","floor":36.0},{"not_picked":["Sucker Punch+1","Slice+1"],"picked":"Dodge and Roll","floor":37.0},{"not_picked":["Dagger Spray+1","Deflect","Terror"],"picked":"SKIP","floor":38.0},{"not_picked":["Poisoned Stab+1","Acrobatics"],"picked":"Catalyst","floor":41.0},{"not_picked":["Acrobatics","Backflip","Underhanded Strike"],"picked":"SKIP","floor":42.0},{"not_picked":["Flying Knee+1","Heel Hook"],"picked":"Concentrate+1","floor":44.0}],"player_experience":1699242,"relics_obtained":[],"event_choices":[{"cards_removed":["Doubt"],"damage_healed":0.0,"max_hp_gain":0.0,"max_hp_loss":0.0,"gold_gain":0.0,"event_name":"Golden Wing","player_choice":"Card Removal","floor":4.0,"gold_loss":0.0,"damage_taken":7.0},{"damage_healed":0.0,"max_hp_gain":0.0,"max_hp_loss":0.0,"gold_gain":0.0,"event_name":"Colosseum","player_choice":"Fight","floor":22.0,"gold_loss":0.0,"damage_taken":0.0},{"damage_healed":0.0,"max_hp_gain":0.0,"max_hp_loss":0.0,"gold_gain":0.0,"event_name":"Colosseum","player_choice":"Fled From Nobs","floor":22.0,"gold_loss":0.0,"damage_taken":0.0},{"damage_healed":0.0,"max_hp_gain":5.0,"max_hp_loss":0.0,"gold_gain":0.0,"event_name":"Forgotten Altar","player_choice":"Shed Blood","floor":25.0,"gold_loss":0.0,"damage_taken":18.0},{"damage_healed":0.0,"max_hp_gain":0.0,"max_hp_loss":0.0,"gold_gain":0.0,"event_name":"Masked Bandits","player_choice":"Fought Bandits","floor":27.0,"gold_loss":0.0,"damage_taken":0.0},{"damage_healed":19.0,"max_hp_gain":0.0,"max_hp_loss":0.0,"gold_gain":0.0,"event_name":"Winding Halls","player_choice":"Writhe","floor":39.0,"gold_loss":0.0,"damage_taken":0.0,"cards_obtained":["Writhe"]}],"is_beta":false,"boss_relics":[{"not_picked":["WristBlade","Coffee Dripper"],"picked":"Ring of the Serpent"},{"not_picked":["HoveringKite","Sozu","Calling Bell"]}],"items_purged_floors":[31],"is_endless":false,"potions_floor_spawned":[2,5,11,12,13,16,18,24,27,30,35,36,37,41],"killed_by":"Transient","ascension_level":0}