{"gold_per_floor":[118,137,137,147,72,72,72,85,111,11,11,0,0,12,12,111,111,127,127,137,137,101,116,116,129,129,129,149,165,40,40,40,139,139,157,6,24,37,37,37,55,66,91,103,103,136,153,153,153,153,153,153,71,98,98],"floor_reached":56,"playtime":3031,"items_purged":["Strike_R","Bash","Strike_R"],"score":1146,"play_id":"25fd8cc2-db0d-4c94-9a77-ca5400a7d88b","local_time":"20190105225056","is_ascension_mode":false,"campfire_choices":[{"data":"Body Slam","floor":6.0,"key":"SMITH"},{"data":"Barricade","floor":13.0,"key":"SMITH"},{"data":"Entrench","floor":15.0,"key":"SMITH"},{"data":"Metallicize","floor":24.0,"key":"SMITH"},{"data":"Flame Barrier","floor":27.0,"key":"SMITH"},{"floor":32.0,"key":"REST"},{"floor":40.0,"key":"RECALL"},{"floor":45.0,"key":"REST"},{"floor":49.0,"key":"REST"},{"data":"Defend_R","floor":52.0,"key":"SMITH"}],"neow_cost":"NONE","seed_source_timestamp":363995072696936,"circlet_count":0,"master_deck":["Strike_R","Defend_R+1","Defend_R","Defend_R","Defend_R","Body Slam+1","Entrench+1","Barricade+1","Flame Barrier+1","Metallicize+1","True Grit+1","Battle Trance+1","Warcry+1","Warcry+1","Enlightenment+1"],"special_seed":0,"relics":["Burning Blood","Boot","Runic Dome","Toxic Egg 2","Empty Cage","Bag of Preparation","Happy Flower","Du-Vu Doll","Mercury Hourglass"],"potions_floor_usage":[55,55],"damage_taken":[{"damage":7.0,"enemies":"Small Slimes","floor":1.0,"turns":3.0},{"damage":1.0,"enemies":"Cultist","floor":2.0,"turns":4.0},{"damage":12.0,"enemies":"2 Louse","floor":4.0,"turns":3.0},{"damage":7.0,"enemies":"Lots of Slimes","floor":8.0,"turns":8.0},{"damage":17.0,"enemies":"Looter","floor":12.0,"turns":5.0},{"damage":7.0,"enemies":"3 Louse","floor":14.0,"turns":6.0},{"damage":52.0,"enemies":"Hexaghost","floor":16.0,"turns":19.0},{"damage":10.0,"enemies":"Chosen","floor":18.0,"turns":6.0},{"damage":32.0,"enemies":"Spheric Guardian","floor":20.0,"turns":9.0},{"damage":28.0,"enemies":"Shelled Parasite and Fungi","floor":23.0,"turns":8.0},{"damage":0.0,"enemies":"Snake Plant","floor":25.0,"turns":5.0},{"damage":0.0,"enemies":"Snecko","floor":28.0,"turns":8.0},{"damage":4.0,"enemies":"Centurion and Healer","floor":29.0,"turns":10.0},{"damage":6.0,"enemies":"Champ","floor":33.0,"turns":11.0},{"damage":0.0,"enemies":"3 Darklings","floor":35.0,"turns":14.0},{"damage":0.0,"enemies":"Orb Walker","floor":37.0,"turns":4.0},{"damage":17.0,"enemies":"Sphere and 2 Shapes","floor":38.0,"turns":9.0},{"damage":29.0,"enemies":"4 Shapes","floor":41.0,"turns":8.0},{"damage":0.0,"enemies":"Transient","floor":42.0,"turns":5.0},{"damage":10.0,"enemies":"Jaw Worm Horde","floor":44.0,"turns":4.0},{"damage":23.0,"enemies":"Reptomancer","floor":46.0,"turns":5.0},{"damage":0.0,"enemies":"Spire Growth","floor":47.0,"turns":3.0},{"damage":5.0,"enemies":"Awakened One","floor":50.0,"turns":8.0},{"damage":10,"enemies":"Shield and Spear","floor":54,"turns":10},{"damage":47,"enemies":"The Heart","floor":55,"turns":8}],"seed_played":"574633330532235136","potions_obtained":[{"floor":1.0,"key":"Ancient Potion"},{"floor":4.0,"key":"SteroidPotion"},{"floor":8.0,"key":"Poison Potion"},{"floor":16.0,"key":"Poison Potion"},{"floor":33.0,"key":"FairyPotion"},{"floor":35.0,"key":"PowerPotion"},{"floor":46.0,"key":"SkillPotion"}],"is_trial":false,"path_per_floor":["M","M","$","M","$","R","?","M","T","$","?","M","R","M","R","B",null,"M","?","M","?","$","M","R","M","T","R","M","M","$","?","R","B",null,"M","$","M","M","?","R","M","M","T","M","R","E","M","?","R","B",null,"R","$","E","B",null],"character_chosen":"IRONCLAD","items_purchased":["Metallicize","Bag of Preparation","Enlightenment+1"],"campfire_rested":3,"item_purchase_floors":[22,36,53],"current_hp_per_floor":[87,88,88,82,82,82,87,86,86,86,86,75,75,74,74,28,93,89,89,63,63,63,41,41,47,47,47,53,55,55,55,82,82,93,93,93,93,82,82,82,59,65,65,61,88,71,77,77,88,88,88,88,88,84,43],"gold":98,"neow_bonus":"TEN_PERCENT_HP_BONUS","is_prod":false,"is_daily":false,"chose_seed":false,"campfire_upgraded":6,"win_rate":0,"timestamp":1546757456,"path_taken":["M","M","$","M","$","R","?","M","T","$","?","M","R","M","R","BOSS","M","?","?","?","$","?","R","M","T","R","M","M","$","?","R","BOSS","M","$","M","M","?","R","M","M","T","M","R","E","?","?","R","BOSS","R","$","E","BOSS"],"build_version":"2019-01-03v4","purchased_purges":3,"victory":true,"max_hp_per_floor":[88,88,88,88,88,88,93,93,93,93,93,93,93,93,93,93,93,93,93,93,93,93,93,93,93,93,93,93,93,93,93,93,93,93,93,93,93,93,93,93,93,93,93,93,93,93,93,88,88,88,88,88,88,88,88],"card_choices":[{"not_picked":["Rupture","Burning Pact","Sever Soul"],"picked":"SKIP","floor":1.0},{"not_picked":["Sever Soul","Iron Wave"],"picked":"Body Slam","floor":2.0},{"not_picked":["Cleave","Anger"],"picked":"Entrench","floor":4.0},{"not_picked":["Shockwave","Armaments"],"picked":"Barricade","floor":8.0},{"not_picked":["Body Slam","Seeing Red","Cleave"],"picked":"SKIP","floor":12.0},{"not_picked":["Headbutt","Disarm","Clothesline"],"picked":"SKIP","floor":14.0},{"not_picked":["Perfected Strike+1","Sentinel","Twin Strike"],"picked":"SKIP","floor":18.0},{"not_picked":["Flex+1","Body Slam"],"picked":"Flame Barrier","floor":20.0},{"not_picked":["Iron Wave+1","Dropkick+1","Clash"],"picked":"SKIP","floor":23.0},{"not_picked":["Bloodletting","Double Tap","Iron Wave"],"picked":"SKIP","floor":25.0},{"not_picked":["Rupture","Feel No Pain","Sword Boomerang+1"],"picked":"SKIP","floor":28.0},{"not_picked":["Cleave","Burning Pact+1"],"picked":"True Grit+1","floor":29.0},{"not_picked":["Cleave+1","Whirlwind+1","Corruption"],"picked":"SKIP","floor":35.0},{"not_picked":["Clothesline+1","Clash+1","Cleave"],"picked":"SKIP","floor":37.0},{"not_picked":["Juggernaut","Wild Strike","Carnage"],"picked":"SKIP","floor":38.0},{"not_picked":["Armaments+1","Seeing Red+1"],"picked":"Battle Trance+1","floor":41.0},{"not_picked":["Combust","Flex+1"],"picked":"Warcry+1","floor":42.0},{"not_picked":["Rampage+1","Cleave","Heavy Blade"],"picked":"SKIP","floor":44.0},{"not_picked":["Pommel Strike","Hemokinesis","Seeing Red+1"],"picked":"SKIP","floor":46.0},{"not_picked":["Sword Boomerang+1","Carnage"],"picked":"Warcry+1","floor":47.0},{"not_picked":["Fire Breathing","Cleave+1","Reckless Charge"],"picked":"SKIP","floor":54}],"player_experience":126611,"relics_obtained":[{"floor":9.0,"key":"Boot"},{"floor":26.0,"key":"Toxic Egg 2"},{"floor":46.0,"key":"Du-Vu Doll"},{"floor":54,"key":"Mercury Hourglass"}],"event_choices":[{"damage_healed":0.0,"max_hp_gain":5.0,"max_hp_loss":0.0,"gold_gain":0.0,"event_name":"Big Fish","player_choice":"Donut","floor":7.0,"gold_loss":0.0,"damage_taken":0.0},{"damage_healed":0.0,"max_hp_gain":0.0,"max_hp_loss":0.0,"gold_gain":0.0,"event_name":"Liars Game","player_choice":"Ignored","floor":11.0,"gold_loss":0.0,"damage_taken":0.0},{"damage_healed":0.0,"max_hp_gain":0.0,"max_hp_loss":0.0,"gold_gain":0.0,"event_name":"Match and Keep!","player_choice":"0 cards matched","floor":19.0,"gold_loss":0.0,"damage_taken":0.0,"cards_obtained":[]},{"damage_healed":0.0,"max_hp_gain":0.0,"max_hp_loss":0.0,"gold_gain":0.0,"event_name":"The Woman in Blue","player_choice":"Bought 0 Potions","floor":21.0,"gold_loss":0.0,"damage_taken":0.0},{"damage_healed":0.0,"max_hp_gain":0.0,"max_hp_loss":0.0,"gold_gain":0.0,"event_name":"Vampires","player_choice":"Ignored","floor":31.0,"gold_loss":0.0,"damage_taken":0.0},{"damage_healed":0.0,"max_hp_gain":0.0,"max_hp_loss":0.0,"gold_gain":0.0,"event_name":"WeMeetAgain","player_choice":"Gave Potion","floor":39.0,"gold_loss":0.0,"damage_taken":0.0,"relics_obtained":["Happy Flower"]},{"damage_healed":0.0,"max_hp_gain":0.0,"max_hp_loss":5.0,"gold_gain":0.0,"event_name":"Winding Halls","player_choice":"Max HP","floor":48.0,"gold_loss":0.0,"damage_taken":0.0}],"is_beta":false,"boss_relics":[{"not_picked":["Snecko Eye","Tiny House"],"picked":"Runic Dome"},{"not_picked":["White Beast Statue","Pandora\u0027s Box"],"picked":"Empty Cage"}],"items_purged_floors":[5,10,30],"is_endless":false,"potions_floor_spawned":[1,4,8,16,18,25,28,33,35,37,46,47],"ascension_level":0}