{"gold_per_floor":[117,82,94,94,107,133,133,151,151,180,180,191,191,160,160,265,265,278,278,294,294,36,71,82,112,139,139,156,169,189,199,199,199],"floor_reached":33,"playtime":5973,"items_purged":[],"score":389,"play_id":"090b510c-b9b4-4b40-8f1b-2e4a72e3c902","local_time":"20181023114327","is_ascension_mode":true,"campfire_choices":[{"data":"Bandage Up","floor":7,"key":"SMITH"},{"data":"Spot Weakness","floor":11,"key":"SMITH"},{"data":"Perfected Strike","floor":13,"key":"SMITH"},{"data":"Secret Technique","floor":15,"key":"SMITH"},{"floor":32,"key":"REST"}],"neow_cost":"PERCENT_DAMAGE","seed_source_timestamp":1096324568871523,"circlet_count":0,"master_deck":["Strike_R+1","Strike_R+1","Strike_R+1","Strike_R+1","Strike_R+1","Defend_R+1","Defend_R+1","Defend_R+1","Defend_R+1","Bash","Bandage Up+1","Secret Technique+1","Twin Strike","Reckless Charge","Flex","Perfected Strike+1","Intimidate","Spot Weakness+1","Wild Strike","Bludgeon","Feel No Pain+1","Armaments","Shrug It Off","Writhe","Armaments","Wild Strike","Iron Wave+1","Iron Wave+1","Twin Strike","Wild Strike+1"],"relics":["Burning Blood","Magic Flower","Calipers","Thread and Needle","Fusion Hammer","Smiling Mask","Shuriken","Sundial","Potion Belt","Dream Catcher"],"potions_floor_usage":[5,18,23,24,25,28,33],"damage_taken":[{"damage":25,"enemies":"Jaw Worm","floor":1,"turns":6},{"damage":3,"enemies":"2 Louse","floor":3,"turns":3},{"damage":0,"enemies":"Cultist","floor":5,"turns":3},{"damage":27,"enemies":"Gremlin Nob","floor":6,"turns":4},{"damage":10,"enemies":"Large Slime","floor":8,"turns":3},{"damage":24,"enemies":"Lagavulin","floor":10,"turns":6},{"damage":0,"enemies":"2 Fungi Beasts","floor":12,"turns":3},{"damage":44,"enemies":"The Guardian","floor":16,"turns":11},{"damage":0,"enemies":"3 Byrds","floor":18,"turns":5},{"damage":0,"enemies":"Spheric Guardian","floor":20,"turns":3},{"damage":30,"enemies":"Gremlin Leader","floor":23,"turns":9},{"damage":34,"enemies":"Centurion and Healer","floor":24,"turns":5},{"damage":29,"enemies":"Slavers","floor":25,"turns":5},{"damage":4,"enemies":"Cultist and Chosen","floor":28,"turns":5},{"damage":24,"enemies":"Sentry and Sphere","floor":29,"turns":7},{"damage":14,"enemies":"Snake Plant","floor":30,"turns":4},{"damage":0,"enemies":"Snecko","floor":31,"turns":5},{"damage":97,"enemies":"Champ","floor":33,"turns":10}],"seed_played":"-3445584957100730582","potions_obtained":[{"floor":1,"key":"Ancient Potion"},{"floor":3,"key":"Swift Potion"},{"floor":10,"key":"AttackPotion"},{"floor":16,"key":"Regen Potion"},{"floor":20,"key":"SpeedPotion"},{"floor":24,"key":"Poison Potion"},{"floor":25,"key":"Block Potion"},{"floor":28,"key":"SpeedPotion"}],"is_trial":false,"path_per_floor":["M","?","M","?","M","E","R","M","T","E","R","M","R","?","R","B",null,"M","?","M","?","$","E","M","E","T","?","M","M","M","M","R"],"character_chosen":"IRONCLAD","items_purchased":["Shuriken"],"campfire_rested":1,"item_purchase_floors":[22],"current_hp_per_floor":[36,56,63,47,57,40,40,48,48,42,42,60,60,60,60,34,69,80,80,80,80,80,64,70,59,59,59,64,58,62,71,80,0],"gold":199,"neow_bonus":"RANDOM_COLORLESS_2","is_prod":false,"is_daily":false,"chose_seed":false,"campfire_upgraded":4,"win_rate":0,"timestamp":1540316607,"path_taken":["M","?","M","?","?","E","R","M","T","E","R","M","R","?","R","BOSS","M","?","M","?","?","E","?","E","T","?","?","M","M","M","R","BOSS"],"build_version":"2018-10-18","purchased_purges":0,"victory":false,"max_hp_per_floor":[80,80,80,80,80,80,80,80,80,80,80,80,80,80,80,80,80,80,80,80,80,80,80,80,80,80,80,80,80,80,80,80,80],"card_choices":[{"not_picked":["Flex","Thunderclap"],"picked":"Twin Strike","floor":1},{"not_picked":["Sword Boomerang","Heavy Blade"],"picked":"Reckless Charge","floor":3},{"not_picked":["Clash","Sentinel"],"picked":"Flex","floor":5},{"not_picked":["Flex","True Grit"],"picked":"Perfected Strike","floor":6},{"not_picked":["Headbutt","Fire Breathing"],"picked":"Intimidate","floor":8},{"not_picked":["Sword Boomerang","Warcry"],"picked":"Spot Weakness","floor":10},{"not_picked":["Blood for Blood","Limit Break"],"picked":"Wild Strike","floor":12},{"not_picked":["Offering","Fiend Fire"],"picked":"Bludgeon","floor":16},{"not_picked":["Havoc","Hemokinesis"],"picked":"Feel No Pain+1","floor":18},{"not_picked":["Sentinel","Burning Pact"],"picked":"Shrug It Off","floor":20},{"not_picked":["Perfected Strike","Cleave"],"picked":"Armaments","floor":23},{"not_picked":["Body Slam","Immolate"],"picked":"Wild Strike","floor":24},{"not_picked":["Armaments","Clothesline"],"picked":"Iron Wave+1","floor":25},{"not_picked":["Havoc","Clothesline","Iron Wave"],"picked":"SKIP","floor":28},{"not_picked":["Feel No Pain","Bloodletting","Infernal Blade"],"picked":"SKIP","floor":29},{"not_picked":["Shrug It Off","Body Slam"],"picked":"Iron Wave+1","floor":30},{"not_picked":["Entrench","True Grit"],"picked":"Twin Strike","floor":31},{"not_picked":["Sword Boomerang","Reaper"],"picked":"Wild Strike+1","floor":32}],"player_experience":766776,"relics_obtained":[{"floor":6,"key":"Magic Flower"},{"floor":9,"key":"Calipers"},{"floor":10,"key":"Thread and Needle"},{"floor":23,"key":"Sundial"},{"floor":25,"key":"Potion Belt"},{"floor":26,"key":"Dream Catcher"}],"event_choices":[{"damage_healed":20,"gold_gain":0,"player_choice":"Healed","damage_taken":0,"max_hp_gain":0,"max_hp_loss":0,"event_name":"The Cleric","floor":2,"gold_loss":35},{"damage_healed":0,"gold_gain":0,"player_choice":"Entered Light","damage_taken":16,"max_hp_gain":0,"max_hp_loss":0,"event_name":"Shining Light","floor":4,"gold_loss":0,"cards_upgraded":["Defend_R","Defend_R"]},{"damage_healed":0,"gold_gain":0,"player_choice":"Left Gold","damage_taken":0,"max_hp_gain":0,"max_hp_loss":0,"event_name":"World of Goop","floor":14,"gold_loss":31},{"damage_healed":0,"gold_gain":0,"player_choice":"Read","damage_taken":0,"max_hp_gain":0,"max_hp_loss":0,"event_name":"The Library","floor":19,"gold_loss":0,"cards_obtained":["Armaments"]},{"damage_healed":0,"gold_gain":0,"player_choice":"Opened","damage_taken":0,"relics_obtained":["Smiling Mask"],"max_hp_gain":0,"max_hp_loss":0,"event_name":"The Mausoleum","floor":21,"gold_loss":0,"cards_obtained":["Writhe"]},{"damage_healed":0,"gold_gain":0,"player_choice":"Simplicity","damage_taken":0,"max_hp_gain":0,"max_hp_loss":0,"event_name":"Back to Basics","floor":27,"gold_loss":0,"cards_upgraded":["Strike_R","Strike_R","Strike_R","Strike_R","Strike_R","Defend_R","Defend_R"]}],"is_beta":false,"boss_relics":[{"not_picked":["Astrolabe","Pandora\u0027s Box"],"picked":"Fusion Hammer"}],"items_purged_floors":[],"is_endless":false,"potions_floor_spawned":[1,3,10,16,20,24,25,28],"killed_by":"Champ","ascension_level":6}