{"gold_per_floor":[109,109,109,109,127,154,207,307,332,332,361,380,399,417,417,521,521,521],"floor_reached":18,"playtime":859,"items_purged":[],"score":272,"play_id":"24946ba5-64c3-4ad6-867e-74d4f019442c","local_time":"20181215110909","is_ascension_mode":true,"campfire_choices":[{"floor":10,"key":"REST"},{"floor":15,"key":"REST"}],"neow_cost":"NONE","seed_source_timestamp":86872875317412,"circlet_count":0,"master_deck":["AscendersBane","Strike_R","Strike_R+1","Strike_R+1","Defend_R","Defend_R","Defend_R","Defend_R","Bash","Shrug It Off","Power Through","Shrug It Off","Iron Wave","Feed"],"relics":["Burning Blood","Singing Bowl","Ancient Tea Set","Whetstone","Oddly Smooth Stone","Bag of Preparation","Empty Cage"],"potions_floor_usage":[16,16],"damage_taken":[{"damage":4,"enemies":"Jaw Worm","floor":1,"turns":4},{"damage":12,"enemies":"Small Slimes","floor":5,"turns":4},{"damage":64,"enemies":"3 Sentries","floor":6,"turns":16},{"damage":33,"enemies":"Gremlin Nob","floor":11,"turns":6},{"damage":0,"enemies":"2 Louse","floor":12,"turns":5},{"damage":1,"enemies":"Exordium Wildlife","floor":13,"turns":5},{"damage":0,"enemies":"3 Louse","floor":14,"turns":4},{"damage":43,"enemies":"The Guardian","floor":16,"turns":19},{"damage":78,"enemies":"Shell Parasite","floor":18,"turns":19}],"seed_played":"-1903596216712424289","potions_obtained":[{"floor":12,"key":"LiquidBronze"},{"floor":13,"key":"Explosive Potion"},{"floor":16,"key":"FearPotion"}],"is_trial":false,"path_per_floor":["M","?","?","?","M","E","T","?","T","R","E","M","M","M","R","B",null,"M"],"character_chosen":"IRONCLAD","items_purchased":[],"campfire_rested":2,"item_purchase_floors":[],"current_hp_per_floor":[82,82,75,75,69,11,11,11,11,37,12,20,27,33,61,24,77,0],"gold":521,"neow_bonus":"TEN_PERCENT_HP_BONUS","is_prod":false,"is_daily":false,"chose_seed":false,"campfire_upgraded":0,"win_rate":0,"timestamp":1544897349,"path_taken":["M","?","?","?","?","E","?","?","T","R","E","M","?","M","R","BOSS","M"],"build_version":"2018-12-13","purchased_purges":0,"victory":false,"max_hp_per_floor":[88,88,88,88,88,88,88,88,88,88,90,92,94,94,94,94,94,94],"card_choices":[{"not_picked":["Havoc","Corruption"],"picked":"Shrug It Off","floor":1},{"not_picked":["Intimidate","Iron Wave"],"picked":"Power Through","floor":5},{"not_picked":["Rampage","Sword Boomerang"],"picked":"Shrug It Off","floor":6},{"not_picked":["Demon Form","Clash","Thunderclap"],"picked":"Singing Bowl","floor":11},{"not_picked":["Clash","Cleave","Headbutt"],"picked":"Singing Bowl","floor":12},{"not_picked":["Sword Boomerang","Armaments","Anger"],"picked":"Singing Bowl","floor":13},{"not_picked":["Warcry","Brutality"],"picked":"Iron Wave","floor":14},{"not_picked":["Limit Break","Barricade"],"picked":"Feed","floor":16}],"player_experience":1155650,"relics_obtained":[{"floor":6,"key":"Ancient Tea Set"},{"floor":7,"key":"Whetstone"},{"floor":9,"key":"Oddly Smooth Stone"},{"floor":11,"key":"Bag of Preparation"}],"event_choices":[{"damage_healed":0,"gold_gain":0,"player_choice":"Box","damage_taken":0,"relics_obtained":["Singing Bowl"],"max_hp_gain":0,"max_hp_loss":0,"event_name":"Big Fish","floor":2,"gold_loss":0,"cards_obtained":["Regret"]},{"cards_removed":["Regret"],"damage_healed":0,"gold_gain":0,"player_choice":"Card Removal","damage_taken":7,"max_hp_gain":0,"max_hp_loss":0,"event_name":"Golden Wing","floor":3,"gold_loss":0},{"damage_healed":0,"gold_gain":0,"player_choice":"Leave","damage_taken":0,"max_hp_gain":0,"max_hp_loss":0,"event_name":"The Cleric","floor":4,"gold_loss":0},{"damage_healed":0,"gold_gain":100,"player_choice":"Pray","damage_taken":0,"max_hp_gain":0,"max_hp_loss":0,"event_name":"Golden Shrine","floor":8,"gold_loss":0}],"is_beta":false,"boss_relics":[{"not_picked":["Coffee Dripper","Runic Dome"],"picked":"Empty Cage"}],"items_purged_floors":[],"is_endless":false,"potions_floor_spawned":[12,13,16],"killed_by":"Shell Parasite","ascension_level":12}