{"gold_per_floor":[118,129,149,160,180,180,210,210,210,241,30,30,30,130,130,226,226,239,239,259,279,177,206,206,232,232,258,13,29,46,46,46,146,146,161,207,207,224,38,69,89,102,128,150,162,174,31,47,47,47],"floor_reached":50,"playtime":2630,"items_purged":[],"score":644,"play_id":"18e3a892-fd15-4ef7-bd69-53b63b0c6e50","local_time":"20180820134543","is_ascension_mode":true,"campfire_choices":[{"data":"1","floor":6,"key":"LIFT"},{"floor":8,"key":"REST"},{"data":"2","floor":12,"key":"LIFT"},{"data":"3","floor":15,"key":"LIFT"},{"floor":24,"key":"REST"},{"floor":32,"key":"REST"},{"floor":46,"key":"REST"},{"floor":49,"key":"REST"}],"neow_cost":"PERCENT_DAMAGE","seed_source_timestamp":301897795624288,"circlet_count":0,"master_deck":["Defend_G","Defend_G","Defend_G","Defend_G","Defend_G","Survivor","Neutralize","Blade Dance","Eviscerate","Outmaneuver","Backstab","Sucker Punch","Blade Dance","Glass Knife","Acrobatics","Glass Knife","Dagger Throw","Bite","Bite","Bite","Bite","Bite","Dagger Spray+1","Dagger Spray","Underhanded Strike","Infinite Blades","Dagger Spray+1","Deadly Poison+1","Deflect","Blade Dance","Leg Sweep","After Image","Endless Agony+1","Quick Slash+1","Catalyst+1","Crippling Poison+1","Cloak And Dagger","Die Die Die","Deflect","Poisoned Stab+1","Cloak And Dagger+1","Dagger Spray","Finisher"],"relics":["Ring of the Snake","Girya","Lantern","Shuriken","Oddly Smooth Stone","Strawberry","Lizard Tail","Ginger","Bag of Marbles","Matryoshka","Dream Catcher","Ornamental Fan","Centennial Puzzle","Peace Pipe","Bird Faced Urn","Calipers","MawBank","Juzu Bracelet","Blood Vial"],"potions_floor_usage":[7,7,10,16,23,30,33,37,40,42],"damage_taken":[{"damage":2,"enemies":"Cultist","floor":1,"turns":4},{"damage":0,"enemies":"2 Louse","floor":2,"turns":3},{"damage":0,"enemies":"Jaw Worm","floor":3,"turns":4},{"damage":7,"enemies":"2 Fungi Beasts","floor":4,"turns":4},{"damage":2,"enemies":"3 Louse","floor":5,"turns":3},{"damage":13,"enemies":"Lagavulin","floor":7,"turns":9},{"damage":4,"enemies":"3 Sentries","floor":10,"turns":6},{"damage":12,"enemies":"Hexaghost","floor":16,"turns":7},{"damage":0,"enemies":"Chosen","floor":18,"turns":3},{"damage":0,"enemies":"2 Thieves","floor":20,"turns":2},{"damage":9,"enemies":"Snecko","floor":21,"turns":3},{"damage":21,"enemies":"Book of Stabbing","floor":23,"turns":4},{"damage":15,"enemies":"Gremlin Leader","floor":25,"turns":4},{"damage":24,"enemies":"Book of Stabbing","floor":27,"turns":4},{"damage":0,"enemies":"Shelled Parasite and Fungi","floor":29,"turns":1},{"damage":0,"enemies":"Chosen and Byrds","floor":30,"turns":3},{"damage":10,"enemies":"Collector","floor":33,"turns":6},{"damage":3,"enemies":"3 Darklings","floor":35,"turns":2},{"damage":26,"floor":36,"turns":6},{"damage":0,"floor":37,"turns":6},{"damage":0,"enemies":"Flame Bruiser 1 Orb","floor":38,"turns":1},{"damage":32,"enemies":"2 Orb Walkers","floor":40,"turns":5},{"damage":16,"enemies":"Maw","floor":41,"turns":7},{"damage":0,"enemies":"Transient","floor":42,"turns":5},{"damage":6,"enemies":"Flame Bruiser 2 Orb","floor":44,"turns":4},{"damage":6,"enemies":"Maw","floor":48,"turns":5},{"damage":112,"enemies":"Donu and Deca","floor":50,"turns":7}],"seed_played":"-3504319001497283872","potions_obtained":[{"floor":1,"key":"FairyPotion"},{"floor":2,"key":"Weak Potion"},{"floor":4,"key":"EntropicBrew"},{"floor":20,"key":"SteroidPotion"},{"floor":21,"key":"SkillPotion"},{"floor":27,"key":"SteroidPotion"},{"floor":30,"key":"Fire Potion"},{"floor":35,"key":"GamblersBrew"},{"floor":36,"key":"PowerPotion"},{"floor":37,"key":"EssenceOfSteel"}],"is_trial":false,"path_per_floor":["M","M","M","M","M","R","E","R","T","E","$","R","?","?","R","B",null,"M","?","M","M","$","E","R","E","T","E","$","M","M","?","R","B",null,"M","?","?","M","$","E","M","M","T","M","?","R","$","M","R"],"character_chosen":"THE_SILENT","items_purchased":["Strawberry","Acrobatics","Underhanded Strike","Infinite Blades","Ornamental Fan","Cloak And Dagger","Die Die Die","Blood Vial"],"campfire_rested":5,"item_purchase_floors":[11,11,22,22,28,39,39,47],"current_hp_per_floor":[47,47,47,40,38,38,25,46,46,42,49,49,49,49,49,37,77,77,53,53,46,46,33,48,39,39,19,19,21,27,27,42,42,53,50,30,40,42,42,16,12,20,20,20,20,35,35,39,53,0],"gold":47,"neow_bonus":"ONE_RARE_RELIC","is_prod":false,"is_daily":false,"chose_seed":false,"campfire_upgraded":0,"win_rate":0,"timestamp":1534794343,"path_taken":["M","M","M","?","M","R","E","R","T","E","$","R","?","?","R","BOSS","M","?","M","M","$","E","R","E","T","E","$","M","M","?","R","BOSS","M","?","?","M","$","E","M","M","T","M","?","R","?","M","R","BOSS"],"build_version":"2018-08-16","purchased_purges":0,"victory":false,"max_hp_per_floor":[70,70,70,70,70,70,70,70,70,70,77,77,77,77,77,77,77,77,53,53,53,53,53,53,53,53,53,53,53,53,53,53,53,53,53,53,53,53,53,53,53,53,53,53,53,53,53,53,53,53],"card_choices":[{"not_picked":["Leg Sweep","Prepared"],"picked":"Blade Dance","floor":1},{"not_picked":["Acrobatics","Underhanded Strike"],"picked":"Eviscerate","floor":2},{"not_picked":["Poisoned Stab","Quick Slash"],"picked":"Outmaneuver","floor":3},{"not_picked":["PiercingWail","Riddle With Holes"],"picked":"Backstab","floor":4},{"not_picked":["Choke","Tactician"],"picked":"Sucker Punch","floor":5},{"not_picked":["Flying Knee","Predator"],"picked":"Blade Dance","floor":7},{"not_picked":["Die Die Die","Dagger Spray"],"picked":"Glass Knife","floor":10},{"not_picked":["Corpse Explosion","Die Die Die"],"picked":"Glass Knife","floor":16},{"not_picked":["Riddle With Holes","Crippling Poison"],"picked":"Dagger Throw","floor":18},{"not_picked":["Flying Knee+1","Prepared+1"],"picked":"Dagger Spray+1","floor":20},{"not_picked":["Quick Slash","Acrobatics"],"picked":"Dagger Spray","floor":21},{"not_picked":["Tools of the Trade","Caltrops"],"picked":"Dagger Spray+1","floor":23},{"not_picked":["Escape Plan","Expertise+1"],"picked":"Deadly Poison+1","floor":25},{"not_picked":["Expertise+1","Bane"],"picked":"Deflect","floor":27},{"not_picked":["Bane","Quick Slash"],"picked":"Blade Dance","floor":29},{"not_picked":["Acrobatics","Skewer","Reflex+1"],"picked":"SKIP","floor":30},{"not_picked":["Escape Plan","Dodge and Roll"],"picked":"Leg Sweep","floor":32},{"not_picked":["Malaise","A Thousand Cuts"],"picked":"After Image","floor":33},{"not_picked":["Underhanded Strike+1","Riddle With Holes"],"picked":"Endless Agony+1","floor":35},{"not_picked":["Backflip","Underhanded Strike"],"picked":"Quick Slash+1","floor":36},{"not_picked":["Underhanded Strike+1","Masterful Stab"],"picked":"Catalyst+1","floor":37},{"not_picked":["Dodge and Roll","Slice+1"],"picked":"Crippling Poison+1","floor":38},{"not_picked":["Terror","Skewer"],"picked":"Deflect","floor":40},{"not_picked":["Deadly Poison","Caltrops"],"picked":"Poisoned Stab+1","floor":41},{"not_picked":["Flechettes+1","Deadly Poison+1"],"picked":"Cloak And Dagger+1","floor":42},{"not_picked":["Choke","Quick Slash","Well Laid Plans"],"picked":"SKIP","floor":44},{"not_picked":["Prepared","PiercingWail+1"],"picked":"Dagger Spray","floor":46},{"not_picked":["Tactician+1","Backflip","Prepared"],"picked":"SKIP","floor":48},{"not_picked":["Prepared","Slice"],"picked":"Finisher","floor":49}],"player_experience":279155,"relics_obtained":[{"floor":7,"key":"Lantern"},{"floor":9,"key":"Shuriken"},{"floor":10,"key":"Oddly Smooth Stone"},{"floor":23,"key":"Ginger"},{"floor":25,"key":"Bag of Marbles"},{"floor":26,"key":"Matryoshka"},{"floor":27,"key":"Dream Catcher"},{"floor":36,"key":"Peace Pipe"},{"floor":37,"key":"Bird Faced Urn"},{"floor":40,"key":"Calipers"},{"floor":43,"key":"MawBank"},{"floor":43,"key":"Juzu Bracelet"}],"event_choices":[{"event_name":"The Cleric","player_choice":"Leave","floor":13,"damage_taken":0},{"event_name":"Wheel of Change","player_choice":"Gold","floor":14,"damage_taken":0},{"event_name":"Vampires","player_choice":"Became a vampire","floor":19,"damage_taken":0},{"event_name":"WeMeetAgain","player_choice":"Potion","floor":31,"damage_taken":0},{"event_name":"Mysterious Sphere","player_choice":"Fight","floor":36,"damage_taken":0},{"event_name":"MindBloom","player_choice":"Fight","floor":37,"damage_taken":0},{"event_name":"Accursed Blacksmith","player_choice":"Ignore","floor":45,"damage_taken":0}],"is_beta":false,"boss_relics":[{"not_picked":["HoveringKite","Cursed Key"],"picked":"Lizard Tail"},{"not_picked":["Runic Dome","Velvet Choker","Calling Bell"]}],"items_purged_floors":[],"is_endless":false,"potions_floor_spawned":[1,2,4,7,20,21,27,30,35,36,37],"killed_by":"Donu and Deca","ascension_level":1}