{"gold_per_floor":[114,114,289,289,10,44,64,64],"floor_reached":8,"playtime":1047,"items_purged":[],"score":54,"play_id":"79d14474-1473-4367-8c75-0484195919db","local_time":"20190404155210","is_ascension_mode":false,"campfire_choices":[],"neow_cost":"CURSE","seed_source_timestamp":1285241936659069,"circlet_count":0,"master_deck":["Defend_G","Defend_G","Defend_G","Defend_G","Defend_G","Strike_G","Strike_G","Strike_G","Strike_G","Strike_G","Survivor","Neutralize","Parasite","Flying Knee","Doubt","Neutralize","Dramatic Entrance","Dodge and Roll","Sucker Punch","Deadly Poison","Terror"],"relics":["Ring of the Snake","Ginger","TheAbacus","Strawberry"],"potions_floor_usage":[],"damage_taken":[{"damage":6,"enemies":"Small Slimes","floor":1,"turns":4},{"damage":61,"enemies":"Lagavulin","floor":6,"turns":14},{"damage":0,"enemies":"2 Louse","floor":7,"turns":2},{"damage":13,"enemies":"Gremlin Nob","floor":8,"turns":3}],"seed_played":"7563662721295300600","potions_obtained":[{"floor":7,"key":"Poison Potion"}],"is_trial":false,"path_per_floor":["M","?","?","?","$","E","M","E"],"character_chosen":"THE_SILENT","items_purchased":["TheAbacus","Dodge and Roll","Sucker Punch"],"campfire_rested":0,"item_purchase_floors":[5,5,5],"current_hp_per_floor":[64,64,64,64,64,10,10,0],"gold":64,"neow_bonus":"ONE_RARE_RELIC","is_prod":false,"is_daily":false,"chose_seed":false,"campfire_upgraded":0,"win_rate":0,"timestamp":1554389530,"path_taken":["M","?","?","?","$","E","M","E"],"build_version":"2019-01-23","purchased_purges":0,"victory":false,"max_hp_per_floor":[70,70,70,70,70,77,77,77],"card_choices":[{"not_picked":["Concentrate","Dash"],"picked":"Flying Knee","floor":1},{"not_picked":["Prepared","Poisoned Stab"],"picked":"Deadly Poison","floor":6},{"not_picked":["Distraction","PiercingWail"],"picked":"Terror","floor":7}],"player_experience":309285,"relics_obtained":[{"floor":6,"key":"Strawberry"}],"event_choices":[{"damage_healed":0,"gold_gain":0,"player_choice":"Leave","damage_taken":0,"max_hp_gain":0,"max_hp_loss":0,"event_name":"The Cleric","floor":2,"gold_loss":0},{"damage_healed":0,"gold_gain":175,"player_choice":"AGREE","damage_taken":0,"max_hp_gain":0,"max_hp_loss":0,"event_name":"Liars Game","floor":3,"gold_loss":0,"cards_obtained":["Doubt"]},{"damage_healed":0,"gold_gain":0,"player_choice":"2 cards matched","damage_taken":0,"max_hp_gain":0,"max_hp_loss":0,"event_name":"Match and Keep!","floor":4,"gold_loss":0,"cards_obtained":["Neutralize","Dramatic Entrance"]}],"is_beta":false,"boss_relics":[],"items_purged_floors":[],"is_endless":false,"potions_floor_spawned":[7],"killed_by":"Gremlin Nob","ascension_level":0}