{"gold_per_floor":[117,131,143,143,158,158,191,210,259,259,259],"floor_reached":11,"playtime":280,"items_purged":[],"score":75,"play_id":"3db5eeb1-3109-44e1-8cd0-e6cd8741fb3f","local_time":"20190215104844","is_ascension_mode":false,"campfire_choices":[{"data":"Zap","floor":6,"key":"SMITH"},{"data":"Zap","floor":11,"key":"SMITH"}],"neow_cost":"NONE","seed_source_timestamp":228747631827175,"circlet_count":0,"master_deck":["Strike_B","Strike_B","Strike_B","Defend_B","Defend_B","Defend_B","Defend_B","Zap+1","Dualcast","Hologram","Defragment","Steam","Compile Driver","Zap+1","Defragment","Loop","Self Repair","Parasite"],"relics":["Cracked Core","Art of War"],"potions_floor_usage":[7],"damage_taken":[{"damage":0,"enemies":"2 Louse","floor":1,"turns":1},{"damage":7,"enemies":"Cultist","floor":2,"turns":4},{"damage":0,"enemies":"Small Slimes","floor":3,"turns":3},{"damage":3,"enemies":"Blue Slaver","floor":5,"turns":4},{"damage":12,"enemies":"3 Sentries","floor":7,"turns":5},{"damage":6,"enemies":"Exordium Wildlife","floor":8,"turns":3}],"seed_played":"-58171035488189534","potions_obtained":[{"floor":2,"key":"Explosive Potion"},{"floor":5,"key":"Ancient Potion"},{"floor":8,"key":"Dexterity Potion"}],"is_trial":false,"path_per_floor":["M","M","M","?","M","R","E","M","T","?","R"],"character_chosen":"DEFECT","items_purchased":[],"campfire_rested":0,"item_purchase_floors":[],"current_hp_per_floor":[75,68,68,68,65,65,53,47,47,65,65],"gold":259,"neow_bonus":"TRANSFORM_CARD","is_prod":false,"is_daily":false,"chose_seed":false,"campfire_upgraded":2,"win_rate":0,"timestamp":1550252924,"path_taken":["M","M","M","?","?","R","E","M","T","?","R"],"build_version":"2019-01-23","purchased_purges":0,"victory":false,"max_hp_per_floor":[75,75,75,75,75,75,75,75,75,75,75],"card_choices":[{"not_picked":["Go for the Eyes","Steam"],"picked":"Defragment","floor":1},{"not_picked":["Sweeping Beam","Auto Shields"],"picked":"Steam","floor":2},{"not_picked":["Sweeping Beam","Streamline"],"picked":"Compile Driver","floor":3},{"not_picked":["Beam Cell","Double Energy"],"picked":"Defragment","floor":5},{"not_picked":["Recycle","Seek"],"picked":"Loop","floor":7},{"not_picked":["Hologram","Lockon"],"picked":"Self Repair","floor":8}],"player_experience":1488955,"relics_obtained":[{"floor":7,"key":"Art of War"}],"event_choices":[{"damage_healed":0,"gold_gain":0,"player_choice":"1 cards matched","damage_taken":0,"max_hp_gain":0,"max_hp_loss":0,"event_name":"Match and Keep!","floor":4,"gold_loss":0,"cards_obtained":["Zap"]},{"damage_healed":18,"gold_gain":0,"player_choice":"Healed and dodged fight","damage_taken":0,"max_hp_gain":0,"max_hp_loss":0,"event_name":"Mushrooms","floor":10,"gold_loss":0,"cards_obtained":["Parasite"]}],"is_beta":false,"boss_relics":[],"items_purged_floors":[],"is_endless":false,"potions_floor_spawned":[2,5,8],"ascension_level":0}