{"gold_per_floor":[117,128,128,78,78,111,111,145,215,215,234,234,15,29,29,132,132,148,148,161,161,52,83,102,102,102,114,114,148,163,192,192,291,291,301,401,623,634,192,220,233,250,277,289,301,30,30,30,30,30],"floor_reached":51,"playtime":3495,"items_purged":["Strike_G","Strike_G","Defend_G"],"score":855,"play_id":"c08f2014-422d-4875-bf33-55286e0cddae","local_time":"20190117185935","is_ascension_mode":true,"campfire_choices":[{"floor":10.0,"key":"REST"},{"data":"Cloak And Dagger","floor":12.0,"key":"SMITH"},{"data":"Predator","floor":15.0,"key":"SMITH"},{"data":"Backstab","floor":25.0,"key":"SMITH"},{"data":"Bullet Time","floor":28.0,"key":"SMITH"},{"floor":32,"key":"REST"},{"floor":47,"key":"RECALL"},{"floor":49,"key":"REST"}],"neow_cost":"PERCENT_DAMAGE","seed_source_timestamp":417620322812188,"circlet_count":0,"master_deck":["Defend_G","Defend_G","Survivor","Neutralize+1","Cloak And Dagger+1","Leg Sweep","PiercingWail","Backstab+1","Predator+1","Bullet Time+1","Infinite Blades+1","Underhanded Strike+1","Concentrate+1","Backflip","PiercingWail","PanicButton","Escape Plan","Dodge and Roll+1","Acrobatics+1","Dagger Throw+1","Crippling Poison","Corpse Explosion","Flechettes+1","Well Laid Plans","Cloak And Dagger+1","Noxious Fumes+1","Blur","Prepared","Reflex+1"],"special_seed":0,"relics":["Ring of the Snake","Strawberry","Matryoshka","Meat on the Bone","Shuriken","PreservedInsect","Astrolabe","Omamori","Boot","Paper Crane","Vajra","Red Mask","Fusion Hammer","Nunchaku","Oddly Smooth Stone","Potion Belt","Whetstone","Happy Flower","Snake Skull"],"potions_floor_usage":[30,31,33,33,35,41,41,50],"damage_taken":[{"damage":1.0,"enemies":"2 Louse","floor":1.0,"turns":4.0},{"damage":1.0,"enemies":"Jaw Worm","floor":2.0,"turns":5.0},{"damage":32.0,"enemies":"3 Sentries","floor":6.0,"turns":15.0},{"damage":33.0,"enemies":"Gremlin Nob","floor":8.0,"turns":6.0},{"damage":0.0,"enemies":"Cultist","floor":11.0,"turns":4.0},{"damage":3.0,"enemies":"3 Louse","floor":14.0,"turns":4.0},{"damage":31.0,"enemies":"The Guardian","floor":16.0,"turns":16.0},{"damage":9.0,"enemies":"2 Thieves","floor":18.0,"turns":3.0},{"damage":25.0,"enemies":"Colosseum Slavers","floor":19.0,"turns":6.0},{"damage":4.0,"enemies":"Chosen","floor":20.0,"turns":5.0},{"damage":0.0,"enemies":"Book of Stabbing","floor":23.0,"turns":4.0},{"damage":0.0,"enemies":"Snake Plant","floor":24.0,"turns":4.0},{"damage":3.0,"enemies":"Chosen and Byrds","floor":27.0,"turns":7.0},{"damage":1.0,"enemies":"Gremlin Leader","floor":29.0,"turns":7.0},{"damage":9,"enemies":"Shelled Parasite and Fungi","floor":30,"turns":4},{"damage":15,"enemies":"Masked Bandits","floor":31,"turns":4},{"damage":41,"enemies":"Collector","floor":33,"turns":10},{"damage":2,"enemies":"Orb Walker","floor":35,"turns":4},{"damage":0,"enemies":"Mind Bloom Boss Battle","floor":36,"turns":8},{"damage":0,"enemies":"3 Darklings","floor":38,"turns":3},{"damage":7,"enemies":"Reptomancer","floor":40,"turns":6},{"damage":12,"enemies":"Writhing Mass","floor":41,"turns":8},{"damage":9,"enemies":"Maw","floor":42,"turns":6},{"damage":0,"enemies":"3 Darklings","floor":44,"turns":3},{"damage":3,"enemies":"Jaw Worm Horde","floor":45,"turns":5},{"damage":18,"enemies":"Awakened One","floor":50,"turns":17}],"seed_played":"192786870312348637","potions_obtained":[{"floor":6.0,"key":"SkillPotion"},{"floor":11.0,"key":"GhostInAJar"},{"floor":14.0,"key":"Explosive Potion"},{"floor":23.0,"key":"SteroidPotion"},{"floor":27.0,"key":"Explosive Potion"},{"floor":41,"key":"FearPotion"},{"floor":44,"key":"Fire Potion"}],"is_trial":false,"path_per_floor":["M","M","?","?","?","E","?","E","T","R","M","R","$","M","R","B",null,"M","?","M","?","$","E","M","R","T","M","R","E","M","?","R","B",null,"M","?","?","M","$","E","M","M","T","M","M","$","R","?","R","B",null],"character_chosen":"THE_SILENT","items_purchased":["Predator","PreservedInsect","Escape Plan","Well Laid Plans","Oddly Smooth Stone","Potion Belt","Snake Skull"],"campfire_rested":3,"item_purchase_floors":[13,13,22,39,39,39,46],"current_hp_per_floor":[48,47,52,52,52,42,42,9,9,33,45,45,45,42,42,23,82,73,60,56,56,56,56,56,56,56,53,53,52,43,40,64,35,82,80,80,80,80,80,73,61,52,52,52,49,49,49,49,73,55],"gold":30,"neow_bonus":"THREE_RARE_CARDS","is_prod":false,"is_daily":false,"chose_seed":false,"campfire_upgraded":4,"win_rate":0,"timestamp":1547780375,"path_taken":["M","M","?","?","?","E","?","E","T","R","M","R","$","M","R","BOSS","M","?","M","?","$","E","?","R","T","M","R","E","M","?","R","BOSS","M","?","?","?","$","E","M","M","T","M","M","$","R","?","R","BOSS"],"build_version":"2019-01-10","purchased_purges":3,"victory":true,"max_hp_per_floor":[70,70,75,75,75,82,82,82,82,82,82,82,82,82,82,82,82,82,82,82,82,82,82,82,82,82,82,82,82,82,82,82,82,82,82,82,82,82,82,82,82,82,82,82,82,82,82,82,82,82],"card_choices":[{"not_picked":["Phantasmal Killer","Unload"],"picked":"Venomology","floor":0.0},{"not_picked":["Outmaneuver","All Out Attack"],"picked":"Cloak And Dagger","floor":1.0},{"not_picked":["Deflect","All Out Attack","Masterful Stab"],"picked":"SKIP","floor":2.0},{"not_picked":["PiercingWail","Deadly Poison"],"picked":"Leg Sweep","floor":6.0},{"not_picked":["Flechettes","Flying Knee"],"picked":"PiercingWail","floor":8.0},{"not_picked":["Poisoned Stab","Dagger Spray"],"picked":"Backstab","floor":11.0},{"not_picked":["Underhanded Strike","Flying Knee","Doppelganger"],"picked":"SKIP","floor":14.0},{"not_picked":["Malaise","A Thousand Cuts"],"picked":"Bullet Time","floor":16.0},{"not_picked":["Choke","Backstab","Sucker Punch+1"],"picked":"SKIP","floor":18.0},{"not_picked":["Dagger Throw","Cloak And Dagger"],"picked":"Backflip","floor":20.0},{"not_picked":["Leg Sweep+1","Deadly Poison+1"],"picked":"Dodge and Roll+1","floor":23.0},{"not_picked":["Deflect+1","Leg Sweep"],"picked":"Acrobatics+1","floor":24.0},{"not_picked":["Heel Hook","Bouncing Flask"],"picked":"Dagger Throw","floor":27.0},{"not_picked":["Skewer","Poisoned Stab","Riddle With Holes+1"],"picked":"SKIP","floor":29.0},{"not_picked":["Escape Plan","Deflect+1"],"picked":"Crippling Poison","floor":30},{"not_picked":["Doppelganger","Venomology"],"picked":"Corpse Explosion","floor":33},{"not_picked":["Blade Dance","Underhanded Strike","Endless Agony"],"picked":"SKIP","floor":35},{"not_picked":["Deadly Poison","Poisoned Stab+1"],"picked":"Flechettes+1","floor":36},{"not_picked":["Slice","Backflip","Sucker Punch"],"picked":"SKIP","floor":38},{"not_picked":["Flechettes+1","Deadly Poison"],"picked":"Cloak And Dagger+1","floor":40},{"not_picked":["Die Die Die","Deadly Poison"],"picked":"Noxious Fumes+1","floor":41},{"not_picked":["Slice","Setup+1"],"picked":"Blur","floor":42},{"not_picked":["Acrobatics","Dagger Spray"],"picked":"Prepared","floor":44},{"not_picked":["Quick Slash+1","Bane+1"],"picked":"Reflex+1","floor":45}],"player_experience":240638,"relics_obtained":[{"floor":6.0,"key":"Strawberry"},{"floor":8.0,"key":"Matryoshka"},{"floor":9.0,"key":"Meat on the Bone"},{"floor":9.0,"key":"Shuriken"},{"floor":23.0,"key":"Omamori"},{"floor":26.0,"key":"Boot"},{"floor":26.0,"key":"Paper Crane"},{"floor":29.0,"key":"Vajra"},{"floor":31,"key":"Red Mask"},{"floor":36,"key":"Nunchaku"},{"floor":40,"key":"Whetstone"},{"floor":43,"key":"Happy Flower"}],"event_choices":[{"damage_healed":0.0,"max_hp_gain":5.0,"max_hp_loss":0.0,"gold_gain":0.0,"event_name":"Big Fish","player_choice":"Donut","floor":3.0,"gold_loss":0.0,"damage_taken":0.0},{"cards_removed":["Defend_G"],"damage_healed":0.0,"max_hp_gain":0.0,"max_hp_loss":0.0,"gold_gain":0.0,"event_name":"The Cleric","player_choice":"Card Removal","floor":4.0,"gold_loss":50.0,"damage_taken":0.0},{"damage_healed":0.0,"max_hp_gain":0.0,"max_hp_loss":0.0,"gold_gain":0.0,"event_name":"Living Wall","player_choice":"Grow","floor":5.0,"gold_loss":0.0,"damage_taken":0.0,"cards_upgraded":["Neutralize"]},{"cards_removed":["Defend_G"],"damage_healed":0.0,"max_hp_gain":0.0,"max_hp_loss":0.0,"gold_gain":0.0,"event_name":"Purifier","player_choice":"Purged","floor":7.0,"gold_loss":0.0,"damage_taken":0.0},{"damage_healed":0.0,"max_hp_gain":0.0,"max_hp_loss":0.0,"gold_gain":0.0,"event_name":"Colosseum","player_choice":"Fight","floor":19.0,"gold_loss":0.0,"damage_taken":0.0},{"damage_healed":0.0,"max_hp_gain":0.0,"max_hp_loss":0.0,"gold_gain":0.0,"event_name":"Colosseum","player_choice":"Fled From Nobs","floor":19.0,"gold_loss":0.0,"damage_taken":0.0},{"damage_healed":0.0,"max_hp_gain":0.0,"max_hp_loss":0.0,"gold_gain":0.0,"event_name":"Match and Keep!","player_choice":"2 cards matched","floor":21.0,"gold_loss":0.0,"damage_taken":0.0,"cards_obtained":["PiercingWail","PanicButton"]},{"damage_healed":0,"gold_gain":0,"player_choice":"Fought Bandits","damage_taken":0,"max_hp_gain":0,"max_hp_loss":0,"event_name":"Masked Bandits","floor":31,"gold_loss":0},{"damage_healed":0,"gold_gain":0,"player_choice":"Fight","damage_taken":0,"max_hp_gain":0,"max_hp_loss":0,"event_name":"MindBloom","floor":36,"gold_loss":0},{"damage_healed":0,"gold_gain":222,"player_choice":"Wore Mask","damage_taken":0,"max_hp_gain":0,"max_hp_loss":0,"event_name":"Tomb of Lord Red Mask","floor":37,"gold_loss":0},{"cards_removed":["Venomology"],"damage_healed":0,"gold_gain":0,"player_choice":"Purged","damage_taken":0,"max_hp_gain":0,"max_hp_loss":0,"event_name":"Purifier","floor":48,"gold_loss":0}],"is_beta":false,"boss_relics":[{"not_picked":["Coffee Dripper","Eternal Feather"],"picked":"Astrolabe"},{"not_picked":["Tiny House","Runic Pyramid"],"picked":"Fusion Hammer"}],"items_purged_floors":[22,39,46],"is_endless":false,"potions_floor_spawned":[6,11,14,19,23,27,30,41,42,44,45],"ascension_level":3}