{"gold_per_floor":[116,134,151,151,48,83,83,113,113,113,78,54,73,85,85,184,184,124,137,149,149],"floor_reached":21,"playtime":1553,"items_purged":[],"score":284,"play_id":"12e05470-deaf-4c51-b3fc-583899d4c813","local_time":"20190326123054","is_ascension_mode":true,"campfire_choices":[{"data":"Infinite Blades","floor":7,"key":"SMITH"},{"floor":10,"key":"REST"},{"floor":15,"key":"REST"}],"neow_cost":"TEN_PERCENT_HP_LOSS","seed_source_timestamp":910215228552128,"circlet_count":0,"master_deck":["AscendersBane","Defend_G","Defend_G","Defend_G","Defend_G","Defend_G","Strike_G","Strike_G","Strike_G","Strike_G","Strike_G","Survivor","Neutralize+1","Infinite Blades+1","Backflip","PiercingWail","Backflip","Caltrops","Deadly Poison","Wraith Form v2","Backflip","Deflect","Calculated Gamble","PiercingWail","Endless Agony","Blur","Crippling Poison+1","Infinite Blades+1","Dodge and Roll","Endless Agony"],"relics":["Ring of the Snake","Tough Bandages","WingedGreaves","The Specimen","Prayer Wheel","Orrery"],"potions_floor_usage":[8,16],"damage_taken":[{"damage":0,"enemies":"2 Louse","floor":1,"turns":6},{"damage":9,"enemies":"Jaw Worm","floor":2,"turns":5},{"damage":0,"enemies":"Cultist","floor":3,"turns":4},{"damage":34,"enemies":"Gremlin Nob","floor":6,"turns":6},{"damage":33,"enemies":"Lagavulin","floor":8,"turns":9},{"damage":29,"enemies":"Exordium Thugs","floor":13,"turns":7},{"damage":2,"enemies":"2 Fungi Beasts","floor":14,"turns":6},{"damage":15,"enemies":"The Guardian","floor":16,"turns":16},{"damage":12,"enemies":"2 Thieves","floor":18,"turns":4},{"damage":1,"enemies":"3 Byrds","floor":19,"turns":5},{"damage":16,"enemies":"Centurion and Healer","floor":20,"turns":9},{"damage":24,"enemies":"Sentry and Sphere","floor":21,"turns":3}],"seed_played":"-7707231122681838574","potions_obtained":[{"floor":2,"key":"Fire Potion"},{"floor":8,"key":"Swift Potion"},{"floor":13,"key":"Fire Potion"},{"floor":16,"key":"GamblersBrew"}],"is_trial":false,"path_per_floor":["?","?"],"character_chosen":"THE_SILENT","items_purchased":["FairyPotion","PiercingWail"],"campfire_rested":2,"item_purchase_floors":[5,12],"current_hp_per_floor":[63,54,54,54,54,20,20,6,6,24,39,39,10,8,26,11,50,38,37,21,0],"gold":149,"neow_bonus":"ONE_RARE_RELIC","is_prod":false,"is_daily":false,"chose_seed":false,"campfire_upgraded":1,"win_rate":0,"timestamp":1553617854,"path_taken":["M","M","M","?","$","E","R","E","T","R","?","$","M","M","R","BOSS","M","M","M","M"],"build_version":"2019-01-23","purchased_purges":0,"victory":false,"max_hp_per_floor":[63,63,63,63,63,63,63,63,63,63,63,63,63,63,63,63,63,63,63,63,63],"card_choices":[{"not_picked":["Deadly Poison","Backflip"],"picked":"Infinite Blades","floor":1},{"not_picked":["Flying Knee","Acrobatics","Bane"],"picked":"SKIP","floor":2},{"not_picked":["Sucker Punch","Tools of the Trade","Slice"],"picked":"SKIP","floor":3},{"not_picked":["Dodge and Roll","Underhanded Strike"],"picked":"Backflip","floor":6},{"not_picked":["Flying Knee","Acrobatics","All Out Attack"],"picked":"SKIP","floor":8},{"not_picked":["Quick Slash","Bane"],"picked":"Backflip","floor":13},{"not_picked":["Masterful Stab","PiercingWail"],"picked":"Caltrops","floor":13},{"not_picked":["Distraction","Blade Dance"],"picked":"Deadly Poison","floor":14},{"not_picked":["Underhanded Strike","Bane","Slice"],"picked":"SKIP","floor":14},{"not_picked":["Glass Knife","Die Die Die"],"picked":"Wraith Form v2","floor":16},{"not_picked":["Distraction","Endless Agony"],"picked":"Backflip","floor":17},{"not_picked":["Flechettes","Sucker Punch"],"picked":"Deflect","floor":17},{"not_picked":["Backflip","Masterful Stab"],"picked":"Calculated Gamble","floor":17},{"not_picked":["Expertise","Quick Slash"],"picked":"PiercingWail","floor":17},{"not_picked":["Backstab","Flying Knee"],"picked":"Endless Agony","floor":18},{"not_picked":["Outmaneuver+1","Venomology"],"picked":"Blur","floor":18},{"not_picked":["Blade Dance","Cloak And Dagger"],"picked":"Crippling Poison+1","floor":19},{"not_picked":["Dagger Spray","Acrobatics"],"picked":"Infinite Blades+1","floor":19},{"not_picked":["Quick Slash","Flying Knee"],"picked":"Dodge and Roll","floor":20},{"not_picked":["Outmaneuver+1","Backflip+1"],"picked":"Endless Agony","floor":20}],"player_experience":1031770,"relics_obtained":[{"floor":6,"key":"WingedGreaves"},{"floor":8,"key":"The Specimen"},{"floor":9,"key":"Prayer Wheel"}],"event_choices":[{"damage_healed":0,"gold_gain":0,"player_choice":"Grow","damage_taken":0,"max_hp_gain":0,"max_hp_loss":0,"event_name":"Living Wall","floor":4,"gold_loss":0,"cards_upgraded":["Neutralize"]},{"damage_healed":15,"gold_gain":0,"player_choice":"Healed","damage_taken":0,"max_hp_gain":0,"max_hp_loss":0,"event_name":"The Cleric","floor":11,"gold_loss":35}],"is_beta":false,"boss_relics":[{"not_picked":["Runic Dome","Sozu"],"picked":"Orrery"}],"items_purged_floors":[],"is_endless":false,"potions_floor_spawned":[2,8,13,16],"killed_by":"Sentry and Sphere","ascension_level":10}