{"gold_per_floor":[114,114,125,400,413,445,445,445,445,463,463,463,482,496,496,601,601,619,694,712,345,260,260,164,164,164,38,52,86,86,86,86,184,184,195,169,169,182,209,209,163,163,163,62,162,174,185,199,199,199,199,199,11,44,44],"floor_reached":55,"playtime":2860,"items_purged":["Regret"],"score":815,"play_id":"13d51c15-26a6-44f2-878c-0e186e8aa238","local_time":"20181117000305","is_ascension_mode":false,"campfire_choices":[{"floor":7.0,"key":"REST"},{"data":"Coolheaded","floor":12.0,"key":"SMITH"},{"floor":15.0,"key":"REST"},{"data":"Reboot","floor":23.0,"key":"SMITH"},{"data":"Loop","floor":25.0,"key":"SMITH"},{"floor":32.0,"key":"REST"},{"floor":40.0,"key":"RECALL"},{"floor":49.0,"key":"REST"},{"floor":52.0,"key":"REST"}],"neow_cost":"NONE","seed_source_timestamp":138740981772210,"circlet_count":0,"master_deck":["Strike_B","Strike_B","Strike_B","Strike_B","Defend_B","Defend_B","Defend_B","Defend_B","Zap","Dualcast","Coolheaded+1","Reboot+1","Cold Snap","Cold Snap","Redo+1","Redo","Cold Snap","Cold Snap","Echo Form","Loop+1","Coolheaded","Loop","Chill","Echo Form","Defragment","Cold Snap","Amplify","Reboot","Hologram+1","Coolheaded","White Noise","Capacitor+1","Glacier","Mind Blast","Apotheosis","Loop+1","BootSequence+1","Sweeping Beam+1","Coolheaded","Loop","Loop","Creative AI"],"special_seed":0,"relics":["Cracked Core","Dream Catcher","Question Card","Sundial","Anchor","Philosopher\u0027s Stone","Shuriken","Membership Card","Strawberry","Oddly Smooth Stone","Runic Capacitor","Thread and Needle","DataDisk","Letter Opener","Orrery","Bag of Marbles","PreservedInsect","Tiny Chest","Matryoshka","DollysMirror","Ice Cream","Bottled Tornado","Ancient Tea Set"],"potions_floor_usage":[54,55,55],"damage_taken":[{"damage":1.0,"enemies":"Cultist","floor":1.0,"turns":3.0},{"damage":6.0,"enemies":"Jaw Worm","floor":3.0,"turns":3.0},{"damage":9.0,"enemies":"Small Slimes","floor":5.0,"turns":3.0},{"damage":30.0,"enemies":"Lagavulin","floor":6.0,"turns":6.0},{"damage":0.0,"enemies":"Gremlin Gang","floor":8.0,"turns":1.0},{"damage":8.0,"enemies":"Red Slaver","floor":10.0,"turns":5.0},{"damage":15.0,"enemies":"2 Fungi Beasts","floor":13.0,"turns":3.0},{"damage":4.0,"enemies":"Exordium Wildlife","floor":14.0,"turns":7.0},{"damage":58.0,"enemies":"The Guardian","floor":16.0,"turns":21.0},{"damage":6.0,"enemies":"Shell Parasite","floor":18.0,"turns":7.0},{"damage":6.0,"enemies":"Spheric Guardian","floor":20.0,"turns":4.0},{"damage":8.0,"enemies":"Snake Plant","floor":28.0,"turns":8.0},{"damage":27.0,"enemies":"Gremlin Leader","floor":29.0,"turns":11.0},{"damage":19.0,"enemies":"Collector","floor":33.0,"turns":12.0},{"damage":22.0,"enemies":"3 Darklings","floor":35.0,"turns":8.0},{"damage":0.0,"enemies":"Orb Walker","floor":38.0,"turns":4.0},{"damage":4.0,"enemies":"Mind Bloom Boss Battle","floor":45.0,"turns":8.0},{"damage":0.0,"enemies":"Transient","floor":46.0,"turns":5.0},{"damage":16.0,"enemies":"Writhing Mass","floor":47.0,"turns":7.0},{"damage":14.0,"enemies":"3 Darklings","floor":48.0,"turns":4.0},{"damage":29.0,"enemies":"Awakened One","floor":50.0,"turns":18.0},{"damage":24,"enemies":"Shield and Spear","floor":54,"turns":10},{"damage":81,"enemies":"The Heart","floor":55,"turns":15}],"seed_played":"-4196641945426028147","potions_obtained":[{"floor":1.0,"key":"Regen Potion"},{"floor":3.0,"key":"SkillPotion"},{"floor":5.0,"key":"FearPotion"},{"floor":6.0,"key":"SmokeBomb"},{"floor":13.0,"key":"FearPotion"},{"floor":14.0,"key":"SmokeBomb"},{"floor":18.0,"key":"EssenceOfSteel"},{"floor":28.0,"key":"Swift Potion"},{"floor":38.0,"key":"Fire Potion"},{"floor":54,"key":"PowerPotion"}],"is_trial":false,"path_per_floor":["M","T","M","?","M","E","R","M","T","M","?","R","M","M","R","B",null,"M","T","M","$","?","R","$","R","T","$","M","E","?","T","R","B",null,"M","$","?","M","T","R","$","?","T","$","?","M","M","M","R","B",null,"R","$","E","B"],"character_chosen":"DEFECT","items_purchased":["Membership Card","Loop","Chill","Strawberry","Runic Capacitor","Echo Form","Fruit Juice","Strength Potion","Tiny Chest","DollysMirror","Bottled Tornado","Energy Potion","Loop"],"campfire_rested":5,"item_purchase_floors":[21,21,21,21,24,27,27,36,41,44,53,53,53],"current_hp_per_floor":[74,74,68,68,59,29,51,51,51,43,43,43,28,24,46,3,75,69,69,63,70,70,70,70,70,70,70,67,40,40,40,66,47,87,65,65,65,65,65,65,65,55,55,55,51,51,35,21,47,18,87,87,87,63,0],"gold":44,"neow_bonus":"RANDOM_COMMON_RELIC","is_prod":false,"is_daily":false,"chose_seed":false,"campfire_upgraded":3,"win_rate":0,"timestamp":1542430985,"path_taken":["M","?","M","?","M","E","R","M","T","?","?","R","?","M","R","BOSS","M","?","M","$","?","R","?","R","T","$","?","E","?","?","R","BOSS","M","?","?","?","?","R","$","?","T","$","?","M","M","M","R","BOSS","R","$","E","BOSS"],"build_version":"2018-11-15","purchased_purges":1,"victory":false,"max_hp_per_floor":[75,75,75,75,75,75,75,75,75,75,75,75,75,75,75,75,75,75,75,75,82,82,82,82,82,82,82,87,87,87,87,87,87,87,87,87,87,87,87,87,87,87,87,87,87,87,87,87,87,87,87,87,87,87,87],"card_choices":[{"not_picked":["Force Field","Barrage","Compile Driver"],"picked":"SKIP","floor":1.0},{"not_picked":["Recycle","Stack","Turbo"],"picked":"Coolheaded","floor":3.0},{"not_picked":["Undo","Chill","Hello World"],"picked":"Reboot","floor":5.0},{"not_picked":["Undo","Conserve Battery","Leap"],"picked":"Cold Snap","floor":6.0},{"not_picked":["Go for the Eyes","Defragment","Compile Driver"],"picked":"Cold Snap","floor":7.0},{"not_picked":["Ball Lightning","Hello World","Beam Cell"],"picked":"Redo","floor":10.0},{"not_picked":["Gash","Sunder","Loop"],"picked":"Redo","floor":13.0},{"not_picked":["Ball Lightning","Reprogram","Fission"],"picked":"Cold Snap","floor":14.0},{"not_picked":["Turbo","FTL","Beam Cell"],"picked":"Cold Snap","floor":15.0},{"not_picked":["Meteor Strike","Amplify","Creative AI"],"picked":"Echo Form","floor":16.0},{"not_picked":["Cold Snap","Barrage","Leap+1"],"picked":"Loop","floor":18.0},{"not_picked":["Conserve Battery+1","Ball Lightning","Hello World"],"picked":"Coolheaded","floor":20.0},{"not_picked":["FTL","Streamline+1","Hologram"],"picked":"Defragment","floor":28.0},{"not_picked":["Streamline","Turbo+1","Redo+1"],"picked":"Cold Snap","floor":29.0},{"not_picked":["Genetic Algorithm+1","Turbo+1","Leap"],"picked":"Amplify","floor":32.0},{"not_picked":["Biased Cognition","Thunder Strike","Rainbow"],"picked":"Reboot","floor":33.0},{"not_picked":["Gash","FTL","Go for the Eyes"],"picked":"Hologram+1","floor":34.0},{"not_picked":["Conserve Battery","Turbo","Aggregate"],"picked":"Coolheaded","floor":34.0},{"not_picked":["Undo","Hologram","Reinforced Body"],"picked":"White Noise","floor":34.0},{"not_picked":["Streamline+1","Stack","Meteor Strike"],"picked":"Capacitor+1","floor":35.0},{"not_picked":["Turbo","Coolheaded+1","Rip and Tear"],"picked":"Glacier","floor":38.0},{"not_picked":["Chrysalis","Dramatic Entrance","Forethought"],"picked":"Mind Blast","floor":42.0},{"not_picked":["Swift Strike","Enlightenment","Transmutation"],"picked":"Apotheosis","floor":42.0},{"not_picked":["Steam","Hologram","Conserve Battery"],"picked":"BootSequence+1","floor":45.0},{"not_picked":["Compile Driver+1","Biased Cognition","Static Discharge","Go for the Eyes"],"picked":"SKIP","floor":46.0},{"not_picked":["Steam","Doom and Gloom+1","Rip and Tear"],"picked":"Sweeping Beam+1","floor":47.0},{"not_picked":["Leap","Streamline+1","Go for the Eyes+1","Beam Cell"],"picked":"SKIP","floor":48.0},{"not_picked":["Streamline+1","Ball Lightning","Conserve Battery"],"picked":"Coolheaded","floor":49.0},{"not_picked":["BootSequence","Cold Snap+1","Turbo"],"picked":"Loop","floor":52.0},{"not_picked":["Sweeping Beam+1","Coolheaded","Heatsinks+1"],"picked":"Creative AI","floor":54}],"player_experience":459990,"relics_obtained":[{"floor":2.0,"key":"Question Card"},{"floor":6.0,"key":"Sundial"},{"floor":9.0,"key":"Anchor"},{"floor":19.0,"key":"Shuriken"},{"floor":26.0,"key":"Thread and Needle"},{"floor":29.0,"key":"DataDisk"},{"floor":39.0,"key":"PreservedInsect"},{"floor":43.0,"key":"Matryoshka"},{"floor":45.0,"key":"Ice Cream"},{"floor":54,"key":"Ancient Tea Set"}],"event_choices":[{"damage_healed":0.0,"max_hp_gain":0.0,"max_hp_loss":0.0,"gold_gain":275.0,"event_name":"Golden Shrine","player_choice":"Desecrate","floor":4.0,"gold_loss":0.0,"damage_taken":0.0,"cards_obtained":["Regret"]},{"damage_healed":0.0,"max_hp_gain":0.0,"max_hp_loss":0.0,"gold_gain":0.0,"event_name":"Accursed Blacksmith","player_choice":"Forge","floor":11.0,"gold_loss":0.0,"damage_taken":0.0,"cards_upgraded":["Redo"]},{"damage_healed":0.0,"max_hp_gain":0.0,"max_hp_loss":0.0,"gold_gain":0.0,"event_name":"Addict","player_choice":"Obtained Relic","floor":22.0,"gold_loss":85.0,"damage_taken":0.0,"relics_obtained":["Oddly Smooth Stone"]},{"damage_healed":0.0,"max_hp_gain":0.0,"max_hp_loss":0.0,"gold_gain":0.0,"event_name":"The Mausoleum","player_choice":"Opened","floor":30.0,"gold_loss":0.0,"damage_taken":0.0,"relics_obtained":["Letter Opener"]},{"damage_healed":0.0,"max_hp_gain":0.0,"max_hp_loss":0.0,"gold_gain":0.0,"event_name":"WeMeetAgain","player_choice":"Gave Potion","floor":37.0,"gold_loss":0.0,"damage_taken":0.0,"relics_obtained":["Bag of Marbles"]},{"damage_healed":0.0,"max_hp_gain":0.0,"max_hp_loss":0.0,"gold_gain":0.0,"event_name":"SensoryStone","player_choice":"Memory 3","floor":42.0,"gold_loss":0.0,"damage_taken":10.0},{"damage_healed":0.0,"max_hp_gain":0.0,"max_hp_loss":0.0,"gold_gain":0.0,"event_name":"MindBloom","player_choice":"Fight","floor":45.0,"gold_loss":0.0,"damage_taken":0.0}],"is_beta":true,"boss_relics":[{"not_picked":["Eternal Feather","Black Star"],"picked":"Philosopher\u0027s Stone"},{"not_picked":["Empty Cage","Velvet Choker"],"picked":"Orrery"}],"items_purged_floors":[21],"is_endless":false,"potions_floor_spawned":[1,3,5,6,13,14,18,28,38,45,54],"killed_by":"The Heart","ascension_level":0}