{"gold_per_floor":[109,109,284,359,375,375,390,390,467,484,76,103,103,132,132,230,230,240,240,28,44,55,55,118,118,118,25,25,59,7,34,34,134,134,150,164,164,181,194,194,242,267,291,322,341,359,388,401,401,401],"floor_reached":50,"playtime":2803,"items_purged":[],"score":755,"play_id":"670073d5-db03-4dbf-82c1-545c7b1879a3","local_time":"20181006001009","is_ascension_mode":true,"campfire_choices":[{"data":"Cloak And Dagger","floor":6,"key":"SMITH"},{"data":"Neutralize","floor":8,"key":"SMITH"},{"data":"Survivor","floor":13,"key":"SMITH"},{"data":"Bullet Time","floor":15,"key":"SMITH"},{"floor":23,"key":"REST"},{"floor":25,"key":"REST"},{"floor":32,"key":"REST"},{"data":"Blade Dance","floor":40,"key":"SMITH"},{"floor":49,"key":"REST"}],"neow_cost":"TEN_PERCENT_HP_LOSS","seed_source_timestamp":0,"circlet_count":0,"master_deck":["Defend_G","Defend_G","Defend_G","Strike_G","Strike_G","Strike_G","Strike_G","Survivor+1","Neutralize+1","Bullet Time+1","Deflect","Blade Dance+1","Cloak And Dagger+1","Blur","Bouncing Flask+1","Metamorphosis+1","Acrobatics+1","Malaise+1","Glass Knife","Blade Dance+1","Metamorphosis+1","Acrobatics+1","Escape Plan+1","Prepared+1","Jack Of All Trades+1","Slice","Prepared+1","Die Die Die","Calculated Gamble+1","Backflip+1","Calculated Gamble+1","Slice+1","Prepared+1","Cloak And Dagger+1","Acrobatics+1","Outmaneuver+1","Cloak And Dagger+1","Prepared+1","Leg Sweep+1"],"special_seed":0,"relics":["Ring of the Snake","Toxic Egg 2","Sling","Bag of Marbles","Sundial","WristBlade","Tiny Chest","Blood Vial","Centennial Puzzle","Omamori","Black Star","Nunchaku","Orichalcum","Anchor","Meat on the Bone","Blue Candle","Matryoshka","Darkstone Periapt"],"potions_floor_usage":[14,22,24,31,31,31,50,50,50],"damage_taken":[{"damage":0,"enemies":"Jaw Worm","floor":1,"turns":5},{"damage":0,"enemies":"2 Louse","floor":5,"turns":3},{"damage":0,"enemies":"Small Slimes","floor":7,"turns":2},{"damage":0,"enemies":"2 Fungi Beasts","floor":10,"turns":5},{"damage":0,"enemies":"Lagavulin","floor":12,"turns":5},{"damage":7,"enemies":"3 Sentries","floor":14,"turns":4},{"damage":5,"enemies":"Hexaghost","floor":16,"turns":11},{"damage":12,"enemies":"Shell Parasite","floor":18,"turns":4},{"damage":3,"enemies":"3 Byrds","floor":21,"turns":5},{"damage":27,"enemies":"Snecko","floor":22,"turns":5},{"damage":17,"enemies":"Slavers","floor":24,"turns":6},{"damage":11,"enemies":"Book of Stabbing","floor":29,"turns":4},{"damage":15,"enemies":"Gremlin Leader","floor":31,"turns":3},{"damage":31,"enemies":"Collector","floor":33,"turns":7},{"damage":23,"enemies":"3 Darklings","floor":35,"turns":4},{"damage":3,"enemies":"3 Shapes","floor":36,"turns":6},{"damage":0,"enemies":"3 Darklings","floor":38,"turns":5},{"damage":2,"enemies":"Maw","floor":39,"turns":6},{"damage":37,"enemies":"Mysterious Sphere","floor":41,"turns":8},{"damage":0,"enemies":"Giant Head","floor":44,"turns":5},{"damage":0,"enemies":"4 Shapes","floor":45,"turns":4},{"damage":13,"enemies":"Jaw Worm Horde","floor":46,"turns":3},{"damage":15,"enemies":"2 Orb Walkers","floor":47,"turns":4},{"damage":16,"enemies":"Sphere and 2 Shapes","floor":48,"turns":9},{"damage":47,"enemies":"Time Eater","floor":50,"turns":14}],"seed_played":"-3059360862160900862","potions_obtained":[{"floor":1,"key":"Dexterity Potion"},{"floor":10,"key":"Ancient Potion"},{"floor":12,"key":"SkillPotion"},{"floor":16,"key":"SpeedPotion"},{"floor":18,"key":"EssenceOfSteel"},{"floor":24,"key":"Regen Potion"},{"floor":38,"key":"Strength Potion"},{"floor":44,"key":"Dexterity Potion"},{"floor":45,"key":"Dexterity Potion"}],"is_trial":false,"path_per_floor":["M","?","?","?","M","R","M","R","T","M","$","E","R","E","R","B",null,"M","?","$","M","M","R","E","R","T","$","?","E","$","E","R","B",null,"M","M","?","M","M","R","?","T","T","E","M","M","E","M","R"],"character_chosen":"THE_SILENT","items_purchased":["Sling","Metamorphosis+1","Metamorphosis+1","Jack Of All Trades+1","Poison Potion"],"campfire_rested":4,"item_purchase_floors":[11,11,20,27,30],"current_hp_per_floor":[63,56,56,45,45,45,45,45,45,45,45,45,45,38,38,33,63,51,40,40,37,10,30,13,33,33,33,33,24,24,20,40,11,68,45,44,44,46,46,46,11,11,11,13,27,28,27,25,45,0],"gold":401,"neow_bonus":"TRANSFORM_TWO_CARDS","is_prod":false,"is_daily":false,"chose_seed":false,"campfire_upgraded":5,"win_rate":0,"timestamp":1538799009,"path_taken":["M","?","?","?","M","R","M","R","T","M","$","E","R","E","R","BOSS","M","?","$","M","M","R","E","R","T","$","?","E","$","E","R","BOSS","M","M","?","M","?","R","?","?","T","E","M","?","E","?","R","BOSS"],"build_version":"2018-10-04","purchased_purges":0,"victory":false,"max_hp_per_floor":[63,63,63,63,63,63,63,63,63,63,63,63,63,63,63,63,63,63,68,68,68,68,68,68,68,68,68,68,68,68,68,68,68,68,68,68,68,68,68,68,68,68,68,68,68,68,68,68,68,68],"card_choices":[{"not_picked":["Caltrops","Dagger Throw"],"picked":"Blade Dance","floor":1},{"not_picked":["Outmaneuver","Expertise"],"picked":"Cloak And Dagger","floor":5},{"not_picked":["Dagger Spray","Concentrate"],"picked":"Blur","floor":7},{"not_picked":["Sucker Punch","Expertise+1"],"picked":"Bouncing Flask+1","floor":10},{"not_picked":["Slice","Dodge and Roll+1"],"picked":"Acrobatics+1","floor":12},{"not_picked":["Quick Slash","Concentrate+1"],"picked":"Malaise+1","floor":14},{"not_picked":["A Thousand Cuts","Unload"],"picked":"Glass Knife","floor":16},{"not_picked":["Flying Knee","Riddle With Holes"],"picked":"Blade Dance+1","floor":18},{"not_picked":["PiercingWail+1","Catalyst+1"],"picked":"Acrobatics+1","floor":21},{"not_picked":["Quick Slash","Poisoned Stab"],"picked":"Escape Plan+1","floor":22},{"not_picked":["Bouncing Flask+1","Poisoned Stab"],"picked":"Prepared+1","floor":24},{"not_picked":["Dagger Spray","Sucker Punch+1"],"picked":"Slice","floor":29},{"not_picked":["Deadly Poison+1","Die Die Die"],"picked":"Prepared+1","floor":31},{"not_picked":["A Thousand Cuts","Bullet Time+1"],"picked":"Die Die Die","floor":33},{"not_picked":["Outmaneuver+1","Dodge and Roll+1"],"picked":"Calculated Gamble+1","floor":35},{"not_picked":["Prepared+1","Sucker Punch+1"],"picked":"Backflip+1","floor":36},{"not_picked":["Noxious Fumes+1","Backflip+1"],"picked":"Slice+1","floor":38},{"not_picked":["Backflip+1","Bane+1"],"picked":"Prepared+1","floor":39},{"not_picked":["Dodge and Roll+1","All Out Attack"],"picked":"Cloak And Dagger+1","floor":41},{"not_picked":["Blur+1","Envenom"],"picked":"Acrobatics+1","floor":44},{"not_picked":["Leg Sweep+1","Catalyst+1"],"picked":"Outmaneuver+1","floor":45},{"not_picked":["Quick Slash+1","Deflect+1"],"picked":"Cloak And Dagger+1","floor":46},{"not_picked":["Outmaneuver+1","Infinite Blades+1"],"picked":"Prepared+1","floor":47},{"not_picked":["Deadly Poison+1","Bane+1"],"picked":"Leg Sweep+1","floor":48}],"player_experience":298460,"relics_obtained":[{"floor":9,"key":"Toxic Egg 2"},{"floor":12,"key":"Bag of Marbles"},{"floor":14,"key":"Sundial"},{"floor":24,"key":"Tiny Chest"},{"floor":26,"key":"Blood Vial"},{"floor":29,"key":"Centennial Puzzle"},{"floor":31,"key":"Omamori"},{"floor":41,"key":"Nunchaku"},{"floor":42,"key":"Orichalcum"},{"floor":43,"key":"Anchor"},{"floor":44,"key":"Meat on the Bone"},{"floor":44,"key":"Blue Candle"},{"floor":47,"key":"Matryoshka"},{"floor":47,"key":"Darkstone Periapt"}],"event_choices":[{"event_name":"Golden Wing","player_choice":"Card Removal","floor":2,"damage_taken":0},{"event_name":"Liars Game","player_choice":"agreed","floor":3,"damage_taken":0},{"event_name":"World of Goop","player_choice":"Gather Gold","floor":4,"damage_taken":0},{"event_name":"Forgotten Altar","player_choice":"Shed Blood","floor":19,"damage_taken":0},{"event_name":"Back to Basics","player_choice":"Elegance","floor":28,"damage_taken":0},{"event_name":"Duplicator","player_choice":"One dupe","floor":37,"damage_taken":0},{"event_name":"Mysterious Sphere","player_choice":"Fight","floor":41,"damage_taken":0}],"is_beta":true,"boss_relics":[{"not_picked":["Snecko Eye","Sozu"],"picked":"WristBlade"},{"not_picked":["Velvet Choker","Coffee Dripper"],"picked":"Black Star"}],"items_purged_floors":[],"is_endless":false,"potions_floor_spawned":[1,10,12,16,18,24,38,44,45,46,48],"killed_by":"Time Eater","ascension_level":2}