{"gold_per_floor":[117,132,132,132,146,146,180,180,180,180,180,199,219,244,244,367,367,383,407,432,52,65,65,98,98,121,121],"floor_reached":27,"playtime":1714,"items_purged":[],"score":329,"play_id":"b8b7792f-0d06-450d-9266-d644ecaa7887","local_time":"20190323195155","is_ascension_mode":true,"campfire_choices":[{"data":"Spot Weakness","floor":6,"key":"SMITH"},{"floor":10,"key":"REST"},{"data":"Flame Barrier","floor":15,"key":"SMITH"},{"data":"Limit Break","floor":23,"key":"SMITH"},{"floor":25,"key":"REST"}],"neow_cost":"PERCENT_DAMAGE","seed_source_timestamp":677314742037879,"circlet_count":0,"master_deck":["Strike_R","Strike_R","Strike_R","Defend_R","Defend_R","Defend_R","Defend_R","Metallicize+1","Spot Weakness+1","Dark Embrace","Flame Barrier+1","Pummel","Disarm","Limit Break+1","Pummel","Battle Trance","Feel No Pain+1","Feel No Pain+1","Ghostly Armor"],"relics":["Burning Blood","Torii","Golden Idol","Mummified Hand","Frozen Egg 2","Empty Cage","Potion Belt","Bronze Scales","Boot","Centennial Puzzle"],"potions_floor_usage":[20,24,27,27],"damage_taken":[{"damage":2,"enemies":"Cultist","floor":1,"turns":4},{"damage":0,"enemies":"2 Louse","floor":2,"turns":4},{"damage":1,"enemies":"Jaw Worm","floor":5,"turns":5},{"damage":39,"enemies":"Lagavulin","floor":7,"turns":7},{"damage":22,"enemies":"Exordium Thugs","floor":12,"turns":6},{"damage":8,"enemies":"Looter","floor":13,"turns":3},{"damage":7,"enemies":"Blue Slaver","floor":14,"turns":4},{"damage":19,"enemies":"The Guardian","floor":16,"turns":16},{"damage":8,"enemies":"3 Byrds","floor":18,"turns":6},{"damage":43,"enemies":"Spheric Guardian","floor":19,"turns":14},{"damage":10,"enemies":"Snecko","floor":20,"turns":10},{"damage":1,"enemies":"Cultist and Chosen","floor":22,"turns":7},{"damage":27,"enemies":"Slavers","floor":24,"turns":8},{"damage":47,"enemies":"Gremlin Leader","floor":27,"turns":6}],"seed_played":"4613454295259756780","potions_obtained":[{"floor":1,"key":"SkillPotion"},{"floor":12,"key":"Regen Potion"},{"floor":14,"key":"FearPotion"},{"floor":20,"key":"GamblersBrew"},{"floor":22,"key":"SkillPotion"}],"is_trial":false,"path_per_floor":["?","?","?","?","M"],"character_chosen":"IRONCLAD","items_purchased":["Feel No Pain+1","Potion Belt","Bronze Scales"],"campfire_rested":2,"item_purchase_floors":[21,21,21],"current_hp_per_floor":[55,61,41,41,46,46,13,6,6,30,56,40,38,37,37,24,66,64,27,38,38,43,43,22,46,46,0],"gold":121,"neow_bonus":"ONE_RARE_RELIC","is_prod":false,"is_daily":false,"chose_seed":false,"campfire_upgraded":3,"win_rate":0,"timestamp":1553385115,"path_taken":["M","M","?","?","M","R","E","?","T","R","?","M","M","?","R","BOSS","M","M","M","$","M","R","E","R","T","E"],"build_version":"2019-01-23","purchased_purges":0,"victory":false,"max_hp_per_floor":[80,80,80,80,80,80,80,80,80,80,80,80,80,80,80,80,80,80,80,80,80,80,80,80,80,80,80],"card_choices":[{"not_picked":["Combust","Anger"],"picked":"Metallicize","floor":1},{"not_picked":["Rage","Warcry"],"picked":"Spot Weakness","floor":2},{"not_picked":["Body Slam","Fire Breathing"],"picked":"Dark Embrace","floor":5},{"not_picked":["Headbutt","Evolve"],"picked":"Flame Barrier","floor":7},{"not_picked":["Wild Strike","Armaments"],"picked":"Pummel","floor":12},{"not_picked":["Pommel Strike","Body Slam"],"picked":"Disarm","floor":13},{"not_picked":["Havoc","Uppercut","Cleave"],"picked":"SKIP","floor":14},{"not_picked":["Fiend Fire","Juggernaut+1"],"picked":"Limit Break","floor":16},{"not_picked":["Wild Strike+1","Cleave+1"],"picked":"Pummel","floor":18},{"not_picked":["Cleave","Flex","Uppercut"],"picked":"SKIP","floor":19},{"not_picked":["Clash+1","Sword Boomerang"],"picked":"Battle Trance","floor":20},{"not_picked":["Warcry","Thunderclap"],"picked":"Feel No Pain+1","floor":22},{"not_picked":["Dropkick+1","Clash"],"picked":"Ghostly Armor","floor":24}],"player_experience":949813,"relics_obtained":[{"floor":7,"key":"Mummified Hand"},{"floor":9,"key":"Frozen Egg 2"},{"floor":24,"key":"Boot"},{"floor":26,"key":"Centennial Puzzle"}],"event_choices":[{"damage_healed":0,"gold_gain":0,"player_choice":"Take Damage","damage_taken":20,"relics_obtained":["Golden Idol"],"max_hp_gain":0,"max_hp_loss":0,"event_name":"Golden Idol","floor":3,"gold_loss":0},{"damage_healed":0,"gold_gain":0,"player_choice":"Grow","damage_taken":0,"max_hp_gain":0,"max_hp_loss":0,"event_name":"Living Wall","floor":4,"gold_loss":0,"cards_upgraded":["Metallicize"]},{"cards_removed":["Bash"],"damage_healed":0,"gold_gain":0,"player_choice":"Card Removal","damage_taken":7,"max_hp_gain":0,"max_hp_loss":0,"event_name":"Golden Wing","floor":8,"gold_loss":0},{"damage_healed":26,"gold_gain":0,"player_choice":"Banana","damage_taken":0,"max_hp_gain":0,"max_hp_loss":0,"event_name":"Big Fish","floor":11,"gold_loss":0}],"is_beta":false,"boss_relics":[{"not_picked":["Eternal Feather","Runic Cube"],"picked":"Empty Cage"}],"items_purged_floors":[],"is_endless":false,"potions_floor_spawned":[1,12,14,19,20,22],"killed_by":"Gremlin Leader","ascension_level":8}