{"gold_per_floor":[111,121,196,208,219,219,236,236,236,248,259,259,273,201,201,296,296,316,316,0,0,17,17,37,51,51,51,51,69,69,87,87,191,191,210,1209,1229,967,967],"floor_reached":39,"playtime":1498,"items_purged":["Normality"],"score":452,"play_id":"5986a0e4-cd92-45f0-b659-f8e59c288f88","local_time":"20190402214006","is_ascension_mode":false,"campfire_choices":[{"data":"Leg Sweep","floor":6.0,"key":"SMITH"},{"data":"Blade Dance","floor":12.0,"key":"SMITH"},{"data":"Cloak And Dagger","floor":15.0,"key":"SMITH"},{"data":"Panache","floor":23.0,"key":"SMITH"},{"data":"Cloak And Dagger","floor":27.0,"key":"SMITH"},{"data":"J.A.X.","floor":32.0,"key":"SMITH"}],"neow_cost":"NONE","seed_source_timestamp":1171036077546863,"circlet_count":0,"master_deck":["Defend_G+1","Defend_G+1","Defend_G+1","Defend_G+1","Defend_G+1","Strike_G+1","Strike_G+1","Strike_G+1","Strike_G+1","Strike_G+1","Survivor","Neutralize","Leg Sweep+1","Blade Dance+1","Quick Slash","Accuracy","Caltrops","Blade Dance","PiercingWail","Cloak And Dagger+1","Caltrops","Doppelganger","Cloak And Dagger+1","Dash","Accuracy","Cloak And Dagger+1","Panache+1","Backflip","Endless Agony+1","Blade Dance","Cloak And Dagger","Slice","J.A.X.+1","Dash","After Image","Footwork","Normality","Blur","Blur","Well Laid Plans","Crippling Poison"],"special_seed":0,"relics":["Eternal Feather"],"potions_floor_usage":[39],"damage_taken":[{"damage":0.0,"enemies":"Small Slimes","floor":1.0,"turns":4.0},{"damage":1.0,"enemies":"Cultist","floor":2.0,"turns":6.0},{"damage":3.0,"enemies":"Jaw Worm","floor":4.0,"turns":5.0},{"damage":11.0,"enemies":"Lots of Slimes","floor":5.0,"turns":8.0},{"damage":2.0,"enemies":"Blue Slaver","floor":7.0,"turns":5.0},{"damage":0.0,"enemies":"Looter","floor":10.0,"turns":4.0},{"damage":11.0,"enemies":"Exordium Thugs","floor":11.0,"turns":6.0},{"damage":6.0,"enemies":"3 Louse","floor":13.0,"turns":5.0},{"damage":1.0,"enemies":"Hexaghost","floor":16.0,"turns":9.0},{"damage":5.0,"enemies":"Chosen","floor":18.0,"turns":7.0},{"damage":0.0,"enemies":"Spheric Guardian","floor":22.0,"turns":3.0},{"damage":22.0,"enemies":"Centurion and Healer","floor":24.0,"turns":7.0},{"damage":2.0,"enemies":"Snake Plant","floor":25.0,"turns":5.0},{"damage":12.0,"enemies":"3 Cultists","floor":29.0,"turns":6.0},{"damage":3.0,"enemies":"Centurion and Healer","floor":31.0,"turns":5.0},{"damage":47.0,"enemies":"Champ","floor":33.0,"turns":12.0},{"damage":11.0,"enemies":"Orb Walker","floor":35.0,"turns":4.0},{"damage":13.0,"enemies":"3 Shapes","floor":37.0,"turns":8.0},{"damage":54,"enemies":"Spire Growth","floor":39,"turns":9}],"seed_played":"7284535116894941889","potions_obtained":[{"floor":1.0,"key":"LiquidBronze"},{"floor":2.0,"key":"GhostInAJar"},{"floor":7.0,"key":"Block Potion"},{"floor":16.0,"key":"SpeedPotion"},{"floor":24.0,"key":"LiquidBronze"},{"floor":31.0,"key":"Dexterity Potion"},{"floor":33.0,"key":"EssenceOfSteel"}],"is_trial":false,"path_per_floor":["M","M","?","M","M","R","M","?","T","M","M","R","M","$","R","B",null,"M","?","$","?","M","R","M","M","T","R","?","M","?","M","R","B",null,"M","?","M","$","M"],"character_chosen":"THE_SILENT","items_purchased":["Caltrops","Accuracy","Cloak And Dagger","Panache","Backflip","Blur","Well Laid Plans","Crippling Poison"],"campfire_rested":0,"item_purchase_floors":[14,20,20,20,20,38,38,38],"current_hp_per_floor":[70,69,58,55,44,53,51,51,51,51,40,49,43,43,55,54,70,65,65,65,65,65,70,48,46,46,64,64,52,52,49,67,20,70,59,59,46,46,0],"gold":967,"neow_bonus":"BOSS_RELIC","is_prod":false,"is_daily":false,"chose_seed":false,"campfire_upgraded":6,"win_rate":0,"timestamp":1554262806,"path_taken":["M","M","?","M","M","R","M","?","T","M","?","R","M","$","R","BOSS","M","?","$","?","M","R","?","M","T","R","?","M","?","?","R","BOSS","M","?","M","$","M"],"build_version":"2019-01-23","purchased_purges":1,"victory":false,"max_hp_per_floor":[70,70,70,70,70,70,70,70,70,70,70,70,70,70,70,70,70,70,70,70,70,70,70,70,70,70,70,70,70,70,70,70,70,70,70,70,70,70,70],"card_choices":[{"not_picked":["Dash","PiercingWail"],"picked":"Leg Sweep","floor":1.0},{"not_picked":["Deflect","Accuracy"],"picked":"Blade Dance","floor":2.0},{"not_picked":["Prepared","Predator"],"picked":"Quick Slash","floor":4.0},{"not_picked":["Prepared","Bane"],"picked":"Accuracy","floor":5.0},{"not_picked":["Flying Knee","Predator"],"picked":"Caltrops","floor":7.0},{"not_picked":["Backflip","Acrobatics"],"picked":"Blade Dance","floor":10.0},{"not_picked":["Deflect","Dagger Throw"],"picked":"PiercingWail","floor":11.0},{"not_picked":["Deflect","Slice"],"picked":"Cloak And Dagger","floor":13.0},{"not_picked":["Night Terror","Bullet Time"],"picked":"Doppelganger","floor":16.0},{"not_picked":["Choke","Deflect"],"picked":"Cloak And Dagger","floor":18.0},{"not_picked":["All Out Attack+1","Acrobatics+1"],"picked":"Endless Agony+1","floor":22.0},{"not_picked":["Bane","Dodge and Roll"],"picked":"Blade Dance","floor":24.0},{"not_picked":["All Out Attack","Backflip"],"picked":"Cloak And Dagger","floor":25.0},{"not_picked":["Riddle With Holes","Bane+1"],"picked":"Slice","floor":29.0},{"not_picked":["Dagger Throw","Terror"],"picked":"Dash","floor":31.0},{"not_picked":["Phantasmal Killer","Venomology"],"picked":"After Image","floor":33.0},{"not_picked":["Heel Hook+1","Reflex"],"picked":"Footwork","floor":35.0},{"not_picked":["Prepared","Reflex+1"],"picked":"Blur","floor":37.0}],"player_experience":1743641,"relics_obtained":[],"event_choices":[{"damage_healed":0.0,"max_hp_gain":0.0,"max_hp_loss":0.0,"gold_gain":75.0,"event_name":"World of Goop","player_choice":"Gather Gold","floor":3.0,"gold_loss":0.0,"damage_taken":11.0},{"damage_healed":0.0,"max_hp_gain":0.0,"max_hp_loss":0.0,"gold_gain":0.0,"event_name":"Wheel of Change","player_choice":"Relic","floor":8.0,"gold_loss":0.0,"damage_taken":0.0},{"damage_healed":0.0,"max_hp_gain":0.0,"max_hp_loss":0.0,"gold_gain":0.0,"event_name":"The Library","player_choice":"Read","floor":19.0,"gold_loss":0.0,"damage_taken":0.0,"cards_obtained":["Dash"]},{"damage_healed":0.0,"max_hp_gain":0.0,"max_hp_loss":0.0,"gold_gain":0.0,"event_name":"Upgrade Shrine","player_choice":"Upgraded","floor":21.0,"gold_loss":0.0,"damage_taken":0.0,"cards_upgraded":["Cloak And Dagger"]},{"damage_healed":0.0,"max_hp_gain":0.0,"max_hp_loss":0.0,"gold_gain":0.0,"event_name":"Back to Basics","player_choice":"Simplicity","floor":28.0,"gold_loss":0.0,"damage_taken":0.0,"cards_upgraded":["Defend_G","Defend_G","Defend_G","Defend_G","Defend_G","Strike_G","Strike_G","Strike_G","Strike_G","Strike_G"]},{"damage_healed":0.0,"max_hp_gain":0.0,"max_hp_loss":0.0,"gold_gain":0.0,"event_name":"Drug Dealer","player_choice":"Obtain J.A.X.","floor":30.0,"gold_loss":0.0,"damage_taken":0.0,"cards_obtained":["J.A.X."]},{"damage_healed":0.0,"max_hp_gain":0.0,"max_hp_loss":0.0,"gold_gain":999.0,"event_name":"MindBloom","player_choice":"Gold","floor":36.0,"gold_loss":0.0,"damage_taken":0.0,"cards_obtained":["Normality","Normality"]}],"is_beta":false,"boss_relics":[{"not_picked":["Snecko Eye","Runic Dome","Astrolabe"]},{"not_picked":["HoveringKite","Black Star","WristBlade"]}],"items_purged_floors":[38],"is_endless":false,"potions_floor_spawned":[1,2,7,16,24,31,33],"killed_by":"Spire Growth","ascension_level":0}