{"path_per_floor":["M","M","M","M","?","E","?","?","T","E","R","E","R","M","R","B",null,"M","?","M","?","$","R","E","R","T","E","M","M","?","E","R","B",null,"M","?","M","$","M","E","M","E","T","E","R","?","E","?","R","B"],"character_chosen":"THE_SILENT","items_purchased":["Panacea","Apotheosis","Tiny Chest","Accuracy"],"gold_per_floor":[114,129,144,159,159,189,189,264,264,294,294,324,324,339,339,439,439,454,454,469,469,41,41,71,71,71,101,116,131,31,61,61,161,161,176,176,191,46,61,91,106,136,136,166,166,166,496,0,0,0],"floor_reached":51,"campfire_rested":1,"playtime":2963,"current_hp_per_floor":[69,69,68,66,66,49,35,24,30,36,58,52,52,52,52,67,82,82,82,78,41,41,41,41,41,47,47,47,47,47,41,47,53,71,71,71,66,66,69,71,69,83,89,88,89,81,71,71,89,86],"items_purged":["Regret"],"gold":0,"score":1368,"play_id":"e38237c9-c0f4-48e8-93a4-c0899b85145d","local_time":"20180325033939","daily_mods":["Heirloom","Cursed Run","Elite Swarm"],"is_prod":false,"is_daily":true,"is_ascension_mode":false,"campfire_upgraded":6,"timestamp":1521963579,"path_taken":["M","M","M","M","?","E","?","?","T","E","R","E","R","M","R","BOSS","M","?","M","?","$","R","E","R","T","E","M","?","?","E","R","BOSS","M","?","M","$","M","E","M","E","T","E","R","?","E","?","R","BOSS"],"build_version":"2018-03-23","purchased_purges":1,"victory":true,"master_deck":["Defend_G","Defend_G","Defend_G","Defend_G","Defend_G+1","Strike_G","Strike_G","Strike_G","Strike_G","Survivor+1","Neutralize","Eviscerate","Dagger Throw","Endless Agony","Adrenaline+1","Regret","Die Die Die","After Image+1","Injury","Storm of Steel","Accuracy","Accuracy","PiercingWail+1","Ghostly","Ghostly","Ghostly","Ghostly","Ghostly","Panacea","Apotheosis+1","Storm of Steel","Regret","Glass Knife","Dagger Throw+1","J.A.X.","After Image+1","After Image+1","Clumsy","Injury","Parasite","Underhanded Strike+1","PiercingWail+1","Accuracy","PiercingWail+1","Glass Knife","Adrenaline+1","Pain","After Image+1","Die Die Die","Decay"],"max_hp_per_floor":[70,70,70,70,70,70,70,70,76,76,76,76,76,76,76,82,82,82,82,82,41,41,41,41,41,47,47,47,47,47,47,47,53,71,71,71,71,71,71,71,73,83,89,89,89,89,89,89,89,95],"relics":["Cursed Key","Darkstone Periapt","Du-Vu Doll","Girya","Dead Branch","Bronze Scales","Shovel","Orichalcum","Eternal Feather","Tiny Chest","Vajra","Bird Faced Urn","Dodecahedron","Oddly Smooth Stone","Calling Bell","Singing Bowl","Toxic Egg 2","Ancient Tea Set","Bag of Preparation","Pear","Ginger","Dream Catcher","Old Coin","Red Mask"],"card_choices":[{"not_picked":["Blur","Deflect"],"picked":"Eviscerate","floor":1},{"not_picked":["Poisoned Stab","Malaise"],"picked":"Dagger Throw","floor":2},{"not_picked":["Choke","Wraith Form"],"picked":"Dodge and Roll","floor":3},{"not_picked":["Predator","Prepared"],"picked":"Endless Agony","floor":4},{"not_picked":["Venomology","Bullet Time"],"picked":"Adrenaline","floor":6},{"not_picked":["Corpse Explosion","Phantasmal Killer"],"picked":"Die Die Die","floor":10},{"not_picked":["Night Terror","Adrenaline"],"picked":"After Image","floor":12},{"not_picked":["Die Die Die","Bullet Time"],"picked":"Storm of Steel","floor":16},{"not_picked":["Skewer","Bane"],"picked":"Accuracy","floor":18},{"not_picked":["Footwork","Caltrops"],"picked":"PiercingWail","floor":20},{"not_picked":["Glass Knife","Doppelganger"],"picked":"Storm of Steel","floor":24},{"not_picked":["Bullet Time","Doppelganger"],"picked":"Glass Knife","floor":27},{"not_picked":["Crippling Poison","Slice"],"picked":"Dagger Throw","floor":29},{"not_picked":["Doppelganger","Tactician"],"picked":"After Image","floor":31},{"not_picked":["Tools of the Trade","Burst"],"picked":"After Image","floor":33},{"not_picked":["Bane","Dash"],"picked":"Underhanded Strike","floor":35},{"not_picked":["Heel Hook","Choke"],"picked":"PiercingWail","floor":37},{"not_picked":["Eviscerate","Slice"],"picked":"PiercingWail","floor":39},{"not_picked":["Burst","Envenom"],"picked":"Glass Knife","floor":40},{"not_picked":["A Thousand Cuts","Corpse Explosion"],"picked":"Adrenaline","floor":42},{"not_picked":["Phantasmal Killer","Envenom"],"picked":"After Image","floor":44},{"not_picked":["Venomology","Doppelganger"],"picked":"Die Die Die","floor":47}],"player_experience":82275,"potions_floor_usage":[10,10,16,18,24,28,33,39,39,42,44,44],"damage_taken":[{"damage":1,"enemies":"Jaw Worm","floor":1,"turns":4},{"damage":0,"enemies":"Cultist","floor":2,"turns":3},{"damage":1,"enemies":"2 Louse","floor":3,"turns":3},{"damage":2,"enemies":"Blue Slaver","floor":4,"turns":5},{"damage":17,"enemies":"3 Sentries","floor":6,"turns":11},{"damage":0,"enemies":"Gremlin Nob","floor":10,"turns":3},{"damage":6,"enemies":"3 Sentries","floor":12,"turns":3},{"damage":0,"enemies":"3 Louse","floor":14,"turns":1},{"damage":0,"enemies":"Slime Boss","floor":16,"turns":5},{"damage":0,"enemies":"Spheric Guardian","floor":18,"turns":2},{"damage":4,"enemies":"3 Byrds","floor":20,"turns":2},{"damage":0,"enemies":"Book of Stabbing","floor":24,"turns":5},{"damage":0,"enemies":"Slavers","floor":27,"turns":3},{"damage":4,"enemies":"Snake Plant","floor":28,"turns":3},{"damage":0,"enemies":"Cultist and Chosen","floor":29,"turns":4},{"damage":6,"enemies":"Gremlin Leader","floor":31,"turns":3},{"damage":0,"enemies":"Collector","floor":33,"turns":6},{"damage":0,"enemies":"Orb Walker","floor":35,"turns":2},{"damage":7,"enemies":"Flame Bruiser 1 Orb","floor":37,"turns":3},{"damage":5,"enemies":"4 Shapes","floor":39,"turns":2},{"damage":0,"enemies":"Nemesis","floor":40,"turns":7},{"damage":4,"enemies":"Spire Growth","floor":41,"turns":5},{"damage":1,"enemies":"2 Orb Walkers","floor":42,"turns":4},{"damage":1,"enemies":"Nemesis","floor":44,"turns":5},{"damage":24,"enemies":"2 Orb Walkers","floor":47,"turns":4},{"damage":11,"enemies":"Donu and Deca","floor":50,"turns":5}],"event_choices":[{"event_name":"Purifier","player_choice":"One Purge","floor":5,"damage_taken":0},{"event_name":"Shining Light","player_choice":"Entered Light","floor":7,"damage_taken":0},{"event_name":"World of Goop","player_choice":"Gather Gold","floor":8,"damage_taken":0},{"event_name":"The Library","player_choice":"Read","floor":19,"damage_taken":0},{"event_name":"Ghosts","player_choice":"Became a Ghost","floor":21,"damage_taken":0},{"event_name":"Drug Dealer","player_choice":"Got JAXXED","floor":30,"damage_taken":0},{"event_name":"Wheel of Change","player_choice":"Damage","floor":46,"damage_taken":0},{"event_name":"Tomb of Lord Red Mask","player_choice":"Paid","floor":48,"damage_taken":0}],"boss_relics":[{"not_picked":["White Beast Statue","Lizard Tail"],"picked":"Eternal Feather"},{"not_picked":["Pandora\u0027s Box","Runic Dome"],"picked":"Calling Bell"}],"potions_floor_spawned":[1,4,10,12,16,20,27,29,31,33,40,42,44,47],"seed_played":"-458385073084776932","ascension_level":0,"is_trial":false}