{"gold_per_floor":[115,126,141,66,78,78,109,172,209,237,249,261,292,338,350,436,448,470,150,160,178,192,192,208,236,289,289,289,289,321,339,339,339],"floor_reached":33,"playtime":1461,"items_purged":["Parasite"],"score":583,"play_id":"2b2513f9-8102-457f-badb-678d989668a9","local_time":"20190401211950","is_ascension_mode":true,"campfire_choices":[{"data":"Bludgeon","floor":6.0,"key":"SMITH"},{"data":"True Grit","floor":11.0,"key":"SMITH"},{"data":"Bash","floor":15.0,"key":"SMITH"},{"data":"Offering","floor":23.0,"key":"SMITH"},{"floor":27.0,"key":"REST"},{"data":"Inflame","floor":29.0,"key":"SMITH"},{"floor":32.0,"key":"REST"}],"neow_cost":"CURSE","seed_source_timestamp":0,"circlet_count":0,"master_deck":["AscendersBane","Strike_R","Strike_R","Strike_R","Defend_R","Defend_R","Defend_R","Defend_R","Bash+1","Bludgeon+1","Ghostly Armor","Shrug It Off","Clothesline","True Grit+1","Burning Pact","Offering+1","Evolve","Inflame+1","Offering+1","Shockwave+1"],"special_seed":0,"relics":["Burning Blood","PreservedInsect","MawBank","Blood Vial","Ancient Tea Set","Empty Cage","Pocketwatch","Oddly Smooth Stone","Regal Pillow","Bag of Marbles"],"potions_floor_usage":[],"damage_taken":[{"damage":1.0,"enemies":"Cultist","floor":1.0,"turns":4.0},{"damage":0.0,"enemies":"Small Slimes","floor":2.0,"turns":3.0},{"damage":11.0,"enemies":"2 Louse","floor":3.0,"turns":4.0},{"damage":9.0,"enemies":"Large Slime","floor":5.0,"turns":6.0},{"damage":16.0,"enemies":"Gremlin Nob","floor":7.0,"turns":3.0},{"damage":2.0,"enemies":"Gremlin Nob","floor":8.0,"turns":3.0},{"damage":2.0,"enemies":"Exordium Thugs","floor":10.0,"turns":5.0},{"damage":2.0,"enemies":"2 Fungi Beasts","floor":13.0,"turns":6.0},{"damage":20.0,"enemies":"Lagavulin","floor":14.0,"turns":6.0},{"damage":37.0,"enemies":"Slime Boss","floor":16.0,"turns":8.0},{"damage":20.0,"enemies":"Chosen","floor":18.0,"turns":6.0},{"damage":17.0,"enemies":"Spheric Guardian","floor":20.0,"turns":4.0},{"damage":0.0,"enemies":"Snecko","floor":21.0,"turns":5.0},{"damage":20.0,"enemies":"Centurion and Healer","floor":22.0,"turns":6.0},{"damage":11.0,"enemies":"Snake Plant","floor":24.0,"turns":4.0},{"damage":33.0,"enemies":"Slavers","floor":25.0,"turns":6.0},{"damage":12.0,"enemies":"Book of Stabbing","floor":30.0,"turns":3.0},{"damage":38.0,"enemies":"Sentry and Sphere","floor":31.0,"turns":10.0},{"damage":0,"enemies":"Automaton","floor":33,"turns":1}],"seed_played":"-2542390756382721732","potions_obtained":[{"floor":3.0,"key":"AttackPotion"},{"floor":10.0,"key":"Ancient Potion"},{"floor":16.0,"key":"FairyPotion"}],"is_trial":false,"path_per_floor":["M","M","M","$","M","R","E","?","T","M","R","?","M","E","R","B",null,"M","$","M","M","M","R","M","E","T","R","?","R","E","M","R","B"],"character_chosen":"IRONCLAD","items_purchased":["Pocketwatch"],"campfire_rested":2,"item_purchase_floors":[19],"current_hp_per_floor":[73,75,70,70,67,67,57,61,61,67,67,72,77,63,63,34,66,54,54,45,53,41,41,38,13,13,51,51,51,47,17,55,57],"gold":339,"neow_bonus":"THREE_RARE_CARDS","is_prod":false,"is_daily":false,"chose_seed":false,"campfire_upgraded":5,"win_rate":0,"timestamp":1554178790,"path_taken":["M","?","M","$","M","R","E","?","T","M","R","?","M","E","R","BOSS","M","$","M","M","M","R","M","E","T","R","?","R","E","M","R","BOSS"],"build_version":"2019-01-23","purchased_purges":1,"victory":false,"max_hp_per_floor":[75,75,75,72,72,72,72,72,72,72,72,77,77,77,77,77,77,77,77,77,77,77,77,77,77,77,77,77,77,77,77,77,77],"card_choices":[{"not_picked":["Offering","Exhume"],"picked":"Bludgeon","floor":0.0},{"not_picked":["Warcry","Rage"],"picked":"Ghostly Armor","floor":1.0},{"not_picked":["Heavy Blade","Dual Wield","Rampage"],"picked":"SKIP","floor":2.0},{"not_picked":["Havoc","Clash"],"picked":"Shrug It Off","floor":3.0},{"not_picked":["Fire Breathing","Reckless Charge","Heavy Blade"],"picked":"SKIP","floor":5.0},{"not_picked":["Armaments","Shrug It Off"],"picked":"Clothesline","floor":7.0},{"not_picked":["Warcry","Sentinel"],"picked":"True Grit","floor":8.0},{"not_picked":["Perfected Strike","Clothesline","Clash"],"picked":"SKIP","floor":10.0},{"not_picked":["Cleave","Perfected Strike","Iron Wave"],"picked":"SKIP","floor":13.0},{"not_picked":["Corruption","Shockwave"],"picked":"Burning Pact","floor":14.0},{"not_picked":["Reaper","Immolate"],"picked":"Offering","floor":16.0},{"not_picked":["Flex","Twin Strike"],"picked":"Evolve","floor":18.0},{"not_picked":["Carnage","Anger","Headbutt"],"picked":"SKIP","floor":20.0},{"not_picked":["Hemokinesis","Armaments+1","True Grit+1"],"picked":"SKIP","floor":21.0},{"not_picked":["Hemokinesis","Armaments+1","True Grit+1"],"picked":"SKIP","floor":21.0},{"not_picked":["Iron Wave+1","Thunderclap+1","True Grit"],"picked":"SKIP","floor":22.0},{"not_picked":["Thunderclap","Havoc+1"],"picked":"Inflame","floor":24.0},{"not_picked":["Disarm","Heavy Blade","Body Slam"],"picked":"SKIP","floor":25.0},{"not_picked":["Perfected Strike","Bloodletting"],"picked":"Shockwave+1","floor":30.0},{"not_picked":["Thunderclap","Rage","Hemokinesis+1"],"picked":"SKIP","floor":31.0}],"player_experience":468127,"relics_obtained":[{"floor":7.0,"key":"PreservedInsect"},{"floor":8.0,"key":"MawBank"},{"floor":9.0,"key":"Blood Vial"},{"floor":14.0,"key":"Ancient Tea Set"},{"floor":25.0,"key":"Oddly Smooth Stone"},{"floor":26.0,"key":"Regal Pillow"},{"floor":30.0,"key":"Bag of Marbles"}],"event_choices":[{"damage_healed":0.0,"max_hp_gain":0.0,"max_hp_loss":0.0,"gold_gain":0.0,"event_name":"Dead Adventurer","player_choice":"Searched \u00271\u0027 times","floor":8.0,"gold_loss":0.0,"damage_taken":0.0},{"damage_healed":0.0,"max_hp_gain":5.0,"max_hp_loss":0.0,"gold_gain":0.0,"event_name":"Big Fish","player_choice":"Donut","floor":12.0,"gold_loss":0.0,"damage_taken":0.0},{"damage_healed":0.0,"max_hp_gain":0.0,"max_hp_loss":0.0,"gold_gain":0.0,"event_name":"Duplicator","player_choice":"Copied","floor":28.0,"gold_loss":0.0,"damage_taken":0.0,"cards_obtained":["Offering"]}],"is_beta":false,"boss_relics":[{"not_picked":["Black Blood","Ectoplasm"],"picked":"Empty Cage"}],"items_purged_floors":[4],"is_endless":false,"potions_floor_spawned":[3,10,14,16,21,22,30],"killed_by":"Automaton","ascension_level":16}