{"gold_per_floor":[159,219,23,68,113,233,233,293,293,101,191,203,275,332,344,656,668,725,737,806,878,890,902,1004,437,462,242,287,332,332,332,332,332],"floor_reached":33,"playtime":1758,"items_purged":[],"score":502,"play_id":"f1102c1e-f18c-4231-9a75-3a742f4f6770","local_time":"20180829204224","daily_mods":["Allstar","Cursed Run","Midas"],"is_ascension_mode":false,"campfire_choices":[{"floor":12,"key":"REST"},{"floor":15,"key":"REST"},{"floor":23,"key":"REST"},{"floor":32,"key":"REST"}],"neow_cost":"","seed_source_timestamp":1109798005912,"circlet_count":0,"master_deck":["Strike_R","Strike_R","Strike_R","Defend_R+1","Defend_R+1","Defend_R","Bash","Trip","Dark Shackles","Enlightenment+1","Good Instincts","HandOfGreed","Shrug It Off","Headbutt+1","Wild Strike","True Grit","Power Through","Inflame","Flex","Normality","Bandage Up","Inflame","Cleave+1","Carnage+1","Power Through","Shrug It Off","Injury","Reaper+1","Clothesline+1","Carnage+1","Spot Weakness+1","Shockwave+1","Decay","Headbutt+1","True Grit+1","Shame","Armaments+1","Armaments","True Grit","Twin Strike+1","Pain","True Grit","Headbutt+1","Uppercut+1","Cleave+1"],"special_seed":17773,"relics":["Cursed Key","Darkstone Periapt","Du-Vu Doll","Oddly Smooth Stone","War Paint","Molten Egg 2","MawBank","Astrolabe","Red Mask","Dodecahedron","Meat on the Bone","Sling","Bottled Tornado","Juzu Bracelet","Orichalcum","MutagenicStrength","Anchor"],"potions_floor_usage":[6,11,16,18,20,24],"damage_taken":[{"damage":1,"enemies":"Cultist","floor":1,"turns":3},{"damage":0,"enemies":"Small Slimes","floor":2,"turns":3},{"damage":0,"enemies":"2 Louse","floor":4,"turns":3},{"damage":0,"enemies":"Blue Slaver","floor":5,"turns":2},{"damage":15,"enemies":"3 Sentries","floor":6,"turns":9},{"damage":0,"enemies":"3 Louse","floor":8,"turns":4},{"damage":3,"enemies":"Gremlin Nob","floor":11,"turns":4},{"damage":0,"enemies":"2 Fungi Beasts","floor":13,"turns":2},{"damage":3,"enemies":"Exordium Thugs","floor":14,"turns":4},{"damage":25,"enemies":"The Guardian","floor":16,"turns":10},{"damage":1,"enemies":"Chosen","floor":18,"turns":3},{"damage":37,"enemies":"Masked Bandits","floor":20,"turns":5},{"damage":25,"enemies":"3 Byrds","floor":21,"turns":6},{"damage":26,"enemies":"Book of Stabbing","floor":24,"turns":5},{"damage":17,"enemies":"Snake Plant","floor":28,"turns":5},{"damage":11,"enemies":"Snecko","floor":29,"turns":5},{"damage":131,"enemies":"Champ","floor":33,"turns":11}],"seed_played":"8318791093423734901","potions_obtained":[{"floor":1,"key":"BloodPotion"},{"floor":5,"key":"Weak Potion"},{"floor":8,"key":"SkillPotion"},{"floor":14,"key":"Strength Potion"},{"floor":16,"key":"BloodPotion"},{"floor":18,"key":"Fruit Juice"},{"floor":20,"key":"EssenceOfSteel"},{"floor":24,"key":"Ancient Potion"}],"is_trial":false,"path_per_floor":["M","M","$","M","M","E","?","M","T","$","E","R","M","M","R","B",null,"M","?","?","M","T","R","E","$","T","$","M","M","?","?","R"],"character_chosen":"IRONCLAD","items_purchased":["Oddly Smooth Stone","Wild Strike","Bandage Up","Inflame","Cleave+1","Sling","Bottled Tornado","Armaments","True Grit","Twin Strike+1","True Grit","Headbutt+1","Orichalcum"],"campfire_rested":4,"item_purchase_floors":[3,3,10,10,10,25,25,25,25,25,27,27,27],"current_hp_per_floor":[79,79,79,79,79,72,56,56,62,62,63,86,86,86,86,71,92,96,102,87,74,80,109,96,96,102,102,100,108,108,108,115,0],"gold":332,"neow_bonus":"","is_prod":false,"is_daily":true,"chose_seed":false,"campfire_upgraded":0,"win_rate":0,"timestamp":1535596944,"path_taken":["M","M","?","M","M","E","?","M","T","$","E","R","M","M","R","BOSS","M","?","?","M","?","R","E","$","T","?","M","M","?","?","R","BOSS"],"build_version":"2018-08-23v2","purchased_purges":0,"victory":false,"max_hp_per_floor":[80,80,80,80,80,80,80,80,86,86,86,86,86,86,86,92,92,97,103,103,103,109,109,109,109,115,115,115,115,115,115,115,115],"card_choices":[{"not_picked":["Perfected Strike","Warcry"],"picked":"Shrug It Off","floor":1},{"not_picked":["Clash","Sword Boomerang"],"picked":"Headbutt","floor":2},{"not_picked":["Clash","Warcry"],"picked":"True Grit","floor":4},{"not_picked":["Flex","Bloodletting"],"picked":"Power Through","floor":5},{"not_picked":["Cleave","Rupture"],"picked":"Inflame","floor":6},{"not_picked":["Exhume","Anger"],"picked":"Flex","floor":8},{"not_picked":["Combust","Havoc"],"picked":"Carnage+1","floor":11},{"not_picked":["Disarm","Entrench"],"picked":"Power Through","floor":13},{"not_picked":["True Grit","Disarm"],"picked":"Shrug It Off","floor":14},{"not_picked":["Double Tap","Barricade"],"picked":"Reaper+1","floor":16},{"not_picked":["Anger+1","Infernal Blade"],"picked":"Shockwave+1","floor":18},{"not_picked":["Perfected Strike+1","Sword Boomerang+1"],"picked":"Headbutt+1","floor":20},{"not_picked":["Clash+1","Twin Strike+1"],"picked":"True Grit+1","floor":21},{"not_picked":["Body Slam+1","Havoc"],"picked":"Armaments+1","floor":24},{"not_picked":["Brutality","Anger+1"],"picked":"Uppercut+1","floor":28},{"not_picked":["Armaments","Corruption"],"picked":"Cleave+1","floor":29}],"player_experience":414021,"relics_obtained":[{"floor":6,"key":"War Paint"},{"floor":9,"key":"Molten Egg 2"},{"floor":11,"key":"MawBank"},{"floor":20,"key":"Red Mask"},{"floor":22,"key":"Dodecahedron"},{"floor":24,"key":"Meat on the Bone"},{"floor":26,"key":"Juzu Bracelet"}],"event_choices":[{"event_name":"Shining Light","player_choice":"Entered Light","floor":7,"damage_taken":0},{"event_name":"Forgotten Altar","player_choice":"Smashed Altar","floor":19,"damage_taken":0},{"event_name":"Masked Bandits","player_choice":"Fought Bandits","floor":20,"damage_taken":0},{"event_name":"Drug Dealer","player_choice":"Inject Mutagens","floor":30,"damage_taken":0},{"event_name":"The Mausoleum","player_choice":"Yes","floor":31,"damage_taken":0}],"is_beta":false,"boss_relics":[{"not_picked":["Ectoplasm","Velvet Choker"],"picked":"Astrolabe"}],"items_purged_floors":[],"is_endless":false,"potions_floor_spawned":[1,5,8,14,16,18,20,24],"killed_by":"Champ","ascension_level":0}