{"gold_per_floor":[118,131,131,131,131,167,167,203,203,238,253,253,253,253,253,253],"floor_reached":16,"playtime":373,"items_purged":[],"score":240,"play_id":"06ac4973-f37e-41f1-aac4-7de88f5cd496","local_time":"20190403140806","is_ascension_mode":true,"campfire_choices":[{"data":"Bash","floor":7,"key":"SMITH"},{"data":"Iron Wave","floor":13,"key":"SMITH"},{"data":"Twin Strike","floor":15,"key":"SMITH"}],"neow_cost":"NONE","seed_source_timestamp":1608426532720836,"circlet_count":0,"master_deck":["AscendersBane","Strike_R","Strike_R","Strike_R","Strike_R+1","Strike_R","Defend_R","Defend_R+1","Defend_R","Defend_R","Bash+1","Headbutt","Thunderclap","Regret","Hemokinesis","Iron Wave+1","Twin Strike+1"],"relics":["Burning Blood","NeowsBlessing","Singing Bowl","Golden Idol","Bag of Marbles","FossilizedHelix","Kunai","StoneCalendar","Meat on the Bone"],"potions_floor_usage":[8,16,16,16],"damage_taken":[{"damage":0,"enemies":"Small Slimes","floor":1,"turns":1},{"damage":0,"enemies":"2 Louse","floor":2,"turns":1},{"damage":0,"enemies":"3 Sentries","floor":6,"turns":2},{"damage":14,"enemies":"Gremlin Nob","floor":8,"turns":3},{"damage":10,"enemies":"Lagavulin","floor":10,"turns":5},{"damage":0,"enemies":"Jaw Worm","floor":11,"turns":1},{"damage":40,"enemies":"The Guardian","floor":16,"turns":4}],"seed_played":"-632705924745900111","potions_obtained":[{"floor":2,"key":"PowerPotion"},{"floor":10,"key":"EntropicBrew"},{"floor":11,"key":"FearPotion"}],"is_trial":false,"path_per_floor":["?","?","?","M","?","?"],"character_chosen":"IRONCLAD","items_purchased":[],"campfire_rested":0,"item_purchase_floors":[],"current_hp_per_floor":[74,75,75,60,42,48,48,40,40,36,44,44,44,37,37,0],"gold":253,"neow_bonus":"THREE_ENEMY_KILL","is_prod":false,"is_daily":false,"chose_seed":false,"campfire_upgraded":3,"win_rate":0,"timestamp":1554314886,"path_taken":["M","M","?","?","?","E","R","E","T","E","?","?","R","?","R","BOSS"],"build_version":"2019-01-23","purchased_purges":0,"victory":false,"max_hp_per_floor":[75,75,75,75,75,75,75,75,75,75,77,77,77,77,77,77],"card_choices":[{"not_picked":["Perfected Strike","Wild Strike"],"picked":"Headbutt","floor":1},{"not_picked":["Fire Breathing","Havoc"],"picked":"Thunderclap","floor":2},{"not_picked":["Brutality","Clash"],"picked":"Hemokinesis","floor":6},{"not_picked":["Burning Pact","Barricade"],"picked":"Iron Wave","floor":8},{"not_picked":["Perfected Strike","Corruption"],"picked":"Twin Strike","floor":10},{"not_picked":["Body Slam","Cleave","Clash"],"picked":"Singing Bowl","floor":11}],"player_experience":1424887,"relics_obtained":[{"floor":6,"key":"Bag of Marbles"},{"floor":8,"key":"FossilizedHelix"},{"floor":9,"key":"Kunai"},{"floor":10,"key":"StoneCalendar"}],"event_choices":[{"damage_healed":0,"gold_gain":0,"player_choice":"Box","damage_taken":0,"relics_obtained":["Singing Bowl"],"max_hp_gain":0,"max_hp_loss":0,"event_name":"Big Fish","floor":3,"gold_loss":0,"cards_obtained":["Regret"]},{"damage_healed":0,"gold_gain":0,"player_choice":"Entered Light","damage_taken":15,"max_hp_gain":0,"max_hp_loss":0,"event_name":"Shining Light","floor":4,"gold_loss":0,"cards_upgraded":["Defend_R","Strike_R"]},{"damage_healed":0,"gold_gain":0,"player_choice":"Take Damage","damage_taken":18,"relics_obtained":["Golden Idol"],"max_hp_gain":0,"max_hp_loss":0,"event_name":"Golden Idol","floor":5,"gold_loss":0},{"damage_healed":0,"gold_gain":0,"player_choice":"Ignored","damage_taken":0,"max_hp_gain":0,"max_hp_loss":0,"event_name":"Liars Game","floor":12,"gold_loss":0},{"damage_healed":0,"gold_gain":0,"player_choice":"Success","damage_taken":7,"relics_obtained":["Meat on the Bone"],"max_hp_gain":0,"max_hp_loss":0,"event_name":"Scrap Ooze","floor":14,"gold_loss":0}],"is_beta":false,"boss_relics":[],"items_purged_floors":[],"is_endless":false,"potions_floor_spawned":[2,10,11],"killed_by":"The Guardian","ascension_level":14}