{"gold_per_floor":[119,194,194,45,56,56,86,105,105,119,153,153,153,165,165,165],"floor_reached":16,"playtime":695,"items_purged":[],"score":142,"play_id":"af82a82e-ae7e-46f7-be96-fe96575469ea","local_time":"20190103140733","is_ascension_mode":true,"campfire_choices":[{"data":"Shrug It Off","floor":6,"key":"SMITH"},{"data":"Shrug It Off","floor":12,"key":"SMITH"},{"data":"Flame Barrier","floor":15,"key":"SMITH"}],"neow_cost":"NONE","seed_source_timestamp":164414638461983,"circlet_count":0,"master_deck":["Strike_R","Strike_R","Strike_R","Strike_R","Strike_R","Defend_R","Defend_R","Defend_R","Shrug It Off+1","Cleave","Shockwave","Shrug It Off+1","Flame Barrier+1"],"relics":["Burning Blood","NeowsBlessing","Oddly Smooth Stone","StoneCalendar","Pantograph","Omamori"],"potions_floor_usage":[16],"damage_taken":[{"damage":0,"enemies":"Jaw Worm","floor":1,"turns":1},{"damage":0,"enemies":"2 Louse","floor":5,"turns":1},{"damage":0,"enemies":"Lagavulin","floor":7,"turns":1},{"damage":9,"enemies":"Cultist","floor":8,"turns":4},{"damage":6,"enemies":"Blue Slaver","floor":10,"turns":4},{"damage":20,"enemies":"Gremlin Nob","floor":11,"turns":5},{"damage":0,"enemies":"2 Fungi Beasts","floor":14,"turns":5},{"damage":88,"enemies":"Hexaghost","floor":16,"turns":18}],"seed_played":"-2368251647897916273","potions_obtained":[{"floor":7,"key":"SpeedPotion"},{"floor":10,"key":"Energy Potion"},{"floor":11,"key":"Swift Potion"}],"is_trial":false,"path_per_floor":["M","?","?","$","M","R","E","M","T","M","E","R","?","M","R","B"],"character_chosen":"IRONCLAD","items_purchased":["Oddly Smooth Stone"],"campfire_rested":0,"item_purchase_floors":[4],"current_hp_per_floor":[80,69,69,69,75,75,80,77,77,77,63,63,63,69,69,0],"gold":165,"neow_bonus":"THREE_ENEMY_KILL","is_prod":false,"is_daily":false,"chose_seed":false,"campfire_upgraded":3,"win_rate":0,"timestamp":1546553253,"path_taken":["M","?","?","$","M","R","E","?","T","M","E","R","?","M","R","BOSS"],"build_version":"2018-12-20","purchased_purges":0,"victory":false,"max_hp_per_floor":[80,80,80,80,80,80,80,80,80,80,80,80,80,80,80,80],"card_choices":[{"not_picked":["Headbutt","Feel No Pain"],"picked":"Shrug It Off","floor":1},{"not_picked":["Bloodletting","Body Slam","Dual Wield"],"picked":"SKIP","floor":5},{"not_picked":["Dual Wield","Clash","Blood for Blood"],"picked":"SKIP","floor":7},{"not_picked":["Anger","Sword Boomerang"],"picked":"Shockwave","floor":8},{"not_picked":["Warcry","Iron Wave","Anger"],"picked":"SKIP","floor":10},{"not_picked":["Armaments","Warcry"],"picked":"Shrug It Off","floor":11},{"not_picked":["Pommel Strike","Dropkick"],"picked":"Flame Barrier","floor":14}],"player_experience":53833,"relics_obtained":[{"floor":7,"key":"StoneCalendar"},{"floor":9,"key":"Pantograph"},{"floor":11,"key":"Omamori"}],"event_choices":[{"damage_healed":0,"gold_gain":75,"player_choice":"Gather Gold","damage_taken":11,"max_hp_gain":0,"max_hp_loss":0,"event_name":"World of Goop","floor":2,"gold_loss":0},{"damage_healed":0,"gold_gain":0,"cards_transformed":["Defend_R"],"player_choice":"Transformed","damage_taken":0,"max_hp_gain":0,"max_hp_loss":0,"event_name":"Transmorgrifier","floor":3,"gold_loss":0,"cards_obtained":["Cleave"]},{"cards_removed":["Bash"],"damage_healed":0,"gold_gain":0,"player_choice":"Forget","damage_taken":0,"max_hp_gain":0,"max_hp_loss":0,"event_name":"Living Wall","floor":13,"gold_loss":0}],"is_beta":false,"boss_relics":[],"items_purged_floors":[],"is_endless":false,"potions_floor_spawned":[7,10,11],"killed_by":"Hexaghost","ascension_level":1}