{"gold_per_floor":[109,119,132,207,40,75,75,107,133,55,65,78,98,30,30,132,132,151,151,168,183,183,216,216,227,250,262,274],"floor_reached":28,"playtime":1304,"items_purged":[],"score":375,"play_id":"0b7620be-d912-4245-bec5-abac8e2ab2e6","local_time":"20180804151104","is_ascension_mode":false,"campfire_choices":[{"floor":7,"key":"REST"},{"floor":15,"key":"REST"},{"floor":24,"key":"REST"},{"data":"Infinite Blades","floor":27,"key":"SMITH"}],"neow_cost":"NONE","seed_source_timestamp":277933629127745,"circlet_count":0,"master_deck":["Survivor","Neutralize","Distraction","Well Laid Plans","Deadly Poison","Flechettes","Dodge and Roll","Cloak And Dagger","Distraction","Poisoned Stab","Underhanded Strike","Predator","Cloak And Dagger","Infinite Blades+1","Eviscerate","Caltrops","Dagger Spray","Sucker Punch","Crippling Poison","Poisoned Stab","Slice","Dodge and Roll","Slice","Finisher","Cloak And Dagger","Noxious Fumes","Glass Knife","Cloak And Dagger","Bite","Bite","Bite","Bite","Bite","Blur+1","All Out Attack","Writhe","Backflip+1","Deflect"],"relics":["Pandora\u0027s Box","Vajra","Orichalcum","Oddly Smooth Stone","WristBlade","Potion Belt","Pen Nib","MawBank"],"potions_floor_usage":[8,16,23,23,25],"damage_taken":[{"damage":4,"enemies":"Cultist","floor":1,"turns":4},{"damage":0,"enemies":"2 Louse","floor":2,"turns":2},{"damage":0,"enemies":"Small Slimes","floor":3,"turns":3},{"damage":16,"enemies":"3 Sentries","floor":6,"turns":5},{"damage":18,"enemies":"Gremlin Nob","floor":8,"turns":4},{"damage":22,"enemies":"Gremlin Gang","floor":11,"turns":3},{"damage":0,"enemies":"Exordium Wildlife","floor":12,"turns":2},{"damage":6,"enemies":"Large Slime","floor":13,"turns":4},{"damage":0,"enemies":"Slime Boss","floor":16,"turns":6},{"damage":3,"enemies":"Chosen","floor":18,"turns":4},{"damage":12,"enemies":"3 Byrds","floor":20,"turns":5},{"damage":13,"enemies":"Centurion and Healer","floor":21,"turns":6},{"damage":8,"enemies":"Book of Stabbing","floor":23,"turns":4},{"damage":7,"enemies":"Cultist and Chosen","floor":25,"turns":5},{"damage":48,"enemies":"Slavers","floor":28,"turns":3}],"seed_played":"7098547254607603109","potions_obtained":[{"floor":1,"key":"Strength Potion"},{"floor":2,"key":"FearPotion"},{"floor":11,"key":"GhostInAJar"},{"floor":21,"key":"EssenceOfSteel"}],"is_trial":false,"path_per_floor":["M","M","M","?","$","E","R","E","T","$","M","M","M","$","R","B",null,"M","?","M","M","?","E","R","M","T","R"],"character_chosen":"THE_SILENT","items_purchased":["Caltrops","Dagger Spray","Sucker Punch","Slice","Dodge and Roll","Noxious Fumes"],"campfire_rested":3,"item_purchase_floors":[5,5,5,10,10,14],"current_hp_per_floor":[66,66,66,55,55,39,60,42,42,42,20,20,14,14,35,35,70,67,49,39,32,32,24,38,39,39,39,0],"gold":274,"neow_bonus":"BOSS_RELIC","is_prod":false,"is_daily":false,"chose_seed":false,"campfire_upgraded":1,"win_rate":0,"timestamp":1533417064,"path_taken":["M","M","?","?","$","E","R","E","T","?","M","M","M","$","R","BOSS","M","?","M","M","?","E","R","M","T","R","E"],"build_version":"2018-08-02","purchased_purges":0,"victory":false,"max_hp_per_floor":[70,70,70,70,70,70,70,70,70,70,70,70,70,70,70,70,70,70,49,49,49,49,49,49,49,49,49,49],"card_choices":[{"not_picked":["Slice","Deadly Poison"],"picked":"Cloak And Dagger","floor":1},{"not_picked":["Predator","Blade Dance"],"picked":"Infinite Blades","floor":2},{"not_picked":["Masterful Stab","Reflex"],"picked":"Eviscerate","floor":3},{"not_picked":["Unload","PiercingWail"],"picked":"Crippling Poison","floor":6},{"not_picked":["Slice","PiercingWail"],"picked":"Poisoned Stab","floor":8},{"not_picked":["Flying Knee","Predator"],"picked":"Slice","floor":11},{"not_picked":["Bouncing Flask","Acrobatics"],"picked":"Finisher","floor":12},{"not_picked":["Night Terror","Dodge and Roll"],"picked":"Cloak And Dagger","floor":13},{"not_picked":["After Image","Burst"],"picked":"Glass Knife","floor":16},{"not_picked":["PiercingWail","Acrobatics+1"],"picked":"Cloak And Dagger","floor":18},{"not_picked":["Prepared","Reflex"],"picked":"Blur+1","floor":20},{"not_picked":["Flying Knee","Escape Plan+1"],"picked":"All Out Attack","floor":21},{"not_picked":["Cloak And Dagger","Tools of the Trade"],"picked":"Backflip+1","floor":23},{"not_picked":["Dagger Throw","Eviscerate"],"picked":"Deflect","floor":25}],"player_experience":184613,"relics_obtained":[{"floor":6,"key":"Vajra"},{"floor":8,"key":"Orichalcum"},{"floor":9,"key":"Oddly Smooth Stone"},{"floor":23,"key":"Pen Nib"},{"floor":26,"key":"MawBank"}],"event_choices":[{"event_name":"World of Goop","player_choice":"Gather Gold","floor":4,"damage_taken":0},{"event_name":"Vampires","player_choice":"Became a vampire","floor":19,"damage_taken":0},{"event_name":"The Mausoleum","player_choice":"Yes","floor":22,"damage_taken":0}],"is_beta":false,"boss_relics":[{"not_picked":["Philosopher\u0027s Stone","Busted Crown"],"picked":"WristBlade"}],"items_purged_floors":[],"is_endless":false,"potions_floor_spawned":[1,2,11,21],"killed_by":"Slavers","ascension_level":0}