{"gold_per_floor":[113,113,131,131,131,131,165,125,202,238,251,282,282,301,301,426,426,442,442,442,525,23,54,72,22,47,66,82,32,56,95,95,224,224,249,249,249,262,285,328,328,342,366,366,386,454,37,37,37,37],"floor_reached":51,"playtime":1871,"items_purged":["Writhe","Strike_R","Strike_R+1"],"score":833,"play_id":"ba2ddb41-ca88-4cea-9e0f-655a1e81a874","local_time":"20180729061839","is_ascension_mode":false,"campfire_choices":[{"floor":6,"key":"REST"},{"floor":15,"key":"REST"},{"floor":32,"key":"REST"},{"data":"Strike_R+1","floor":41,"key":"PURGE"},{"data":"Strike_R+1","floor":44,"key":"PURGE"},{"data":"Iron Wave","floor":49,"key":"PURGE"}],"neow_cost":"FIFTY_PERCENT_DAMAGE","seed_source_timestamp":50468935314085,"circlet_count":0,"master_deck":["Defend_R+1","Defend_R","Defend_R","Defend_R+1","Bash+1","Offering","Clash","Intimidate","Dropkick","Demon Form","Armaments","Carnage+1","Metallicize+1","Flex","Corruption","Whirlwind+1","Seeing Red+1","Offering","Iron Wave+1","Jack Of All Trades","Twin Strike+1","Flex","Shrug It Off","Transmutation"],"relics":["Burning Blood","Golden Idol","Bag of Marbles","Smiling Mask","Whetstone","Peace Pipe","Fusion Hammer","Bronze Scales","Tiny Chest","Dead Branch","Membership Card","Oddly Smooth Stone","Bag of Preparation","Unceasing Top","Busted Crown","Calipers","Ornamental Fan","War Paint","Charon\u0027s Ashes","Lee\u0027s Waffle"],"potions_floor_usage":[10,10,16,23,23,23,24,30,31,31,31,39,45],"damage_taken":[{"damage":6,"enemies":"Jaw Worm","floor":1,"turns":4},{"damage":0,"enemies":"2 Louse","floor":3,"turns":2},{"damage":23,"enemies":"Lagavulin","floor":7,"turns":6},{"damage":11,"enemies":"Gremlin Nob","floor":10,"turns":3},{"damage":0,"enemies":"Small Slimes","floor":11,"turns":2},{"damage":27,"enemies":"3 Sentries","floor":12,"turns":6},{"damage":5,"enemies":"2 Fungi Beasts","floor":14,"turns":2},{"damage":29,"enemies":"Hexaghost","floor":16,"turns":8},{"damage":8,"enemies":"Shell Parasite","floor":18,"turns":3},{"damage":17,"enemies":"Book of Stabbing","floor":23,"turns":4},{"damage":9,"enemies":"Chosen","floor":24,"turns":2},{"damage":11,"enemies":"Snake Plant","floor":27,"turns":2},{"damage":6,"enemies":"Snecko","floor":28,"turns":4},{"damage":0,"enemies":"3 Cultists","floor":30,"turns":3},{"damage":49,"enemies":"Slavers","floor":31,"turns":5},{"damage":10,"enemies":"Collector","floor":33,"turns":4},{"damage":10,"enemies":"Flame Bruiser 1 Orb","floor":35,"turns":2},{"damage":5,"enemies":"3 Darklings","floor":38,"turns":1},{"damage":10,"enemies":"Sphere and 2 Shapes","floor":39,"turns":3},{"damage":0,"enemies":"Nemesis","floor":40,"turns":3},{"damage":22,"enemies":"Spire Growth","floor":42,"turns":2},{"damage":13,"enemies":"3 Darklings","floor":45,"turns":3},{"damage":10,"floor":46,"turns":1},{"damage":25,"enemies":"Time Eater","floor":50,"turns":8}],"seed_played":"6866376863868187143","potions_obtained":[{"floor":1,"key":"SpeedPotion"},{"floor":7,"key":"Weak Potion"},{"floor":8,"key":"FairyPotion"},{"floor":8,"key":"Energy Potion"},{"floor":8,"key":"FearPotion"},{"floor":12,"key":"Poison Potion"},{"floor":16,"key":"Strength Potion"},{"floor":18,"key":"Regen Potion"},{"floor":20,"key":"EntropicBrew"},{"floor":20,"key":"EssenceOfSteel"},{"floor":23,"key":"BloodPotion"},{"floor":24,"key":"PowerPotion"},{"floor":30,"key":"Swift Potion"},{"floor":31,"key":"Explosive Potion"},{"floor":35,"key":"SkillPotion"},{"floor":39,"key":"Swift Potion"},{"floor":45,"key":"FearPotion"}],"is_trial":false,"path_per_floor":["M","?","M","?","?","R","E","?","T","E","M","E","?","M","R","B",null,"M","?","?","T","$","E","M","$","T","M","M","$","M","E","R","B",null,"M","?","T","M","M","E","R","M","T","R","M","?","$","$","R","B"],"character_chosen":"IRONCLAD","items_purchased":["Dead Branch","Membership Card","Lee\u0027s Waffle","Flex","Shrug It Off","Transmutation"],"campfire_rested":3,"item_purchase_floors":[22,22,47,47,47,47],"current_hp_per_floor":[40,40,46,31,31,53,36,36,36,31,37,16,16,17,39,16,74,72,72,72,72,72,64,61,61,61,56,56,56,77,41,64,60,77,76,76,76,77,76,82,82,66,66,66,59,55,90,90,90,71],"gold":37,"neow_bonus":"THREE_RARE_CARDS","is_prod":false,"is_daily":false,"chose_seed":false,"campfire_upgraded":0,"win_rate":0,"timestamp":1532859519,"path_taken":["M","?","M","?","?","R","E","?","T","E","?","E","?","?","R","BOSS","M","?","?","?","$","E","M","$","T","M","M","?","M","E","R","BOSS","M","?","?","M","M","E","R","M","T","R","?","?","?","$","R","BOSS"],"build_version":"2018-07-26","purchased_purges":3,"victory":true,"max_hp_per_floor":[80,74,74,74,74,74,74,74,74,74,74,74,74,74,74,74,74,74,74,74,74,74,77,77,77,77,77,77,77,77,77,77,77,77,80,80,80,80,83,83,83,83,83,83,83,83,90,90,90,90],"card_choices":[{"not_picked":["Reaper","Exhume"],"picked":"Offering","floor":0},{"not_picked":["Entrench","Burning Pact"],"picked":"Clash","floor":1},{"not_picked":["Metallicize","Heavy Blade","Searing Blow"],"picked":"SKIP","floor":3},{"not_picked":["Rage","Perfected Strike","Body Slam"],"picked":"SKIP","floor":7},{"not_picked":["Seeing Red","Disarm"],"picked":"Intimidate","floor":10},{"not_picked":["Feel No Pain","Rupture"],"picked":"Dropkick","floor":11},{"not_picked":["Fiend Fire","Iron Wave"],"picked":"Anger","floor":12},{"not_picked":["Blood for Blood","Perfected Strike"],"picked":"Iron Wave","floor":14},{"not_picked":["Limit Break","Barricade"],"picked":"Demon Form","floor":16},{"not_picked":["Pommel Strike","Evolve"],"picked":"Armaments","floor":18},{"not_picked":["Anger","Intimidate"],"picked":"Carnage+1","floor":23},{"not_picked":["Twin Strike","Feel No Pain"],"picked":"Metallicize+1","floor":24},{"not_picked":["Rupture","Iron Wave+1"],"picked":"Flex","floor":27},{"not_picked":["Metallicize","Sentinel"],"picked":"Corruption","floor":28},{"not_picked":["Headbutt","Whirlwind+1","Sword Boomerang"],"picked":"SKIP","floor":30},{"not_picked":["Headbutt","Sword Boomerang"],"picked":"Whirlwind+1","floor":30},{"not_picked":["Combust","Impervious"],"picked":"Seeing Red+1","floor":31},{"not_picked":["Berserk","Double Tap"],"picked":"Offering","floor":33},{"not_picked":[],"picked":"Iron Wave+1","floor":35},{"not_picked":[],"picked":"Twin Strike+1","floor":38},{"not_picked":["Hemokinesis+1"],"picked":"SKIP","floor":39},{"not_picked":["Perfected Strike+1"],"picked":"SKIP","floor":40},{"not_picked":["Battle Trance"],"picked":"SKIP","floor":42},{"not_picked":["Battle Trance"],"picked":"SKIP","floor":45}],"player_experience":138744,"relics_obtained":[{"floor":7,"key":"Bag of Marbles"},{"floor":9,"key":"Smiling Mask"},{"floor":10,"key":"Whetstone"},{"floor":12,"key":"Peace Pipe"},{"floor":21,"key":"Tiny Chest"},{"floor":23,"key":"Oddly Smooth Stone"},{"floor":26,"key":"Bag of Preparation"},{"floor":31,"key":"Unceasing Top"},{"floor":37,"key":"Calipers"},{"floor":40,"key":"Ornamental Fan"},{"floor":43,"key":"War Paint"},{"floor":46,"key":"Charon\u0027s Ashes"}],"event_choices":[{"event_name":"Golden Idol","player_choice":"Lose Max HP","floor":2,"damage_taken":0},{"event_name":"Shining Light","player_choice":"Entered Light","floor":4,"damage_taken":0},{"event_name":"Purifier","player_choice":"One Purge","floor":5,"damage_taken":0},{"event_name":"The Woman in Blue","player_choice":"Bought 3 Potions","floor":8,"damage_taken":0},{"event_name":"Wheel of Change","player_choice":"Card Removal","floor":13,"damage_taken":0},{"event_name":"The Mausoleum","player_choice":"Yes","floor":19,"damage_taken":0},{"event_name":"The Lab","player_choice":"Got Potions","floor":20,"damage_taken":0},{"event_name":"Match and Keep!","player_choice":"1 cards matched","floor":36,"damage_taken":0},{"event_name":"Mysterious Sphere","player_choice":"Fight","floor":46,"damage_taken":0}],"is_beta":true,"boss_relics":[{"not_picked":["Black Blood","Runic Cube"],"picked":"Fusion Hammer"},{"not_picked":["Tiny House","Lizard Tail"],"picked":"Busted Crown"}],"items_purged_floors":[25,29,47],"is_endless":false,"potions_floor_spawned":[1,7,12,16,18,23,24,30,31,35,39,45],"ascension_level":0}