{"gold_per_floor":[110,120,120,84,46,72,72,72,72,97,112,123,123,137,137,240,240,255,266,266,44,56,56,75,103,103,103,122,32,47,76,76,176,176,193,193,193,210,1,35,35,63,110,121,141,141,157,173,173,173],"floor_reached":50,"playtime":3547,"items_purged":["Pain"],"score":875,"play_id":"aa8cba7e-04de-4d06-9dff-345d8456ef80","local_time":"20190320192213","is_ascension_mode":true,"campfire_choices":[{"data":"Bash","floor":8,"key":"SMITH"},{"data":"Spot Weakness","floor":13,"key":"SMITH"},{"data":"Armaments","floor":15,"key":"SMITH"},{"data":"Corruption","floor":23,"key":"SMITH"},{"floor":32,"key":"REST"},{"floor":41,"key":"REST"},{"floor":49,"key":"REST"}],"neow_cost":"NONE","seed_source_timestamp":414501009212142,"circlet_count":0,"master_deck":["Bash+1","Headbutt","Flex","Feel No Pain","Ghostly Armor","Spot Weakness+1","Pommel Strike","Evolve","Armaments+1","Dark Embrace","Spot Weakness","Fire Breathing","Bludgeon","Double Tap","Seeing Red","Shrug It Off","Juggernaut+1","Flex+1","Corruption+1","Corruption","Inflame","Intimidate","Feel No Pain","Impervious","Berserk","Fiend Fire","Havoc+1","Shrug It Off","Metallicize","Shrug It Off","Warcry","Metallicize+1","Parasite","Havoc+1","Chrysalis","Deep Breath","Inflame+1"],"relics":["Burning Blood","NeowsBlessing","Mummified Hand","Letter Opener","Dodecahedron","Pandora\u0027s Box","Bronze Scales","Pear","Kunai","FossilizedHelix","Fusion Hammer","WarpedTongs","Boot","Regal Pillow","Blood Vial"],"potions_floor_usage":[16,31,40,50,50],"damage_taken":[{"damage":0,"enemies":"Cultist","floor":1,"turns":1},{"damage":0,"enemies":"Jaw Worm","floor":2,"turns":1},{"damage":0,"enemies":"Gremlin Nob","floor":6,"turns":1},{"damage":21,"enemies":"3 Sentries","floor":10,"turns":9},{"damage":0,"enemies":"2 Louse","floor":11,"turns":3},{"damage":1,"enemies":"Lots of Slimes","floor":12,"turns":3},{"damage":2,"enemies":"2 Fungi Beasts","floor":14,"turns":3},{"damage":55,"enemies":"Hexaghost","floor":16,"turns":8},{"damage":9,"enemies":"Spheric Guardian","floor":18,"turns":4},{"damage":2,"enemies":"Shell Parasite","floor":19,"turns":3},{"damage":31,"enemies":"Snake Plant","floor":22,"turns":3},{"damage":9,"enemies":"Cultist and Chosen","floor":24,"turns":4},{"damage":2,"enemies":"Gremlin Leader","floor":25,"turns":4},{"damage":8,"enemies":"Chosen and Byrds","floor":28,"turns":3},{"damage":0,"enemies":"Snecko","floor":30,"turns":2},{"damage":29,"enemies":"Slavers","floor":31,"turns":4},{"damage":42,"enemies":"Collector","floor":33,"turns":6},{"damage":6,"enemies":"3 Shapes","floor":35,"turns":3},{"damage":36,"enemies":"3 Darklings","floor":38,"turns":4},{"damage":52,"enemies":"Reptomancer","floor":40,"turns":6},{"damage":0,"enemies":"Giant Head","floor":42,"turns":5},{"damage":8,"enemies":"Writhing Mass","floor":44,"turns":5},{"damage":18,"enemies":"Transient","floor":45,"turns":5},{"damage":0,"enemies":"Jaw Worm Horde","floor":47,"turns":4},{"damage":0,"enemies":"Writhing Mass","floor":48,"turns":4},{"damage":97,"enemies":"Time Eater","floor":50,"turns":11}],"seed_played":"5160632351711580348","potions_obtained":[{"floor":10,"key":"LiquidBronze"},{"floor":11,"key":"Ancient Potion"},{"floor":12,"key":"Regen Potion"},{"floor":16,"key":"EssenceOfSteel"},{"floor":22,"key":"Energy Potion"},{"floor":30,"key":"BloodPotion"},{"floor":33,"key":"Energy Potion"},{"floor":40,"key":"Ancient Potion"},{"floor":47,"key":"GamblersBrew"}],"is_trial":false,"path_per_floor":["M","?","$","$","M","?","?","M","?","M","?","?","M","?"],"character_chosen":"IRONCLAD","items_purchased":["Feel No Pain","Ghostly Armor","Bronze Scales","Corruption","Metallicize","Shrug It Off"],"campfire_rested":3,"item_purchase_floors":[4,5,21,21,39,39],"current_hp_per_floor":[78,80,80,80,80,80,80,80,80,65,71,76,76,80,80,31,68,65,69,69,69,44,44,41,55,55,55,53,53,59,45,72,36,77,77,77,77,47,47,16,43,49,49,49,39,29,37,45,87,0],"gold":173,"neow_bonus":"THREE_ENEMY_KILL","is_prod":false,"is_daily":false,"chose_seed":false,"campfire_upgraded":4,"win_rate":0,"timestamp":1553124133,"path_taken":["M","?","?","?","$","E","?","R","T","E","M","?","R","M","R","BOSS","M","M","?","$","M","R","M","E","T","?","?","?","?","E","R","BOSS","M","?","?","M","$","E","R","E","T","M","?","?","M","M","R","BOSS"],"build_version":"2019-01-23","purchased_purges":1,"victory":false,"max_hp_per_floor":[80,80,80,80,80,80,80,80,80,80,80,80,80,80,80,80,80,80,80,80,80,80,80,80,90,90,90,90,90,90,90,90,90,90,90,90,90,90,90,90,90,90,90,90,90,90,90,90,90,90],"card_choices":[{"not_picked":["Perfected Strike","Havoc"],"picked":"Headbutt","floor":1},{"not_picked":["Anger","Cleave"],"picked":"Flex","floor":2},{"not_picked":["Clothesline","Cleave"],"picked":"Spot Weakness","floor":6},{"not_picked":["Pommel Strike","Power Through"],"picked":"Battle Trance","floor":10},{"not_picked":["Thunderclap","Anger"],"picked":"Pommel Strike","floor":11},{"not_picked":["Cleave","Iron Wave"],"picked":"Evolve","floor":12},{"not_picked":["Reckless Charge","Twin Strike"],"picked":"Armaments","floor":14},{"not_picked":["Double Tap","Brutality"],"picked":"Dark Embrace","floor":16},{"not_picked":["Clothesline","Wild Strike","Searing Blow"],"picked":"SKIP","floor":18},{"not_picked":["Iron Wave+1","Clash"],"picked":"Flex+1","floor":19},{"not_picked":["Pommel Strike","Carnage","Blood for Blood"],"picked":"SKIP","floor":22},{"not_picked":["Iron Wave","Pommel Strike"],"picked":"Inflame","floor":24},{"not_picked":["Rampage+1","Sever Soul"],"picked":"Intimidate","floor":25},{"not_picked":["Clothesline","Uppercut"],"picked":"Impervious","floor":28},{"not_picked":["Anger","Perfected Strike","Twin Strike"],"picked":"SKIP","floor":30},{"not_picked":["Uppercut","Sword Boomerang+1"],"picked":"Berserk","floor":31},{"not_picked":["Juggernaut","Berserk"],"picked":"Fiend Fire","floor":33},{"not_picked":["Heavy Blade+1","Clothesline"],"picked":"Havoc+1","floor":35},{"not_picked":["Intimidate+1","Clothesline+1"],"picked":"Shrug It Off","floor":38},{"not_picked":["Cleave","Blood for Blood"],"picked":"Warcry","floor":40},{"not_picked":["True Grit","Cleave"],"picked":"Metallicize+1","floor":42},{"not_picked":["Cleave","Thunderclap+1","Body Slam+1"],"picked":"SKIP","floor":44},{"not_picked":["Carnage","Power Through"],"picked":"Havoc+1","floor":45},{"not_picked":["Mind Blast","Secret Weapon"],"picked":"Chrysalis","floor":46},{"not_picked":["Good Instincts","Discovery"],"picked":"Deep Breath","floor":46},{"not_picked":["Armaments+1","Rupture+1"],"picked":"Inflame+1","floor":47},{"not_picked":["Thunderclap","Infernal Blade+1","Bloodletting+1"],"picked":"SKIP","floor":48}],"player_experience":844025,"relics_obtained":[{"floor":6,"key":"Mummified Hand"},{"floor":9,"key":"Letter Opener"},{"floor":10,"key":"Dodecahedron"},{"floor":25,"key":"Pear"},{"floor":26,"key":"Kunai"},{"floor":31,"key":"FossilizedHelix"},{"floor":40,"key":"Boot"},{"floor":42,"key":"Regal Pillow"},{"floor":43,"key":"Blood Vial"}],"event_choices":[{"cards_removed":["Strike_R"],"damage_healed":0,"gold_gain":0,"player_choice":"Forget","damage_taken":0,"max_hp_gain":0,"max_hp_loss":0,"event_name":"Living Wall","floor":3,"gold_loss":0},{"damage_healed":0,"gold_gain":0,"player_choice":"Read","damage_taken":0,"max_hp_gain":0,"max_hp_loss":0,"event_name":"The Library","floor":20,"gold_loss":0,"cards_obtained":["Corruption"]},{"damage_healed":0,"gold_gain":0,"player_choice":"Copied","damage_taken":0,"max_hp_gain":0,"max_hp_loss":0,"event_name":"Duplicator","floor":27,"gold_loss":0,"cards_obtained":["Feel No Pain"]},{"cards_removed":["Brutality"],"damage_healed":0,"gold_gain":0,"player_choice":"Upgrade and Remove","damage_taken":0,"max_hp_gain":0,"max_hp_loss":0,"event_name":"Designer","floor":29,"gold_loss":90,"cards_upgraded":["Juggernaut"]},{"cards_removed":["Battle Trance"],"damage_healed":0,"gold_gain":0,"player_choice":"Removed Skill","damage_taken":0,"max_hp_gain":0,"max_hp_loss":0,"event_name":"Falling","floor":36,"gold_loss":0},{"damage_healed":0,"gold_gain":0,"player_choice":"Rummage","damage_taken":0,"relics_obtained":["WarpedTongs"],"max_hp_gain":0,"max_hp_loss":0,"event_name":"Accursed Blacksmith","floor":37,"gold_loss":0,"cards_obtained":["Pain"]},{"damage_healed":0,"gold_gain":0,"player_choice":"Memory 3","damage_taken":10,"max_hp_gain":0,"max_hp_loss":0,"event_name":"SensoryStone","floor":46,"gold_loss":0}],"is_beta":false,"boss_relics":[{"not_picked":["White Beast Statue","Runic Pyramid"],"picked":"Pandora\u0027s Box"},{"not_picked":["Eternal Feather","Cursed Key"],"picked":"Fusion Hammer"}],"items_purged_floors":[39],"is_endless":false,"potions_floor_spawned":[10,11,12,16,18,22,30,33,38,40,47],"killed_by":"Time Eater","ascension_level":6}