{"gold_per_floor":[109,20,35,35,46,46,59,70,93,113,42,42,68,147,147,248,248,267,94,94,107,121,154,154,154],"floor_reached":25,"playtime":1436,"items_purged":[],"score":223,"play_id":"4ff2b321-2ef2-4986-9fa3-66e4aa0adf3c","local_time":"20180728234047","is_ascension_mode":false,"campfire_choices":[{"data":"Armaments","floor":6,"key":"SMITH"},{"data":"Searing Blow","floor":15,"key":"SMITH"},{"floor":24,"key":"REST"}],"neow_cost":"NONE","seed_source_timestamp":192844400201529,"circlet_count":0,"master_deck":["Strike_R","Strike_R","Strike_R","Strike_R","Defend_R","Defend_R","Defend_R","Bash","Anger","Battle Trance","Armaments+1","Uppercut","Perfected Strike","Perfected Strike","Rampage","Anger","Searing Blow+1","Metallicize","Bludgeon","Reaper","Shrug It Off","Bandage Up","Uppercut","Perfected Strike","Flex","Flex+1"],"relics":["Black Blood","Bronze Scales","Centennial Puzzle","Pen Nib","Matryoshka","Darkstone Periapt"],"potions_floor_usage":[8,16,23,23,23],"damage_taken":[{"damage":7,"enemies":"Small Slimes","floor":1,"turns":4},{"damage":6,"enemies":"Jaw Worm","floor":3,"turns":4},{"damage":1,"enemies":"2 Louse","floor":5,"turns":2},{"damage":15,"enemies":"Lots of Slimes","floor":7,"turns":3},{"damage":11,"enemies":"2 Fungi Beasts","floor":8,"turns":4},{"damage":7,"enemies":"Blue Slaver","floor":10,"turns":3},{"damage":7,"enemies":"Lagavulin","floor":13,"turns":6},{"damage":40,"enemies":"The Guardian","floor":16,"turns":10},{"damage":20,"enemies":"3 Byrds","floor":18,"turns":4},{"damage":5,"enemies":"Chosen","floor":21,"turns":4},{"damage":38,"enemies":"Sentry and Sphere","floor":22,"turns":6},{"damage":69,"enemies":"Gremlin Leader","floor":23,"turns":7},{"damage":48,"enemies":"Book of Stabbing","floor":25,"turns":4}],"seed_played":"3806130856963428474","potions_obtained":[{"floor":1,"key":"SpeedPotion"},{"floor":3,"key":"Block Potion"},{"floor":7,"key":"BloodPotion"},{"floor":10,"key":"EssenceOfSteel"},{"floor":21,"key":"Weak Potion"}],"is_trial":false,"path_per_floor":["M","$","M","?","M","R","M","M","T","M","$","?","E","T","R","B",null,"M","$","?","M","M","E","R"],"character_chosen":"IRONCLAD","items_purchased":["Armaments","Uppercut","Metallicize","Bandage Up","Uppercut"],"campfire_rested":1,"item_purchase_floors":[2,2,11,19,19],"current_hp_per_floor":[79,79,79,76,80,80,71,74,74,73,73,73,72,72,72,38,80,70,70,70,80,56,13,37,0],"gold":154,"neow_bonus":"TRANSFORM_CARD","is_prod":false,"is_daily":false,"chose_seed":false,"campfire_upgraded":2,"win_rate":0.0,"timestamp":1532842847,"path_taken":["M","$","M","?","M","R","M","M","T","M","$","?","E","?","R","BOSS","M","$","?","M","M","E","R","E"],"build_version":"2018-07-26","purchased_purges":0,"victory":false,"max_hp_per_floor":[80,80,80,80,80,80,80,80,80,80,80,80,80,80,80,80,80,80,80,80,80,80,80,80,80],"card_choices":[{"not_picked":["Seeing Red","Shockwave"],"picked":"Battle Trance","floor":1},{"not_picked":["Whirlwind","Carnage"],"picked":"Perfected Strike","floor":3},{"not_picked":["Body Slam","Armaments"],"picked":"Perfected Strike","floor":5},{"not_picked":["Clothesline","Flex"],"picked":"Rampage","floor":7},{"not_picked":["Clothesline","True Grit"],"picked":"Anger","floor":8},{"not_picked":["Armaments","Dropkick"],"picked":"Searing Blow","floor":10},{"not_picked":["Dual Wield","Corruption"],"picked":"Bludgeon","floor":13},{"not_picked":["Demon Form","Limit Break"],"picked":"Reaper","floor":16},{"not_picked":["Headbutt","Clash"],"picked":"Shrug It Off","floor":18},{"not_picked":["Wild Strike","True Grit"],"picked":"Flex","floor":21},{"not_picked":["Shockwave","True Grit"],"picked":"Flex+1","floor":22},{"not_picked":["Hemokinesis","Sword Boomerang+1","Seeing Red+1"],"picked":"SKIP","floor":23}],"player_experience":60210,"relics_obtained":[{"floor":9,"key":"Centennial Puzzle"},{"floor":13,"key":"Pen Nib"},{"floor":14,"key":"Matryoshka"},{"floor":23,"key":"Darkstone Periapt"}],"event_choices":[{"event_name":"Scrap Ooze","player_choice":"success","floor":4,"damage_taken":3},{"event_name":"Purifier","player_choice":"One Purge","floor":12,"damage_taken":0},{"event_name":"The Library","player_choice":"Read","floor":20,"damage_taken":0}],"is_beta":false,"boss_relics":[{"not_picked":["Velvet Choker","Cursed Key"],"picked":"Black Blood"}],"items_purged_floors":[],"is_endless":false,"potions_floor_spawned":[1,3,7,10,21,22],"killed_by":"Book of Stabbing","ascension_level":0}