{"gold_per_floor":[118,135,152,166,186,186,198,227,252,272,272,299,367,121,121,222,222,238,238,238,2,17,17,47,47,47,62,9,9,20,37,37,139,139,139],"floor_reached":35,"playtime":1887,"items_purged":[],"score":456,"play_id":"1e9b3a3c-ebc9-4b41-bfe4-660d7711b676","local_time":"20180825114928","is_ascension_mode":true,"campfire_choices":[{"floor":6,"key":"REST"},{"floor":11,"key":"REST"},{"floor":15,"key":"REST"},{"data":"Ghostly","floor":23,"key":"SMITH"},{"data":"Ghostly","floor":25,"key":"SMITH"},{"data":"Ghostly","floor":29,"key":"SMITH"},{"data":"Ghostly","floor":32,"key":"SMITH"}],"neow_cost":"","seed_source_timestamp":727673444141008,"circlet_count":0,"master_deck":["Strike_B","Strike_B","Defend_B","Defend_B","Defend_B","Zap","Dualcast","Defragment","Coolheaded","Go for the Eyes","Coolheaded","Streamline","Defragment","Loop","Self Repair","Steam","Capacitor","Turbo","Electrodynamics","Coolheaded+1","BootSequence+1","Tempest+1","Doom and Gloom+1","Ghostly+1","Ghostly+1","Ghostly","Ghostly+1","Ghostly+1","Redo","Capacitor","Normality","Go for the Eyes","Conserve Battery","Loop+1","Stack","Core Surge"],"relics":["Cracked Core","Art of War","Happy Flower","Blue Candle","Blood Vial","Astrolabe","Nilry\u0027s Codex","Toy Ornithopter","Tiny Chest","Gambling Chip","White Beast Statue"],"potions_floor_usage":[8,8,16,30,33,35],"damage_taken":[{"damage":0,"enemies":"Cultist","floor":1,"turns":3},{"damage":12,"enemies":"Jaw Worm","floor":2,"turns":3},{"damage":0,"enemies":"Small Slimes","floor":3,"turns":3},{"damage":9,"enemies":"Looter","floor":4,"turns":3},{"damage":27,"enemies":"Exordium Wildlife","floor":5,"turns":9},{"damage":6,"enemies":"Large Slime","floor":7,"turns":6},{"damage":6,"enemies":"Lagavulin","floor":8,"turns":6},{"damage":5,"enemies":"Looter","floor":10,"turns":3},{"damage":24,"enemies":"Gremlin Nob","floor":12,"turns":4},{"damage":18,"enemies":"The Guardian","floor":16,"turns":12},{"damage":8,"enemies":"2 Thieves","floor":18,"turns":3},{"damage":8,"enemies":"Shell Parasite","floor":22,"turns":5},{"damage":9,"enemies":"Snake Plant","floor":27,"turns":7},{"damage":16,"enemies":"Sentry and Sphere","floor":30,"turns":6},{"damage":2,"enemies":"Chosen and Byrds","floor":31,"turns":6},{"damage":1,"enemies":"Champ","floor":33,"turns":12},{"damage":39,"enemies":"Flame Bruiser 1 Orb","floor":35,"turns":3}],"seed_played":"339285861573406572","potions_obtained":[{"floor":1,"key":"FocusPotion"},{"floor":2,"key":"SkillPotion"},{"floor":3,"key":"Fire Potion"},{"floor":8,"key":"LiquidBronze"},{"floor":18,"key":"PowerPotion"},{"floor":22,"key":"Dexterity Potion"},{"floor":33,"key":"Block Potion"}],"is_trial":false,"path_per_floor":["M","M","M","M","M","R","M","E","T","M","R","E","?","$","R","B",null,"M","?","?","$","M","R","?","R","T","M","$","R","M","M","R","B",null],"character_chosen":"DEFECT","items_purchased":["Capacitor","Blood Vial","Turbo","Redo","Toy Ornithopter","Conserve Battery"],"campfire_rested":3,"item_purchase_floors":[14,14,14,21,21,28],"current_hp_per_floor":[75,63,63,54,27,49,43,37,37,32,54,37,37,37,59,43,75,74,58,37,37,29,29,29,29,29,29,29,29,27,34,34,37,37,0],"gold":139,"neow_bonus":"","is_prod":false,"is_daily":false,"chose_seed":false,"campfire_upgraded":4,"win_rate":0,"timestamp":1535219368,"path_taken":["M","?","M","M","M","R","M","E","T","M","R","E","?","$","R","BOSS","M","?","?","$","M","R","?","R","T","M","$","R","M","M","R","BOSS","M"],"build_version":"2018-08-23v2","purchased_purges":0,"victory":false,"max_hp_per_floor":[75,75,75,75,75,75,75,75,75,75,75,75,75,75,75,75,75,75,75,37,37,37,37,37,37,37,37,37,37,37,37,37,37,37,37],"card_choices":[{"not_picked":["BootSequence","Doom and Gloom"],"picked":"Defragment","floor":1},{"not_picked":["Consume","Defragment"],"picked":"Coolheaded","floor":2},{"not_picked":["Steam Power","Turbo"],"picked":"Go for the Eyes","floor":3},{"not_picked":["Hello World","Beam Cell"],"picked":"Coolheaded","floor":4},{"not_picked":["Barrage","Sunder"],"picked":"Streamline","floor":5},{"not_picked":["Hologram","Turbo"],"picked":"Defragment","floor":7},{"not_picked":["Leap","Glacier"],"picked":"Loop","floor":8},{"not_picked":["Reboot","Conserve Battery"],"picked":"Self Repair","floor":10},{"not_picked":["Go for the Eyes","Coolheaded"],"picked":"Steam","floor":12},{"not_picked":["All For One","Echo Form"],"picked":"Electrodynamics","floor":16},{"not_picked":["Go for the Eyes","Cold Snap"],"picked":"Doom and Gloom+1","floor":18},{"not_picked":["Leap","Steam"],"picked":"Capacitor","floor":22},{"not_picked":["Turbo","Steam"],"picked":"Go for the Eyes","floor":27},{"not_picked":["Double Energy","Leap"],"picked":"Loop+1","floor":30},{"not_picked":["Steam","Creative AI"],"picked":"Stack","floor":31},{"not_picked":["All For One","Amplify"],"picked":"Core Surge","floor":33}],"player_experience":339584,"relics_obtained":[{"floor":8,"key":"Art of War"},{"floor":9,"key":"Happy Flower"},{"floor":12,"key":"Blue Candle"},{"floor":19,"key":"Nilry\u0027s Codex"},{"floor":26,"key":"Gambling Chip"}],"event_choices":[{"event_name":"Golden Wing","player_choice":"Gained Gold","floor":13,"damage_taken":0},{"event_name":"Cursed Tome","player_choice":"Obtained Book","floor":19,"damage_taken":0},{"event_name":"Ghosts","player_choice":"Became a Ghost","floor":20,"damage_taken":0},{"event_name":"Accursed Blacksmith","player_choice":"Rummage","floor":24,"damage_taken":0}],"is_beta":false,"boss_relics":[{"not_picked":["Empty Cage","Busted Crown"],"picked":"Astrolabe"},{"not_picked":["Philosopher\u0027s Stone","Inserter"],"picked":"White Beast Statue"}],"items_purged_floors":[],"is_endless":false,"potions_floor_spawned":[1,2,3,8,18,22,33],"killed_by":"Flame Bruiser 1 Orb","ascension_level":2}