{"gold_per_floor":[111,61,74,87,162,162,194,194,221,172,229,299,319,337,337,434,434,445,465,13,13,24,24,57,67,67,67,17,17,27,38,38,38],"floor_reached":33,"playtime":1292,"items_purged":[],"score":438,"play_id":"15e3d270-ffae-4ef6-9245-bb7780544511","local_time":"20181103123257","is_ascension_mode":true,"campfire_choices":[{"data":"Enlightenment","floor":6,"key":"SMITH"},{"data":"Flame Barrier","floor":8,"key":"SMITH"},{"data":"Perfected Strike","floor":15,"key":"SMITH"},{"floor":27,"key":"REST"},{"data":"Ghostly","floor":29,"key":"SMITH"},{"data":"Ghostly","floor":32,"key":"SMITH"}],"neow_cost":"CURSE","seed_source_timestamp":2054396852113511,"circlet_count":0,"master_deck":["Strike_R+1","Strike_R+1","Strike_R+1","Strike_R+1","Defend_R+1","Defend_R+1","Defend_R+1","Defend_R+1","Bash","The Bomb","Enlightenment+1","Writhe","Heavy Blade","Flex","Flame Barrier+1","Shockwave","Shrug It Off","Pommel Strike","Perfected Strike+1","Twin Strike","Reaper","Heavy Blade+1","Sword Boomerang","Violence","Carnage","Flex","Ghostly+1","Ghostly+1","Ghostly","Ghostly","Ghostly","Warcry","Flex+1","Twin Strike","Iron Wave"],"relics":["Black Blood","Pen Nib","Ancient Tea Set","Tiny Chest","Gremlin Horn","Kunai","Boot","Mercury Hourglass"],"potions_floor_usage":[7,13,22,31,31,33,33],"damage_taken":[{"damage":1,"enemies":"Cultist","floor":1,"turns":3},{"damage":0,"enemies":"Small Slimes","floor":3,"turns":3},{"damage":7,"enemies":"Jaw Worm","floor":4,"turns":2},{"damage":16,"enemies":"Gremlin Nob","floor":7,"turns":5},{"damage":17,"enemies":"3 Sentries","floor":11,"turns":5},{"damage":0,"enemies":"Lots of Slimes","floor":13,"turns":3},{"damage":0,"enemies":"2 Fungi Beasts","floor":14,"turns":3},{"damage":1,"enemies":"The Guardian","floor":16,"turns":9},{"damage":40,"enemies":"Shell Parasite","floor":18,"turns":7},{"damage":22,"enemies":"Spheric Guardian","floor":19,"turns":4},{"damage":18,"enemies":"Snake Plant","floor":22,"turns":5},{"damage":32,"enemies":"Slavers","floor":24,"turns":3},{"damage":22,"enemies":"Snecko","floor":25,"turns":6},{"damage":12,"enemies":"Sentry and Sphere","floor":30,"turns":7},{"damage":8,"enemies":"3 Cultists","floor":31,"turns":6},{"damage":45,"enemies":"Champ","floor":33,"turns":13}],"seed_played":"8503919256449525920","potions_obtained":[{"floor":3,"key":"Explosive Potion"},{"floor":4,"key":"Block Potion"},{"floor":13,"key":"PowerPotion"},{"floor":24,"key":"Dexterity Potion"},{"floor":25,"key":"Dexterity Potion"},{"floor":30,"key":"PowerPotion"},{"floor":31,"key":"BloodPotion"}],"is_trial":false,"path_per_floor":["M","?","M","M","?","R","E","R","T","$","E","T","M","M","R","B",null,"M","M","$","?","M","?","E","M","T","R","?","R","M","M","R","B"],"character_chosen":"IRONCLAD","items_purchased":["Shrug It Off","Violence","Kunai","Carnage"],"campfire_rested":1,"item_purchase_floors":[10,20,20,20],"current_hp_per_floor":[77,77,80,79,79,79,69,69,69,69,58,58,64,70,70,75,79,55,46,46,46,41,40,21,18,18,30,30,30,28,30,30,0],"gold":38,"neow_bonus":"RANDOM_COLORLESS_2","is_prod":false,"is_daily":false,"chose_seed":false,"campfire_upgraded":5,"win_rate":0,"timestamp":1541269977,"path_taken":["M","?","M","M","?","R","E","R","T","$","E","?","M","?","R","BOSS","M","M","$","?","M","?","E","M","T","R","?","R","?","M","R","BOSS"],"build_version":"2018-11-01","purchased_purges":0,"victory":false,"max_hp_per_floor":[80,80,80,80,80,80,80,80,80,80,80,80,80,80,80,80,80,80,80,80,80,80,40,40,40,40,40,40,40,40,40,40,40],"card_choices":[{"not_picked":["Body Slam","Combust"],"picked":"Heavy Blade","floor":1},{"not_picked":["Dropkick","Sword Boomerang"],"picked":"Flex","floor":3},{"not_picked":["Inflame","Heavy Blade"],"picked":"Flame Barrier","floor":4},{"not_picked":["Wild Strike","Combust"],"picked":"Shockwave","floor":7},{"not_picked":["Juggernaut","Perfected Strike"],"picked":"Pommel Strike","floor":11},{"not_picked":["Uppercut","Body Slam"],"picked":"Perfected Strike","floor":13},{"not_picked":["Seeing Red","Cleave"],"picked":"Twin Strike","floor":14},{"not_picked":["Juggernaut","Immolate"],"picked":"Reaper","floor":16},{"not_picked":["Rage","Uppercut"],"picked":"Heavy Blade+1","floor":18},{"not_picked":["Sever Soul","Clash"],"picked":"Sword Boomerang","floor":19},{"not_picked":["Clothesline","Searing Blow"],"picked":"Flex","floor":22},{"not_picked":["Rampage+1","Heavy Blade"],"picked":"Warcry","floor":24},{"not_picked":["Clash+1","Fire Breathing"],"picked":"Flex+1","floor":25},{"not_picked":["Spot Weakness+1","Evolve"],"picked":"Twin Strike","floor":30},{"not_picked":["Anger+1","Armaments"],"picked":"Iron Wave","floor":31}],"player_experience":70989,"relics_obtained":[{"floor":7,"key":"Pen Nib"},{"floor":9,"key":"Ancient Tea Set"},{"floor":11,"key":"Tiny Chest"},{"floor":12,"key":"Gremlin Horn"},{"floor":24,"key":"Boot"},{"floor":26,"key":"Mercury Hourglass"}],"event_choices":[{"cards_removed":["Strike_R"],"damage_healed":0,"gold_gain":0,"player_choice":"Card Removal","damage_taken":0,"max_hp_gain":0,"max_hp_loss":0,"event_name":"The Cleric","floor":2,"gold_loss":50},{"damage_healed":0,"gold_gain":75,"player_choice":"Gained Gold","damage_taken":0,"max_hp_gain":0,"max_hp_loss":0,"event_name":"Golden Wing","floor":5,"gold_loss":0},{"damage_healed":0,"gold_gain":0,"player_choice":"Simplicity","damage_taken":0,"max_hp_gain":0,"max_hp_loss":0,"event_name":"Back to Basics","floor":21,"gold_loss":0,"cards_upgraded":["Strike_R","Strike_R","Strike_R","Strike_R","Defend_R","Defend_R","Defend_R","Defend_R"]},{"damage_healed":0,"gold_gain":0,"player_choice":"Became a Ghost","damage_taken":0,"max_hp_gain":0,"max_hp_loss":40,"event_name":"Ghosts","floor":23,"gold_loss":0,"cards_obtained":["Ghostly","Ghostly","Ghostly","Ghostly","Ghostly"]},{"damage_healed":0,"gold_gain":0,"player_choice":"Bet on Murderer","damage_taken":0,"max_hp_gain":0,"max_hp_loss":0,"event_name":"The Joust","floor":28,"gold_loss":50}],"is_beta":false,"boss_relics":[{"not_picked":["Velvet Choker","Snecko Eye"],"picked":"Black Blood"}],"items_purged_floors":[],"is_endless":false,"potions_floor_spawned":[3,4,13,24,25,30,31],"killed_by":"Champ","ascension_level":8}