{"gold_per_floor":[114,114,129,146,146,164,176,203,203,203,233,52,8,24,24,119,119,136,136,147,167,184,216,283,283,306,316,316,345,357,372,372,372],"floor_reached":33,"playtime":1914,"items_purged":["Strike_R"],"score":330,"play_id":"fbf52820-93b6-4fdd-9d15-65342cfbbaae","local_time":"20190211005438","is_ascension_mode":false,"campfire_choices":[{"floor":10,"key":"DIG"},{"floor":15,"key":"REST"},{"floor":28,"key":"REST"},{"floor":32,"key":"REST"}],"neow_cost":"TEN_PERCENT_HP_LOSS","seed_source_timestamp":302535317485166,"circlet_count":0,"master_deck":["Strike_R+1","Strike_R","Strike_R","Strike_R","Defend_R","Defend_R+1","Defend_R","Defend_R","Bash","Secret Weapon","Impatience","Clash","Headbutt","Clash","Anger","Flash of Steel","Anger","Shrug It Off","Bludgeon","Anger","Warcry+1","Anger","Warcry+1","Shrug It Off"],"relics":["Burning Blood","Mummified Hand","Shovel","Bird Faced Urn","Ginger","Lizard Tail","SsserpentHead","Pear","Juzu Bracelet","Centennial Puzzle"],"potions_floor_usage":[8,11,20,22,23,23,25,31],"damage_taken":[{"damage":1,"enemies":"Cultist","floor":1,"turns":3},{"damage":1,"enemies":"2 Louse","floor":3,"turns":3},{"damage":3,"enemies":"Jaw Worm","floor":4,"turns":3},{"damage":1,"enemies":"2 Fungi Beasts","floor":6,"turns":2},{"damage":2,"enemies":"Blue Slaver","floor":7,"turns":2},{"damage":10,"enemies":"Gremlin Nob","floor":8,"turns":3},{"damage":40,"enemies":"Lagavulin","floor":11,"turns":6},{"damage":8,"enemies":"Gremlin Gang","floor":14,"turns":2},{"damage":8,"enemies":"Slime Boss","floor":16,"turns":6},{"damage":10,"enemies":"Chosen","floor":18,"turns":3},{"damage":0,"enemies":"Spheric Guardian","floor":20,"turns":2},{"damage":22,"enemies":"Snecko","floor":21,"turns":4},{"damage":1,"enemies":"Shelled Parasite and Fungi","floor":22,"turns":3},{"damage":54,"enemies":"Slavers","floor":23,"turns":6},{"damage":17,"enemies":"3 Cultists","floor":24,"turns":5},{"damage":2,"enemies":"Cultist and Chosen","floor":25,"turns":4},{"damage":16,"enemies":"Snake Plant","floor":27,"turns":3},{"damage":46,"enemies":"Book of Stabbing","floor":29,"turns":4},{"damage":41,"enemies":"Centurion and Healer","floor":30,"turns":5},{"damage":2,"enemies":"Chosen and Byrds","floor":31,"turns":4},{"damage":53,"enemies":"Champ","floor":33,"turns":10}],"seed_played":"2296475649224469529","potions_obtained":[{"floor":3,"key":"Strength Potion"},{"floor":7,"key":"SkillPotion"},{"floor":8,"key":"EssenceOfSteel"},{"floor":16,"key":"AttackPotion"},{"floor":20,"key":"Block Potion"},{"floor":22,"key":"PowerPotion"},{"floor":24,"key":"SmokeBomb"},{"floor":29,"key":"Poison Potion"}],"is_trial":false,"path_per_floor":["?","?","$","?","?","M"],"character_chosen":"IRONCLAD","items_purchased":["Flash of Steel","Anger"],"campfire_rested":3,"item_purchase_floors":[12,12],"current_hp_per_floor":[72,72,72,72,58,63,67,63,63,63,29,29,29,27,48,46,72,68,68,72,56,61,25,14,18,18,8,32,47,12,16,40,0],"gold":372,"neow_bonus":"RANDOM_COLORLESS_2","is_prod":false,"is_daily":false,"chose_seed":false,"campfire_upgraded":0,"win_rate":0,"timestamp":1549864478,"path_taken":["M","?","M","M","?","M","M","E","T","R","E","?","?","M","R","BOSS","M","?","M","M","M","E","?","M","T","M","R","E","M","M","R","BOSS"],"build_version":"2019-01-23","purchased_purges":1,"victory":false,"max_hp_per_floor":[72,72,72,72,72,72,72,72,72,72,72,72,72,72,72,72,72,72,72,72,72,72,82,82,82,82,82,82,82,82,82,82,82],"card_choices":[{"not_picked":["Pommel Strike","True Grit"],"picked":"Clash","floor":1},{"not_picked":["Body Slam","Ghostly Armor"],"picked":"Headbutt","floor":3},{"not_picked":["True Grit","Rupture","Brutality"],"picked":"SKIP","floor":4},{"not_picked":["Infernal Blade","Warcry","Dual Wield"],"picked":"SKIP","floor":6},{"not_picked":["Disarm","Body Slam"],"picked":"Clash","floor":7},{"not_picked":["Sever Soul","Clothesline","Intimidate"],"picked":"SKIP","floor":8},{"not_picked":["Disarm","Headbutt"],"picked":"Anger","floor":11},{"not_picked":["Offering","True Grit"],"picked":"Shrug It Off","floor":14},{"not_picked":["Fiend Fire","Limit Break"],"picked":"Bludgeon","floor":16},{"not_picked":["Wild Strike","Sentinel"],"picked":"Anger","floor":18},{"not_picked":["Pommel Strike","Clothesline","Bloodletting+1"],"picked":"SKIP","floor":20},{"not_picked":["Clothesline","Entrench"],"picked":"Warcry+1","floor":21},{"not_picked":["Disarm+1","Havoc","Rage"],"picked":"SKIP","floor":22},{"not_picked":["Dual Wield","Flex","Havoc"],"picked":"SKIP","floor":23},{"not_picked":["Seeing Red","Carnage"],"picked":"Anger","floor":24},{"not_picked":["Clothesline","Havoc"],"picked":"Warcry+1","floor":27},{"not_picked":["Bloodletting","Warcry","Impervious"],"picked":"SKIP","floor":29},{"not_picked":["Intimidate+1","Carnage","Thunderclap"],"picked":"SKIP","floor":30},{"not_picked":["Thunderclap","Headbutt"],"picked":"Shrug It Off","floor":31}],"player_experience":402062,"relics_obtained":[{"floor":8,"key":"Mummified Hand"},{"floor":9,"key":"Shovel"},{"floor":10,"key":"Bird Faced Urn"},{"floor":11,"key":"Ginger"},{"floor":23,"key":"Pear"},{"floor":26,"key":"Juzu Bracelet"},{"floor":29,"key":"Centennial Puzzle"}],"event_choices":[{"damage_healed":0,"gold_gain":0,"player_choice":"Ignored","damage_taken":0,"max_hp_gain":0,"max_hp_loss":0,"event_name":"Liars Game","floor":2,"gold_loss":0},{"damage_healed":0,"gold_gain":0,"player_choice":"Entered Light","damage_taken":14,"max_hp_gain":0,"max_hp_loss":0,"event_name":"Shining Light","floor":5,"gold_loss":0,"cards_upgraded":["Defend_R","Strike_R"]},{"damage_healed":0,"gold_gain":0,"player_choice":"Left Gold","damage_taken":0,"max_hp_gain":0,"max_hp_loss":0,"event_name":"World of Goop","floor":13,"gold_loss":44},{"damage_healed":0,"gold_gain":0,"player_choice":"Trade","damage_taken":0,"relics_obtained":["SsserpentHead"],"max_hp_gain":0,"max_hp_loss":0,"event_name":"FaceTrader","floor":19,"gold_loss":0}],"is_beta":false,"boss_relics":[{"not_picked":["Empty Cage","Coffee Dripper"],"picked":"Lizard Tail"}],"items_purged_floors":[12],"is_endless":false,"potions_floor_spawned":[3,7,8,16,20,22,24,25,29],"killed_by":"Champ","ascension_level":0}