{"gold_per_floor":[218,393,411,61,61,92,92,125,177,194,194,194,211,242,242,341,341,358,273,288,19,29,29],"floor_reached":23,"playtime":943,"items_purged":["Doubt","Shame"],"score":251,"play_id":"47b0dcb9-7ad6-4321-b433-cd121bd97a9c","local_time":"20180929160432","is_ascension_mode":true,"campfire_choices":[{"floor":7,"key":"REST"},{"floor":11,"key":"REST"},{"data":"Armaments","floor":15,"key":"SMITH"}],"neow_cost":"NONE","seed_source_timestamp":1376226065104676,"circlet_count":0,"master_deck":["Strike_R+1","Strike_R+1","Strike_R","Strike_R","Strike_R","Defend_R","Defend_R","Defend_R","Defend_R+1","Bash","Iron Wave","Sword Boomerang","Armaments+1","Pummel+1","Flex","Inflame","Power Through","Evolve+1","Pommel Strike","Impervious","Injury","Clumsy","Havoc+1","Reckless Charge","Warcry","Shockwave","Uppercut","Wild Strike"],"relics":["Burning Blood","Strange Spoon","Whetstone","Kunai","Juzu Bracelet","Frozen Egg 2","Self Forming Clay","Calling Bell","Centennial Puzzle","Gremlin Horn","Calipers","Bag of Marbles"],"potions_floor_usage":[6,16,16,20,23],"damage_taken":[{"damage":12,"enemies":"Small Slimes","floor":1,"turns":4},{"damage":6,"enemies":"Cultist","floor":3,"turns":4},{"damage":40,"enemies":"3 Sentries","floor":6,"turns":10},{"damage":33,"enemies":"Lagavulin","floor":8,"turns":6},{"damage":1,"enemies":"2 Louse","floor":10,"turns":3},{"damage":0,"enemies":"Large Slime","floor":13,"turns":3},{"damage":10,"enemies":"3 Sentries","floor":14,"turns":8},{"damage":28,"enemies":"The Guardian","floor":16,"turns":12},{"damage":22,"enemies":"Chosen","floor":18,"turns":6},{"damage":22,"enemies":"2 Thieves","floor":20,"turns":4},{"damage":24,"enemies":"Shelled Parasite and Fungi","floor":22,"turns":7},{"damage":30,"enemies":"Slavers","floor":23,"turns":3}],"seed_played":"8605663447910582202","potions_obtained":[{"floor":3,"key":"Fire Potion"},{"floor":6,"key":"PowerPotion"},{"floor":10,"key":"PowerPotion"},{"floor":14,"key":"Energy Potion"},{"floor":18,"key":"Weak Potion"}],"is_trial":false,"path_per_floor":["M","?","M","$","?","E","R","E","T","M","R","T","M","E","R","B",null,"M","?","M","$","M"],"character_chosen":"IRONCLAD","items_purchased":["Armaments","Pummel","Strange Spoon","Warcry","Shockwave","Uppercut"],"campfire_rested":2,"item_purchase_floors":[4,4,4,21,21,21],"current_hp_per_floor":[74,74,74,74,58,24,48,21,21,26,50,50,56,52,52,30,80,64,64,48,48,30,0],"gold":29,"neow_bonus":"HUNDRED_GOLD","is_prod":false,"is_daily":false,"chose_seed":false,"campfire_upgraded":1,"win_rate":0,"timestamp":1538258672,"path_taken":["M","?","?","$","?","E","R","E","T","M","R","?","M","E","R","BOSS","M","?","M","$","M","E"],"build_version":"2018-09-27","purchased_purges":2,"victory":false,"max_hp_per_floor":[80,80,80,80,80,80,80,80,80,80,80,80,80,80,80,80,80,80,80,80,80,80,80],"card_choices":[{"not_picked":["Pommel Strike","Warcry"],"picked":"Iron Wave","floor":1},{"not_picked":["Clothesline","Dropkick"],"picked":"Sword Boomerang","floor":3},{"not_picked":["Limit Break","Thunderclap"],"picked":"Flex","floor":6},{"not_picked":["Iron Wave","Shrug It Off"],"picked":"Inflame","floor":8},{"not_picked":["Pommel Strike","Shockwave"],"picked":"Power Through","floor":10},{"not_picked":["Anger","Battle Trance"],"picked":"Evolve+1","floor":13},{"not_picked":["Hemokinesis","Rampage"],"picked":"Pommel Strike","floor":14},{"not_picked":["Berserk+1","Offering"],"picked":"Impervious","floor":16},{"not_picked":["Anger","Seeing Red"],"picked":"Havoc+1","floor":18},{"not_picked":["Twin Strike","Headbutt"],"picked":"Reckless Charge","floor":20},{"not_picked":["Clothesline","Dual Wield"],"picked":"Wild Strike","floor":22}],"player_experience":641458,"relics_obtained":[{"floor":6,"key":"Whetstone"},{"floor":8,"key":"Kunai"},{"floor":9,"key":"Juzu Bracelet"},{"floor":12,"key":"Frozen Egg 2"},{"floor":14,"key":"Self Forming Clay"},{"floor":17,"key":"Centennial Puzzle"},{"floor":17,"key":"Gremlin Horn"},{"floor":17,"key":"Calipers"}],"event_choices":[{"event_name":"Liars Game","player_choice":"agreed","floor":2,"damage_taken":0},{"event_name":"Shining Light","player_choice":"Entered Light","floor":5,"damage_taken":0},{"event_name":"Addict","player_choice":"Obtained Relic","floor":19,"damage_taken":0}],"is_beta":false,"boss_relics":[{"not_picked":["Runic Dome","Astrolabe"],"picked":"Calling Bell"}],"items_purged_floors":[4,21],"is_endless":false,"potions_floor_spawned":[3,6,10,14,18],"killed_by":"Slavers","ascension_level":4}