{"gold_per_floor":[360,360,373,384,398,398,411,411,411,442,462,57,71,71,71,71],"floor_reached":16,"playtime":710,"items_purged":[],"score":156,"play_id":"44c51418-5512-451e-a056-859d1d76bf68","local_time":"20190328131153","is_ascension_mode":true,"campfire_choices":[{"data":"Bash","floor":6,"key":"SMITH"},{"floor":15,"key":"REST"}],"neow_cost":"PERCENT_DAMAGE","seed_source_timestamp":1086315777962479,"circlet_count":0,"master_deck":["AscendersBane","Strike_R","Strike_R","Strike_R","Strike_R","Defend_R","Defend_R","Defend_R","Defend_R","Bash+1","Headbutt","Seeing Red","Anger","Seeing Red","Shrug It Off","Barricade","Rampage","Carnage","Iron Wave"],"relics":["Burning Blood","Self Forming Clay","Art of War","Paper Frog","Dream Catcher","Golden Idol"],"potions_floor_usage":[13],"damage_taken":[{"damage":4,"enemies":"Small Slimes","floor":1,"turns":4},{"damage":1,"enemies":"2 Louse","floor":3,"turns":4},{"damage":6,"enemies":"Cultist","floor":4,"turns":4},{"damage":12,"enemies":"Looter","floor":5,"turns":3},{"damage":17,"enemies":"2 Fungi Beasts","floor":7,"turns":4},{"damage":23,"enemies":"Gremlin Nob","floor":10,"turns":4},{"damage":11,"enemies":"Lots of Slimes","floor":11,"turns":6},{"damage":9,"enemies":"Gremlin Gang","floor":13,"turns":3},{"damage":47,"enemies":"Slime Boss","floor":16,"turns":7}],"seed_played":"-4468664830663244603","potions_obtained":[{"floor":3,"key":"Explosive Potion"},{"floor":10,"key":"Swift Potion"},{"floor":11,"key":"Swift Potion"}],"is_trial":false,"path_per_floor":["?","?","M","?"],"character_chosen":"IRONCLAD","items_purchased":["Paper Frog","Dream Catcher"],"campfire_rested":1,"item_purchase_floors":[12,12],"current_hp_per_floor":[53,58,63,63,57,57,46,46,46,29,24,24,21,21,44,0],"gold":71,"neow_bonus":"TWO_FIFTY_GOLD","is_prod":false,"is_daily":false,"chose_seed":false,"campfire_upgraded":1,"win_rate":0,"timestamp":1553793113,"path_taken":["M","?","M","M","M","R","M","?","T","E","?","$","M","?","R","BOSS"],"build_version":"2019-01-23","purchased_purges":0,"victory":false,"max_hp_per_floor":[80,85,85,85,85,85,85,85,85,85,85,85,85,79,79,79],"card_choices":[{"not_picked":["Twin Strike","Warcry"],"picked":"Headbutt","floor":1},{"not_picked":["Fire Breathing","Warcry"],"picked":"Seeing Red","floor":3},{"not_picked":["Intimidate","Sword Boomerang"],"picked":"Anger","floor":4},{"not_picked":["Anger","Warcry"],"picked":"Seeing Red","floor":5},{"not_picked":["Uppercut","Heavy Blade"],"picked":"Shrug It Off","floor":7},{"not_picked":["Pommel Strike","Rage"],"picked":"Barricade","floor":10},{"not_picked":["Intimidate","Cleave"],"picked":"Rampage","floor":11},{"not_picked":["Reckless Charge","Fire Breathing"],"picked":"Carnage","floor":13},{"not_picked":["Rage","Whirlwind"],"picked":"Iron Wave","floor":15}],"player_experience":1123830,"relics_obtained":[{"floor":9,"key":"Self Forming Clay"},{"floor":10,"key":"Art of War"}],"event_choices":[{"damage_healed":0,"gold_gain":0,"player_choice":"Donut","damage_taken":0,"max_hp_gain":5,"max_hp_loss":0,"event_name":"Big Fish","floor":2,"gold_loss":0},{"cards_removed":["Strike_R"],"damage_healed":0,"gold_gain":0,"player_choice":"Purged","damage_taken":0,"max_hp_gain":0,"max_hp_loss":0,"event_name":"Purifier","floor":8,"gold_loss":0},{"damage_healed":0,"gold_gain":0,"player_choice":"Lose Max HP","damage_taken":0,"relics_obtained":["Golden Idol"],"max_hp_gain":0,"max_hp_loss":6,"event_name":"Golden Idol","floor":14,"gold_loss":0}],"is_beta":false,"boss_relics":[],"items_purged_floors":[],"is_endless":false,"potions_floor_spawned":[3,10,11],"killed_by":"Slime Boss","ascension_level":10}