{"gold_per_floor":[119,119,136,311,386,386,421,433,459,471,44,55,55,86,86,183,183,196,212,212,56,56,56],"floor_reached":23,"playtime":1118,"items_purged":["Regret"],"score":284,"play_id":"8f17a31c-acc5-4e45-966c-080bf2a4994b","local_time":"20181026213026","is_ascension_mode":true,"campfire_choices":[{"data":"Uppercut","floor":6,"key":"SMITH"},{"floor":13,"key":"REST"},{"floor":15,"key":"REST"}],"neow_cost":"TEN_PERCENT_HP_LOSS","seed_source_timestamp":1395601630625877,"circlet_count":0,"master_deck":["Defend_R","Defend_R","Defend_R","Defend_R","Bash","Bandage Up","Blind","Uppercut+1","Wild Strike","Doubt","Iron Wave","Clothesline","Twin Strike","Apotheosis","Twin Strike","Perfected Strike","Demon Form","Disarm+1","Fire Breathing+1","Writhe","Impatience","Bite","Bite","Bite","Bite","Bite"],"relics":["Black Blood","Oddly Smooth Stone","Centennial Puzzle","Boot","Pear","Bottled Flame","Blue Candle"],"potions_floor_usage":[14,16,23,23],"damage_taken":[{"damage":0,"enemies":"Small Slimes","floor":1,"turns":3},{"damage":1,"enemies":"Cultist","floor":3,"turns":3},{"damage":46,"enemies":"Lagavulin","floor":7,"turns":9},{"damage":3,"enemies":"Jaw Worm","floor":8,"turns":4},{"damage":10,"enemies":"3 Louse","floor":10,"turns":3},{"damage":10,"enemies":"Large Slime","floor":12,"turns":7},{"damage":21,"enemies":"Gremlin Nob","floor":14,"turns":4},{"damage":27,"enemies":"The Guardian","floor":16,"turns":11},{"damage":37,"enemies":"Shell Parasite","floor":18,"turns":9},{"damage":18,"enemies":"Chosen","floor":19,"turns":6},{"damage":72,"enemies":"Gremlin Leader","floor":23,"turns":7}],"seed_played":"2852879086264715980","potions_obtained":[{"floor":7,"key":"FearPotion"},{"floor":8,"key":"EssenceOfSteel"},{"floor":10,"key":"Explosive Potion"},{"floor":18,"key":"LiquidBronze"},{"floor":19,"key":"GamblersBrew"}],"is_trial":false,"path_per_floor":["M","?","M","?","?","R","E","M","T","M","$","M","R","E","R","B",null,"M","M","?","$","?"],"character_chosen":"IRONCLAD","items_purchased":["Apotheosis","Pear","Impatience"],"campfire_rested":2,"item_purchase_floors":[11,11,21],"current_hp_per_floor":[72,72,72,72,61,61,25,32,32,28,38,38,62,47,71,54,75,52,48,48,48,48,0],"gold":56,"neow_bonus":"RANDOM_COLORLESS_2","is_prod":false,"is_daily":false,"chose_seed":false,"campfire_upgraded":1,"win_rate":0,"timestamp":1540611026,"path_taken":["M","?","?","?","?","R","E","M","T","M","$","?","R","E","R","BOSS","M","?","?","$","?","E"],"build_version":"2018-10-25v2","purchased_purges":1,"victory":false,"max_hp_per_floor":[72,72,72,72,72,72,72,72,72,72,82,82,82,82,82,82,82,82,82,82,82,57,57],"card_choices":[{"not_picked":["Warcry","True Grit"],"picked":"Uppercut","floor":1},{"not_picked":["Corruption","Headbutt"],"picked":"Wild Strike","floor":3},{"not_picked":["Brutality","Warcry"],"picked":"Iron Wave","floor":7},{"not_picked":["Hemokinesis","Sword Boomerang"],"picked":"Clothesline","floor":8},{"not_picked":["Cleave","Flex"],"picked":"Twin Strike","floor":10},{"not_picked":["Burning Pact","Body Slam"],"picked":"Twin Strike","floor":12},{"not_picked":["Seeing Red","Ghostly Armor","Perfected Strike"],"picked":"SKIP","floor":14},{"not_picked":["Seeing Red","Ghostly Armor"],"picked":"Perfected Strike","floor":14},{"not_picked":["Dark Embrace","Immolate"],"picked":"Demon Form","floor":16},{"not_picked":["Ghostly Armor","Reckless Charge"],"picked":"Disarm+1","floor":18},{"not_picked":["Warcry","Dual Wield+1"],"picked":"Fire Breathing+1","floor":19}],"player_experience":883724,"relics_obtained":[{"floor":7,"key":"Centennial Puzzle"},{"floor":9,"key":"Boot"},{"floor":14,"key":"Bottled Flame"}],"event_choices":[{"damage_healed":0,"gold_gain":0,"player_choice":"Box","damage_taken":0,"relics_obtained":["Oddly Smooth Stone"],"max_hp_gain":0,"max_hp_loss":0,"event_name":"Big Fish","floor":2,"gold_loss":0,"cards_obtained":["Regret"]},{"damage_healed":0,"gold_gain":175,"player_choice":"AGREE","damage_taken":0,"max_hp_gain":0,"max_hp_loss":0,"event_name":"Liars Game","floor":4,"gold_loss":0,"cards_obtained":["Doubt"]},{"damage_healed":0,"gold_gain":75,"player_choice":"Gather Gold","damage_taken":11,"max_hp_gain":0,"max_hp_loss":0,"event_name":"World of Goop","floor":5,"gold_loss":0},{"damage_healed":0,"gold_gain":0,"player_choice":"Opened","damage_taken":0,"relics_obtained":["Blue Candle"],"max_hp_gain":0,"max_hp_loss":0,"event_name":"The Mausoleum","floor":20,"gold_loss":0,"cards_obtained":["Writhe"]},{"damage_healed":0,"gold_gain":0,"player_choice":"Became a vampire","damage_taken":0,"max_hp_gain":0,"max_hp_loss":25,"event_name":"Vampires","floor":22,"gold_loss":0,"cards_obtained":["Bite","Bite","Bite","Bite","Bite"]}],"is_beta":false,"boss_relics":[{"not_picked":["White Beast Statue","Eternal Feather"],"picked":"Black Blood"}],"items_purged_floors":[21],"is_endless":false,"potions_floor_spawned":[7,8,10,18,19],"killed_by":"Gremlin Leader","ascension_level":6}