{"gold_per_floor":[109,109,109,109,123,123,42,76,151,151,161,175,100,114,114,212,212,230,248,163,163,176,176,210,60,129,143,143,161,194,33,33,136,136,156,156,170,180,80,80,99,99,99,99,99],"floor_reached":46,"playtime":3623,"items_purged":["Strike_G","Strike_G"],"score":905,"play_id":"4e20912a-7b31-4447-928f-c5d261fe6c89","local_time":"20190124234455","is_ascension_mode":true,"campfire_choices":[{"data":"Neutralize","floor":6.0,"key":"SMITH"},{"floor":10.0,"key":"REST"},{"data":"Setup","floor":15.0,"key":"SMITH"},{"data":"Tools of the Trade","floor":23.0,"key":"SMITH"},{"floor":28.0,"key":"REST"},{"data":"Burst","floor":32.0,"key":"SMITH"},{"floor":40.0,"key":"REST"},{"floor":42.0,"key":"REST"}],"neow_cost":"CURSE","seed_source_timestamp":1041142442382453,"circlet_count":0,"master_deck":["Defend_G","Defend_G","Defend_G","Defend_G","Defend_G","Strike_G","Survivor","Neutralize+1","Tools of the Trade+1","Underhanded Strike","Underhanded Strike","Panacea","Underhanded Strike+1","Underhanded Strike+1","Setup+1","Burst+1","Backflip","Tactician","Terror","PiercingWail","Prepared+1","Skewer+1","Acrobatics","Flechettes+1","Footwork","Flechettes+1","Night Terror","Dodge and Roll+1","Catalyst+1","Footwork","Footwork","Finisher+1","PiercingWail+1","Leg Sweep+1","Calculated Gamble+1"],"special_seed":0,"relics":["Ring of the Snake","Potion Belt","Mercury Hourglass","Runic Pyramid","Prayer Wheel","Mango","Whetstone","Molten Egg 2","Lantern","White Beast Statue","Dodecahedron"],"potions_floor_usage":[45,45,45,45],"damage_taken":[{"damage":10.0,"enemies":"Jaw Worm","floor":1.0,"turns":7.0},{"damage":0.0,"enemies":"2 Louse","floor":5.0,"turns":4.0},{"damage":34.0,"enemies":"Lagavulin","floor":8.0,"turns":9.0},{"damage":0.0,"enemies":"Cultist","floor":11.0,"turns":3.0},{"damage":15.0,"enemies":"Lots of Slimes","floor":12.0,"turns":4.0},{"damage":3.0,"enemies":"Blue Slaver","floor":14.0,"turns":3.0},{"damage":20.0,"enemies":"Hexaghost","floor":16.0,"turns":13.0},{"damage":7.0,"enemies":"3 Byrds","floor":18.0,"turns":6.0},{"damage":8.0,"enemies":"Spheric Guardian","floor":19.0,"turns":5.0},{"damage":0.0,"enemies":"Snecko","floor":22.0,"turns":5.0},{"damage":34.0,"enemies":"Book of Stabbing","floor":24.0,"turns":7.0},{"damage":6.0,"enemies":"3 Cultists","floor":27.0,"turns":6.0},{"damage":9.0,"enemies":"Centurion and Healer","floor":29.0,"turns":5.0},{"damage":0.0,"enemies":"Gremlin Leader","floor":30.0,"turns":6.0},{"damage":17.0,"enemies":"Collector","floor":33.0,"turns":8.0},{"damage":15.0,"enemies":"3 Darklings","floor":35.0,"turns":8.0},{"damage":10.0,"enemies":"3 Shapes","floor":37.0,"turns":7.0},{"damage":32.0,"enemies":"Spire Growth","floor":38.0,"turns":8.0},{"damage":15.0,"enemies":"Maw","floor":41.0,"turns":8.0},{"damage":27,"enemies":"Donu and Deca","floor":45,"turns":12}],"seed_played":"6882786006472434804","potions_obtained":[{"floor":5.0,"key":"FearPotion"},{"floor":11.0,"key":"Swift Potion"},{"floor":14.0,"key":"Regen Potion"},{"floor":16.0,"key":"Block Potion"},{"floor":19.0,"key":"SteroidPotion"},{"floor":24.0,"key":"PowerPotion"},{"floor":29.0,"key":"SteroidPotion"},{"floor":30.0,"key":"Explosive Potion"},{"floor":33.0,"key":"SpeedPotion"},{"floor":35.0,"key":"SteroidPotion"},{"floor":37.0,"key":"Energy Potion"},{"floor":38.0,"key":"Dexterity Potion"},{"floor":41.0,"key":"Weak Potion"}],"is_trial":false,"path_per_floor":["M","?","?","$","M","R","$","E","T","R","M","M","$","M","R","B",null,"M","M","?","?","M","R","E","$","T","M","R","M","E","$","R","B",null,"M","?","M","M","$","R","M","R","T","?","B",null],"character_chosen":"THE_SILENT","items_purchased":["Panacea","Whetstone","Footwork","Flechettes+1"],"campfire_rested":4,"item_purchase_floors":[7,25,31,31],"current_hp_per_floor":[53,53,53,53,53,53,53,19,19,40,40,25,25,22,22,2,53,46,38,38,38,38,38,33,33,33,27,52,43,43,43,43,26,70,55,55,45,13,13,38,23,48,48,48,21],"gold":99,"neow_bonus":"THREE_RARE_CARDS","is_prod":false,"is_daily":false,"chose_seed":false,"campfire_upgraded":4,"win_rate":0,"timestamp":1548402295,"path_taken":["M","?","?","$","M","R","$","E","T","R","M","?","$","M","R","BOSS","M","?","?","?","?","R","E","?","T","M","R","M","E","$","R","BOSS","M","?","M","?","?","R","M","R","T","?","BOSS"],"build_version":"2019-01-23","purchased_purges":2,"victory":true,"max_hp_per_floor":[70,70,70,70,70,70,70,70,70,70,70,70,70,70,70,70,70,70,70,70,70,70,70,84,84,84,84,84,84,84,84,84,84,84,84,84,84,84,84,84,84,84,84,84,84],"card_choices":[{"not_picked":["Envenom","Doppelganger"],"picked":"Tools of the Trade","floor":0.0},{"not_picked":["PiercingWail","Crippling Poison"],"picked":"Underhanded Strike","floor":1.0},{"not_picked":["Prepared","Deadly Poison"],"picked":"Underhanded Strike","floor":5.0},{"not_picked":["A Thousand Cuts","Heel Hook","Blade Dance"],"picked":"SKIP","floor":8.0},{"not_picked":["Backflip","Dodge and Roll"],"picked":"Underhanded Strike","floor":11.0},{"not_picked":["Poisoned Stab","Dagger Spray"],"picked":"Underhanded Strike","floor":12.0},{"not_picked":["Catalyst","Slice"],"picked":"Setup","floor":14.0},{"not_picked":["A Thousand Cuts","Phantasmal Killer"],"picked":"Burst","floor":16.0},{"not_picked":["Quick Slash+1","Flying Knee+1","Infinite Blades"],"picked":"SKIP","floor":18.0},{"not_picked":["Dagger Spray","Cloak And Dagger"],"picked":"Backflip","floor":19.0},{"not_picked":["Distraction","Well Laid Plans"],"picked":"Terror","floor":22.0},{"not_picked":["Deadly Poison","Poisoned Stab"],"picked":"PiercingWail","floor":22.0},{"not_picked":["Dagger Spray","Caltrops+1"],"picked":"Prepared+1","floor":24.0},{"not_picked":["Setup","Underhanded Strike+1"],"picked":"Skewer+1","floor":27.0},{"not_picked":["Outmaneuver","Expertise+1","Slice+1"],"picked":"SKIP","floor":27.0},{"not_picked":["Bouncing Flask","Setup"],"picked":"Acrobatics","floor":29.0},{"not_picked":["Expertise","Outmaneuver","Slice+1"],"picked":"SKIP","floor":29.0},{"not_picked":["Dagger Spray+1","Flying Knee+1"],"picked":"Flechettes+1","floor":30.0},{"not_picked":["Burst","A Thousand Cuts"],"picked":"Night Terror","floor":33.0},{"not_picked":["Blade Dance","Dagger Spray+1"],"picked":"Dodge and Roll+1","floor":35.0},{"not_picked":["Sucker Punch+1","Poisoned Stab+1"],"picked":"Catalyst+1","floor":35.0},{"not_picked":["Accuracy","Acrobatics+1"],"picked":"Footwork","floor":37.0},{"not_picked":["Outmaneuver","Cloak And Dagger"],"picked":"Finisher+1","floor":37.0},{"not_picked":["Blade Dance","Distraction"],"picked":"PiercingWail+1","floor":38.0},{"not_picked":["Bane+1","Caltrops+1"],"picked":"Leg Sweep+1","floor":38.0},{"not_picked":["Cloak And Dagger","Slice+1"],"picked":"Calculated Gamble+1","floor":41.0},{"not_picked":["Acrobatics","Night Terror","All Out Attack+1"],"picked":"SKIP","floor":41.0}],"player_experience":301642,"relics_obtained":[{"floor":8.0,"key":"Potion Belt"},{"floor":9.0,"key":"Mercury Hourglass"},{"floor":24.0,"key":"Mango"},{"floor":26.0,"key":"Molten Egg 2"},{"floor":30.0,"key":"Lantern"},{"floor":43.0,"key":"Dodecahedron"}],"event_choices":[{"cards_removed":["Injury"],"damage_healed":0.0,"max_hp_gain":0.0,"max_hp_loss":0.0,"gold_gain":0.0,"event_name":"Living Wall","player_choice":"Forget","floor":2.0,"gold_loss":0.0,"damage_taken":0.0},{"cards_removed":["Strike_G"],"damage_healed":0.0,"max_hp_gain":0.0,"max_hp_loss":0.0,"gold_gain":0.0,"event_name":"Bonfire Elementals","player_choice":"Offered Basic","floor":3.0,"gold_loss":0.0,"damage_taken":0.0},{"damage_healed":0.0,"max_hp_gain":0.0,"max_hp_loss":0.0,"gold_gain":0.0,"event_name":"Addict","player_choice":"Obtained Relic","floor":20.0,"gold_loss":85.0,"damage_taken":0.0,"relics_obtained":["Prayer Wheel"]},{"damage_healed":0.0,"max_hp_gain":0.0,"max_hp_loss":0.0,"gold_gain":0.0,"cards_transformed":["Strike_G"],"event_name":"Transmorgrifier","player_choice":"Transformed","floor":21.0,"gold_loss":0.0,"damage_taken":0.0,"cards_obtained":["Tactician"]},{"damage_healed":0.0,"max_hp_gain":0.0,"max_hp_loss":0.0,"gold_gain":0.0,"event_name":"Duplicator","player_choice":"Copied","floor":36.0,"gold_loss":0.0,"damage_taken":0.0,"cards_obtained":["Footwork"]},{"damage_healed":0,"gold_gain":0,"player_choice":"Took Portal","damage_taken":0,"max_hp_gain":0,"max_hp_loss":0,"event_name":"SecretPortal","floor":44,"gold_loss":0}],"is_beta":false,"boss_relics":[{"not_picked":["Cursed Key","WristBlade"],"picked":"Runic Pyramid"},{"not_picked":["Lizard Tail","Tiny House"],"picked":"White Beast Statue"}],"items_purged_floors":[13,39],"is_endless":false,"potions_floor_spawned":[5,11,14,16,19,24,29,30,33,35,37,38,41],"ascension_level":7}