{"gold_per_floor":[110,120,120,120,140,140,157,6,6,18,31,31,44,61,61,159,159,176,196,209,209,225,225,225,225,225,225,239,258,258,336,336,336],"floor_reached":33,"playtime":1376,"items_purged":[],"score":243,"play_id":"ee40eca3-da11-4cbe-8103-0f07246bafc3","local_time":"20190329212408","is_ascension_mode":false,"campfire_choices":[{"data":"Seeing Red","floor":6.0,"key":"SMITH"},{"data":"Flame Barrier","floor":12.0,"key":"SMITH"},{"data":"Uppercut","floor":15.0,"key":"SMITH"},{"floor":23,"key":"REST"},{"data":"Shockwave","floor":25,"key":"SMITH"},{"data":"Spot Weakness","floor":27,"key":"SMITH"},{"floor":30,"key":"REST"},{"floor":32,"key":"REST"}],"neow_cost":"NONE","seed_source_timestamp":824707908986042,"circlet_count":0,"master_deck":["Strike_R+1","Strike_R+1","Strike_R+1","Strike_R+1","Strike_R+1","Defend_R+1","Defend_R+1","Defend_R+1","Defend_R+1","Bash+1","Pommel Strike","Metallicize","Seeing Red+1","Spot Weakness+1","Flame Barrier+1","Finesse","Reckless Charge","Clothesline","Feed","Uppercut+1","Immolate","Clothesline","Sentinel+1","Shockwave+1","Ghostly Armor","Seeing Red"],"special_seed":0,"relics":["Burning Blood"],"potions_floor_usage":[20,22,28,33],"damage_taken":[{"damage":10.0,"enemies":"Jaw Worm","floor":1.0,"turns":4.0},{"damage":0.0,"enemies":"Small Slimes","floor":2.0,"turns":3.0},{"damage":3.0,"enemies":"Cultist","floor":5.0,"turns":3.0},{"damage":5.0,"enemies":"Looter","floor":7.0,"turns":2.0},{"damage":0.0,"enemies":"Blue Slaver","floor":10.0,"turns":5.0},{"damage":8.0,"enemies":"Gremlin Gang","floor":11.0,"turns":5.0},{"damage":0.0,"enemies":"Red Slaver","floor":13.0,"turns":2.0},{"damage":5.0,"enemies":"2 Fungi Beasts","floor":14.0,"turns":4.0},{"damage":25.0,"enemies":"The Guardian","floor":16.0,"turns":11.0},{"damage":12.0,"enemies":"Shell Parasite","floor":18.0,"turns":6.0},{"damage":32.0,"enemies":"2 Thieves","floor":19.0,"turns":5.0},{"damage":29,"enemies":"Sentry and Sphere","floor":20,"turns":4},{"damage":16,"enemies":"Shelled Parasite and Fungi","floor":22,"turns":6},{"damage":12,"enemies":"Snake Plant","floor":28,"turns":5},{"damage":36,"enemies":"Sentry and Sphere","floor":29,"turns":7},{"damage":69,"enemies":"Automaton","floor":33,"turns":6}],"seed_played":"-3706298991994231066","potions_obtained":[{"floor":1.0,"key":"Energy Potion"},{"floor":5.0,"key":"SkillPotion"},{"floor":16.0,"key":"SteroidPotion"},{"floor":20,"key":"EssenceOfSteel"},{"floor":22,"key":"GamblersBrew"},{"floor":29,"key":"Explosive Potion"}],"is_trial":false,"path_per_floor":["M","M","?","?","M","R","M","$","T","M","M","R","M","M","R","B",null,"M","M","M","?","M","R","?","R","T","R","M","M","R","T","R","B"],"character_chosen":"IRONCLAD","items_purchased":["Flame Barrier","Finesse"],"campfire_rested":3,"item_purchase_floors":[8,8],"current_hp_per_floor":[76,80,64,64,67,67,68,68,68,74,72,72,78,79,79,60,80,74,48,28,28,21,46,46,46,46,46,40,13,39,39,65,0],"gold":336,"neow_bonus":"THREE_CARDS","is_prod":false,"is_daily":false,"chose_seed":false,"campfire_upgraded":5,"win_rate":0,"timestamp":1553916248,"path_taken":["M","M","?","?","M","R","M","$","T","M","M","R","M","M","R","BOSS","M","M","M","?","M","R","?","R","T","R","M","M","R","?","R","BOSS"],"build_version":"2019-01-23","purchased_purges":0,"victory":false,"max_hp_per_floor":[80,80,80,80,80,80,80,80,80,80,80,80,80,80,80,80,80,80,80,83,83,86,86,86,86,86,86,86,89,89,89,89,89],"card_choices":[{"not_picked":["Rupture","Seeing Red"],"picked":"Pommel Strike","floor":0.0},{"not_picked":["Combust","Thunderclap"],"picked":"Metallicize","floor":1.0},{"not_picked":["Rage","Rupture"],"picked":"Seeing Red","floor":2.0},{"not_picked":["Thunderclap","Anger"],"picked":"Spot Weakness","floor":5.0},{"not_picked":["Perfected Strike","Clash","Thunderclap"],"picked":"SKIP","floor":7.0},{"not_picked":["Rupture","Sentinel"],"picked":"Reckless Charge","floor":10.0},{"not_picked":["Seeing Red","Anger"],"picked":"Clothesline","floor":11.0},{"not_picked":["Clash","True Grit"],"picked":"Feed","floor":13.0},{"not_picked":["Shrug It Off","Havoc"],"picked":"Uppercut","floor":14.0},{"not_picked":["Bludgeon","Double Tap"],"picked":"Immolate","floor":16.0},{"not_picked":["Rage","Searing Blow","Fire Breathing"],"picked":"SKIP","floor":18.0},{"not_picked":["Sentinel","Heavy Blade"],"picked":"Clothesline","floor":19.0},{"not_picked":["Iron Wave","Wild Strike"],"picked":"Sentinel+1","floor":20},{"not_picked":["Rage","Pummel"],"picked":"Shockwave","floor":22},{"not_picked":["Flex","Pummel"],"picked":"Ghostly Armor","floor":28},{"not_picked":["Body Slam","Twin Strike+1"],"picked":"Seeing Red","floor":29}],"player_experience":1719539,"relics_obtained":[],"event_choices":[{"damage_healed":0.0,"max_hp_gain":0.0,"max_hp_loss":0.0,"gold_gain":0.0,"event_name":"Shining Light","player_choice":"Entered Light","floor":3.0,"gold_loss":0.0,"damage_taken":16.0,"cards_upgraded":["Strike_R","Bash"]},{"damage_healed":0.0,"max_hp_gain":0.0,"max_hp_loss":0.0,"gold_gain":0.0,"event_name":"WeMeetAgain","player_choice":"Ignored","floor":4.0,"gold_loss":0.0,"damage_taken":0.0},{"damage_healed":0,"gold_gain":0,"player_choice":"Simplicity","damage_taken":0,"max_hp_gain":0,"max_hp_loss":0,"event_name":"Back to Basics","floor":21,"gold_loss":0,"cards_upgraded":["Strike_R","Strike_R","Strike_R","Strike_R","Defend_R","Defend_R","Defend_R","Defend_R"]}],"is_beta":false,"boss_relics":[{"not_picked":["Pandora\u0027s Box","White Beast Statue","Snecko Eye"]}],"items_purged_floors":[],"is_endless":false,"potions_floor_spawned":[1,5,16,20,22,29],"killed_by":"Automaton","ascension_level":0}