{"gold_per_floor":[213,263,283,13,13,46,46,59,111,41,41,41,54,67,67,157,157,182,107,132,132],"floor_reached":21,"playtime":2978,"items_purged":["Strike_B"],"score":313,"play_id":"ce6b3e55-8c11-4167-b9f1-2ab3ef637ccc","local_time":"20190330133558","is_ascension_mode":true,"campfire_choices":[{"data":"Steam","floor":7,"key":"SMITH"},{"floor":11,"key":"REST"},{"data":"Loop","floor":15,"key":"SMITH"}],"neow_cost":"NONE","seed_source_timestamp":33509255177300,"circlet_count":0,"master_deck":["AscendersBane","Strike_B","Defend_B","Defend_B","Defend_B","Defend_B","Zap","Dualcast","Cold Snap","Coolheaded","Steam+1","Defragment","Loop+1","Cold Snap","Seek","Melter","Undo"],"relics":["Cracked Core","Gremlin Horn","Pen Nib","Art of War","Golden Idol","Empty Cage"],"potions_floor_usage":[21],"damage_taken":[{"damage":2,"enemies":"Jaw Worm","floor":1,"turns":3},{"damage":4,"enemies":"Cultist","floor":3,"turns":3},{"damage":35,"enemies":"3 Sentries","floor":6,"turns":10},{"damage":4,"enemies":"2 Louse","floor":8,"turns":3},{"damage":3,"enemies":"Blue Slaver","floor":13,"turns":5},{"damage":7,"enemies":"Large Slime","floor":14,"turns":7},{"damage":4,"enemies":"The Guardian","floor":16,"turns":16},{"damage":4,"enemies":"Spheric Guardian","floor":18,"turns":6},{"damage":10,"enemies":"Chosen","floor":20,"turns":6},{"damage":42,"enemies":"Masked Bandits","floor":21,"turns":3}],"seed_played":"-638792382139524888","potions_obtained":[{"floor":3,"key":"Ancient Potion"},{"floor":8,"key":"EssenceOfSteel"},{"floor":20,"key":"PowerPotion"}],"is_trial":false,"path_per_floor":["M","?","M","$","$","E","R","M","T","$","R","?","M","M","R","B",null,"M","$","M","?"],"character_chosen":"DEFECT","items_purchased":["Coolheaded","Gremlin Horn","Defragment"],"campfire_rested":1,"item_purchase_floors":[4,4,10],"current_hp_per_floor":[62,55,51,51,51,16,16,12,12,12,33,33,30,23,23,19,53,49,49,39,0],"gold":132,"neow_bonus":"HUNDRED_GOLD","is_prod":false,"is_daily":false,"chose_seed":false,"campfire_upgraded":2,"win_rate":0,"timestamp":1553978158,"path_taken":["M","?","M","?","$","E","R","M","T","$","R","?","M","M","R","BOSS","M","$","M","?"],"build_version":"2019-01-23","purchased_purges":1,"victory":false,"max_hp_per_floor":[71,71,71,71,71,71,71,71,71,71,71,64,64,64,64,64,64,64,64,64,64],"card_choices":[{"not_picked":["Leap","Redo"],"picked":"Cold Snap","floor":1},{"not_picked":["Redo","Gash","Static Discharge"],"picked":"SKIP","floor":3},{"not_picked":["Reprogram","Barrage"],"picked":"Steam","floor":6},{"not_picked":["Fission","Hello World","Steam Power"],"picked":"SKIP","floor":8},{"not_picked":["Ball Lightning","Hologram"],"picked":"Loop","floor":13},{"not_picked":["Rebound","Stack"],"picked":"Cold Snap","floor":14},{"not_picked":["Amplify","Creative AI"],"picked":"Seek","floor":16},{"not_picked":["Force Field","Rip and Tear"],"picked":"Melter","floor":18},{"not_picked":["Stack","Steam+1"],"picked":"Undo","floor":20}],"player_experience":446555,"relics_obtained":[{"floor":6,"key":"Pen Nib"},{"floor":9,"key":"Art of War"}],"event_choices":[{"damage_healed":0,"gold_gain":50,"player_choice":"Touch","damage_taken":7,"max_hp_gain":0,"max_hp_loss":0,"event_name":"FaceTrader","floor":2,"gold_loss":0},{"damage_healed":0,"gold_gain":0,"player_choice":"Lose Max HP","damage_taken":0,"relics_obtained":["Golden Idol"],"max_hp_gain":0,"max_hp_loss":7,"event_name":"Golden Idol","floor":12,"gold_loss":0},{"damage_healed":0,"gold_gain":0,"player_choice":"Fought Bandits","damage_taken":0,"max_hp_gain":0,"max_hp_loss":0,"event_name":"Masked Bandits","floor":21,"gold_loss":0}],"is_beta":false,"boss_relics":[{"not_picked":["Tiny House","Runic Dome"],"picked":"Empty Cage"}],"items_purged_floors":[19],"is_endless":false,"potions_floor_spawned":[3,8,13,16,18,20],"killed_by":"Masked Bandits","ascension_level":15}