{"gold_per_floor":[119,135,135,146,17,46,96,96,96,112,130,130,150,169,169,169],"floor_reached":16,"playtime":2948,"items_purged":["Strike_G"],"score":104,"play_id":"f4cfaa38-69a6-473f-84db-e71d45fa0c9c","local_time":"20190331193438","is_ascension_mode":false,"campfire_choices":[{"floor":12,"key":"REST"},{"floor":15,"key":"REST"}],"neow_cost":"NONE","seed_source_timestamp":1366241811005840,"circlet_count":0,"master_deck":["Defend_G","Defend_G","Defend_G","Defend_G","Defend_G","Strike_G","Strike_G","Survivor","Neutralize","Cloak And Dagger","FTL","Slice","Terror","Slice","Deflect"],"relics":["Ring of the Snake","Bag of Marbles","Lantern","Question Card"],"potions_floor_usage":[6,16,16],"damage_taken":[{"damage":0,"enemies":"Small Slimes","floor":1,"turns":4},{"damage":3,"enemies":"Cultist","floor":2,"turns":6},{"damage":0,"enemies":"Jaw Worm","floor":4,"turns":6},{"damage":56,"enemies":"Lagavulin","floor":6,"turns":15},{"damage":5,"enemies":"Exordium Wildlife","floor":10,"turns":6},{"damage":0,"enemies":"2 Fungi Beasts","floor":11,"turns":5},{"damage":0,"enemies":"Looter","floor":13,"turns":3},{"damage":0,"enemies":"Red Slaver","floor":14,"turns":3},{"damage":57,"enemies":"Slime Boss","floor":16,"turns":10}],"seed_played":"-45867931948699079","potions_obtained":[{"floor":1,"key":"Swift Potion"},{"floor":2,"key":"EssenceOfSteel"},{"floor":14,"key":"Regen Potion"}],"is_trial":false,"path_per_floor":["?","M","T","?"],"character_chosen":"THE_SILENT","items_purchased":["Slice"],"campfire_rested":2,"item_purchase_floors":[5],"current_hp_per_floor":[70,67,67,67,67,11,11,11,11,6,6,27,27,27,48,0],"gold":169,"neow_bonus":"REMOVE_CARD","is_prod":false,"is_daily":false,"chose_seed":false,"campfire_upgraded":0,"win_rate":0,"timestamp":1554075278,"path_taken":["M","M","?","?","$","E","?","?","T","M","M","R","M","M","R","BOSS"],"build_version":"2019-01-23","purchased_purges":1,"victory":false,"max_hp_per_floor":[70,70,70,70,70,70,70,70,70,70,70,70,70,70,70,70],"card_choices":[{"not_picked":["Accuracy","Outmaneuver"],"picked":"Cloak And Dagger","floor":1},{"not_picked":["Dagger Spray","Quick Slash","Bane"],"picked":"SKIP","floor":2},{"not_picked":["Masterful Stab","Footwork","Blade Dance"],"picked":"SKIP","floor":4},{"not_picked":["Concentrate","Sucker Punch","Poisoned Stab"],"picked":"SKIP","floor":6},{"not_picked":["PiercingWail","Cloak And Dagger","Deadly Poison"],"picked":"Terror","floor":10},{"not_picked":["Outmaneuver","Crippling Poison","Dash","Dagger Spray"],"picked":"SKIP","floor":11},{"not_picked":["Caltrops","Setup","Predator"],"picked":"Slice","floor":13},{"not_picked":["Prepared","Endless Agony","Backflip"],"picked":"Deflect","floor":14}],"player_experience":1346241,"relics_obtained":[{"floor":6,"key":"Bag of Marbles"},{"floor":7,"key":"Lantern"},{"floor":9,"key":"Question Card"}],"event_choices":[{"cards_removed":["Strike_G"],"damage_healed":0,"gold_gain":0,"player_choice":"Took Card","damage_taken":0,"max_hp_gain":0,"max_hp_loss":0,"event_name":"NoteForYourself","floor":3,"gold_loss":0,"cards_obtained":["FTL"]},{"damage_healed":0,"gold_gain":0,"player_choice":"Ignored","damage_taken":0,"max_hp_gain":0,"max_hp_loss":0,"event_name":"Shining Light","floor":8,"gold_loss":0}],"is_beta":false,"boss_relics":[],"items_purged_floors":[5],"is_endless":false,"potions_floor_spawned":[1,2,14],"killed_by":"Slime Boss","ascension_level":0}