{"gold_per_floor":[111,34,45,63,75,108,120,120,120,120,135,155,155,172,172,172],"floor_reached":16,"playtime":1003,"items_purged":[],"score":117,"play_id":"2e123523-5401-4a14-9f45-b2ce012d15eb","local_time":"20190107145501","is_ascension_mode":true,"campfire_choices":[{"data":"Armaments","floor":8.0,"key":"SMITH"},{"floor":10.0,"key":"REST"},{"floor":15,"key":"REST"}],"neow_cost":"NONE","seed_source_timestamp":0,"circlet_count":0,"master_deck":["Strike_R","Strike_R","Strike_R","Strike_R","Strike_R","Defend_R","Defend_R","Defend_R","Defend_R","Bash","Sentinel","Evolve","Disarm","Armaments+1","Clothesline+1","Shrug It Off","Headbutt"],"special_seed":0,"relics":["Burning Blood","PreservedInsect","Bag of Marbles","Bottled Flame"],"potions_floor_usage":[16,16],"damage_taken":[{"damage":8.0,"enemies":"2 Louse","floor":1.0,"turns":5.0},{"damage":10.0,"enemies":"Cultist","floor":3.0,"turns":5.0},{"damage":15.0,"enemies":"Small Slimes","floor":4.0,"turns":5.0},{"damage":9.0,"enemies":"Blue Slaver","floor":5.0,"turns":7.0},{"damage":21.0,"enemies":"Gremlin Nob","floor":6.0,"turns":4.0},{"damage":19.0,"enemies":"Large Slime","floor":7.0,"turns":9.0},{"damage":35.0,"enemies":"Exordium Wildlife","floor":11.0,"turns":6.0},{"damage":12.0,"enemies":"3 Louse","floor":12.0,"turns":5.0},{"damage":16,"enemies":"Lots of Slimes","floor":14,"turns":8},{"damage":37,"enemies":"Slime Boss","floor":16,"turns":16}],"seed_played":"5758811888716432346","potions_obtained":[{"floor":3.0,"key":"Block Potion"},{"floor":7.0,"key":"SpeedPotion"},{"floor":12,"key":"Block Potion"},{"floor":14,"key":"Weak Potion"}],"is_trial":false,"path_per_floor":["M","$","M","M","M","E","M","R","T","R","M","M","?","M","R","B"],"character_chosen":"IRONCLAD","items_purchased":["Evolve"],"campfire_rested":2,"item_purchase_floors":[2],"current_hp_per_floor":[78,78,74,65,62,47,34,34,34,58,29,23,23,13,37,0],"gold":172,"neow_bonus":"RANDOM_COMMON_RELIC","is_prod":false,"is_daily":false,"chose_seed":false,"campfire_upgraded":1,"win_rate":0,"timestamp":1546901701,"path_taken":["M","$","M","M","M","E","M","R","T","R","M","M","?","?","R","BOSS"],"build_version":"2019-01-03v4","purchased_purges":0,"victory":false,"max_hp_per_floor":[80,80,80,80,80,80,80,80,80,80,80,80,80,80,80,80],"card_choices":[{"not_picked":["Twin Strike","Heavy Blade"],"picked":"Sentinel","floor":1.0},{"not_picked":["Anger","Blood for Blood"],"picked":"Disarm","floor":3.0},{"not_picked":["Flex","Corruption"],"picked":"Armaments","floor":4.0},{"not_picked":["Metallicize","Warcry"],"picked":"Clothesline","floor":5.0},{"not_picked":["Juggernaut","Sentinel","Clash"],"picked":"SKIP","floor":6.0},{"not_picked":["Combust","Twin Strike","Armaments"],"picked":"SKIP","floor":7.0},{"not_picked":["Corruption","Feel No Pain"],"picked":"Shrug It Off","floor":11.0},{"not_picked":["Intimidate","Power Through"],"picked":"Headbutt","floor":12},{"not_picked":["Wild Strike","Power Through","Shrug It Off"],"picked":"SKIP","floor":14}],"player_experience":158638,"relics_obtained":[{"floor":6.0,"key":"Bag of Marbles"},{"floor":9.0,"key":"Bottled Flame"}],"event_choices":[{"damage_healed":0,"gold_gain":0,"player_choice":"Upgraded","damage_taken":0,"max_hp_gain":0,"max_hp_loss":0,"event_name":"Upgrade Shrine","floor":13,"gold_loss":0,"cards_upgraded":["Clothesline"]}],"is_beta":false,"boss_relics":[],"items_purged_floors":[],"is_endless":false,"potions_floor_spawned":[3,7,12,14],"killed_by":"Slime Boss","ascension_level":2}