{"gold_per_floor":[10,27,46,46,98,125,142,142,142,142,142,166,191,191,191,315,315,329,342,342,188,207,207],"floor_reached":23,"playtime":1263,"items_purged":["Writhe"],"score":251,"play_id":"42a1d504-7bb3-4b84-9b51-27a66907c9c6","local_time":"20181024112704","is_ascension_mode":true,"campfire_choices":[{"floor":8,"key":"REST"},{"data":"Flame Barrier","floor":11,"key":"SMITH"},{"floor":15,"key":"REST"}],"neow_cost":"NO_GOLD","seed_source_timestamp":1186449281654887,"circlet_count":0,"master_deck":["Strike_R","Strike_R+1","Strike_R","Strike_R+1","Strike_R","Defend_R","Defend_R","Defend_R","Defend_R","Bash","Immolate","Wild Strike","Body Slam+1","Twin Strike","Headbutt","Flame Barrier+1","Injury","Armaments","True Grit","Barricade","Body Slam","Shrug It Off+1","Entrench","Power Through"],"relics":["Burning Blood","Calipers","StoneCalendar","Golden Idol","Snecko Eye","Darkstone Periapt"],"potions_floor_usage":[16,16,16,16,23,23],"damage_taken":[{"damage":16,"enemies":"Jaw Worm","floor":1,"turns":4},{"damage":7,"enemies":"Small Slimes","floor":2,"turns":3},{"damage":2,"enemies":"2 Louse","floor":3,"turns":3},{"damage":35,"enemies":"3 Sentries","floor":6,"turns":6},{"damage":0,"enemies":"Large Slime","floor":7,"turns":3},{"damage":1,"enemies":"Looter","floor":12,"turns":4},{"damage":3,"enemies":"Blue Slaver","floor":13,"turns":3},{"damage":23,"enemies":"Hexaghost","floor":16,"turns":7},{"damage":14,"enemies":"3 Byrds","floor":18,"turns":5},{"damage":0,"enemies":"Chosen","floor":19,"turns":5},{"damage":41,"enemies":"Snake Plant","floor":22,"turns":5},{"damage":53,"enemies":"Book of Stabbing","floor":23,"turns":6}],"seed_played":"-1824256507799618679","potions_obtained":[{"floor":2,"key":"Poison Potion"},{"floor":12,"key":"EntropicBrew"},{"floor":19,"key":"Poison Potion"}],"is_trial":false,"path_per_floor":["M","M","M","?","?","E","M","R","T","?","R","M","M","?","R","B",null,"M","M","?","$","M"],"character_chosen":"IRONCLAD","items_purchased":["Entrench"],"campfire_rested":2,"item_purchase_floors":[21],"current_hp_per_floor":[62,61,65,65,65,36,42,66,66,66,66,71,74,58,80,71,78,70,76,82,82,47,0],"gold":207,"neow_bonus":"THREE_RARE_CARDS","is_prod":false,"is_daily":false,"chose_seed":false,"campfire_upgraded":1,"win_rate":0,"timestamp":1540402024,"path_taken":["M","M","M","?","?","E","M","R","T","?","R","M","?","?","R","BOSS","M","M","?","?","?","E"],"build_version":"2018-10-18","purchased_purges":1,"victory":false,"max_hp_per_floor":[80,80,80,80,80,80,80,80,80,80,80,80,80,80,80,80,80,80,80,86,86,86,86],"card_choices":[{"not_picked":["Juggernaut","Offering"],"picked":"Immolate","floor":0},{"not_picked":["Fire Breathing","Twin Strike"],"picked":"Wild Strike","floor":1},{"not_picked":["Battle Trance","Armaments"],"picked":"Body Slam","floor":2},{"not_picked":["Pommel Strike","Armaments"],"picked":"Twin Strike","floor":3},{"not_picked":["Fire Breathing","Battle Trance"],"picked":"Headbutt","floor":6},{"not_picked":["Metallicize","Heavy Blade"],"picked":"Flame Barrier","floor":7},{"not_picked":["Sword Boomerang","Iron Wave"],"picked":"Armaments","floor":12},{"not_picked":["Clothesline","Pommel Strike"],"picked":"True Grit","floor":13},{"not_picked":["Reaper","Double Tap"],"picked":"Barricade","floor":16},{"not_picked":["Heavy Blade+1","Sword Boomerang"],"picked":"Body Slam","floor":18},{"not_picked":["Searing Blow","Warcry+1"],"picked":"Shrug It Off+1","floor":19},{"not_picked":["Rampage","Dark Embrace"],"picked":"Power Through","floor":22}],"player_experience":789513,"relics_obtained":[{"floor":6,"key":"Calipers"},{"floor":9,"key":"StoneCalendar"}],"event_choices":[{"damage_healed":0,"gold_gain":0,"player_choice":"Grow","damage_taken":0,"max_hp_gain":0,"max_hp_loss":0,"event_name":"Living Wall","floor":4,"gold_loss":0,"cards_upgraded":["Body Slam"]},{"damage_healed":0,"gold_gain":52,"player_choice":"Gained Gold","damage_taken":0,"max_hp_gain":0,"max_hp_loss":0,"event_name":"Golden Wing","floor":5,"gold_loss":0},{"damage_healed":0,"gold_gain":0,"player_choice":"Take Wound","damage_taken":0,"relics_obtained":["Golden Idol"],"max_hp_gain":0,"max_hp_loss":0,"event_name":"Golden Idol","floor":10,"gold_loss":0,"cards_obtained":["Injury"]},{"damage_healed":0,"gold_gain":0,"player_choice":"Entered Light","damage_taken":16,"max_hp_gain":0,"max_hp_loss":0,"event_name":"Shining Light","floor":14,"gold_loss":0,"cards_upgraded":["Strike_R","Strike_R"]},{"damage_healed":0,"gold_gain":0,"player_choice":"Opened","damage_taken":0,"relics_obtained":["Darkstone Periapt"],"max_hp_gain":0,"max_hp_loss":0,"event_name":"The Mausoleum","floor":20,"gold_loss":0,"cards_obtained":["Writhe"]}],"is_beta":false,"boss_relics":[{"not_picked":["Eternal Feather","Velvet Choker"],"picked":"Snecko Eye"}],"items_purged_floors":[21],"is_endless":false,"potions_floor_spawned":[2,12,19],"killed_by":"Book of Stabbing","ascension_level":6}