{"gold_per_floor":[110,110,125,34,48,68,68,86,165,192,225,225,258,183,183,283,283,294,311,59,158,175,175,189,189,189,189,209,209,209,209,209,309,309,321,335,435,335,351,351,351,351,351,379,379,406,426,49,49,49,49,49,49,83,83],"floor_reached":55,"playtime":3570,"items_purged":["Defend_R","Strike_R"],"score":717,"play_id":"7ba8994c-192e-449a-bba2-0dd145340fd5","local_time":"20190107000515","is_ascension_mode":true,"campfire_choices":[{"data":"Enlightenment","floor":7,"key":"SMITH"},{"floor":12,"key":"REST"},{"data":"Flame Barrier","floor":15,"key":"SMITH"},{"data":"True Grit","floor":23,"key":"SMITH"},{"data":"Juggernaut","floor":25,"key":"SMITH"},{"data":"Entrench","floor":32,"key":"SMITH"},{"data":"Disarm","floor":40,"key":"SMITH"},{"floor":45,"key":"REST"},{"floor":49,"key":"RECALL"},{"data":"Impervious","floor":52,"key":"SMITH"}],"neow_cost":"NONE","seed_source_timestamp":456618660388520,"circlet_count":0,"master_deck":["Strike_R","Strike_R","Strike_R","Strike_R","Defend_R","Defend_R+1","Defend_R+1","Bash","Shrug It Off","Flame Barrier+1","Enlightenment+1","True Grit+1","Juggernaut+1","Cleave","Headbutt","Disarm+1","Entrench+1","Ghostly Armor","Impervious+1","Shrug It Off+1","Impervious","Headbutt"],"relics":["Burning Blood","War Paint","Blue Candle","Happy Flower","StoneCalendar","Lantern","Calling Bell","Bag of Preparation","Kunai","Pocketwatch","Matryoshka","Boot","Strawberry","Bronze Scales","Velvet Choker","Girya","Blood Vial","Bottled Tornado","Mercury Hourglass","PreservedInsect","Gambling Chip","Bag of Marbles"],"potions_floor_usage":[11,11,13,44,46,54,55],"damage_taken":[{"damage":0,"enemies":"Cultist","floor":1,"turns":4},{"damage":11,"enemies":"Jaw Worm","floor":3,"turns":6},{"damage":6,"enemies":"2 Louse","floor":5,"turns":5},{"damage":2,"enemies":"Large Slime","floor":6,"turns":12},{"damage":0,"enemies":"2 Fungi Beasts","floor":8,"turns":6},{"damage":60,"enemies":"Gremlin Nob","floor":11,"turns":7},{"damage":13,"enemies":"3 Sentries","floor":13,"turns":7},{"damage":1,"enemies":"The Guardian","floor":16,"turns":13},{"damage":12,"enemies":"Shell Parasite","floor":18,"turns":7},{"damage":0,"enemies":"Chosen","floor":19,"turns":6},{"damage":21,"enemies":"Snecko","floor":22,"turns":7},{"damage":8,"enemies":"Centurion and Healer","floor":24,"turns":8},{"damage":24,"enemies":"Cultist and Chosen","floor":28,"turns":7},{"damage":42,"enemies":"Collector","floor":33,"turns":19},{"damage":0,"enemies":"3 Shapes","floor":35,"turns":5},{"damage":0,"enemies":"Orb Walker","floor":36,"turns":3},{"damage":38,"enemies":"Mind Bloom Boss Battle","floor":37,"turns":8},{"damage":3,"enemies":"Sphere and 2 Shapes","floor":39,"turns":5},{"damage":31,"enemies":"Reptomancer","floor":44,"turns":9},{"damage":8,"enemies":"Nemesis","floor":46,"turns":7},{"damage":0,"enemies":"4 Shapes","floor":47,"turns":4},{"damage":23,"enemies":"Awakened One","floor":50,"turns":19},{"damage":78,"enemies":"Shield and Spear","floor":54,"turns":7},{"damage":28,"enemies":"The Heart","floor":55,"turns":3}],"seed_played":"1807047073996008644","potions_obtained":[{"floor":2,"key":"LiquidBronze"},{"floor":2,"key":"SkillPotion"},{"floor":2,"key":"GamblersBrew"},{"floor":11,"key":"Regen Potion"},{"floor":13,"key":"Strength Potion"},{"floor":18,"key":"Weak Potion"},{"floor":22,"key":"Block Potion"},{"floor":37,"key":"Swift Potion"},{"floor":44,"key":"AttackPotion"}],"is_trial":false,"path_per_floor":["M","?","M","$","M","M","R","M","T","T","E","R","E","$","R","B",null,"M","M","$","?","M","R","M","R","T","?","M","?","$","?","R","B",null,"M","M","?","$","M","R","?","T","T","E","R","E","M","$","R","B",null,"R","$","E","B"],"character_chosen":"IRONCLAD","items_purchased":["Enlightenment","Matryoshka","Gambling Chip","Impervious"],"campfire_rested":2,"item_purchase_floors":[4,20,48,48],"current_hp_per_floor":[80,80,75,75,75,79,79,80,80,80,26,50,58,58,58,63,80,74,80,80,80,65,65,63,63,70,70,52,52,52,52,52,16,84,84,84,52,52,55,55,55,55,55,32,57,57,65,65,65,50,84,84,84,12,0],"gold":83,"neow_bonus":"RANDOM_COMMON_RELIC","is_prod":false,"is_daily":false,"chose_seed":false,"campfire_upgraded":7,"win_rate":0,"timestamp":1546848315,"path_taken":["M","?","M","$","M","M","R","?","T","?","E","R","E","?","R","BOSS","M","?","$","?","M","R","M","R","T","?","M","?","$","?","R","BOSS","M","?","?","$","M","R","?","?","T","E","R","E","M","$","R","BOSS","R","$","E","BOSS"],"build_version":"2019-01-03v4","purchased_purges":2,"victory":false,"max_hp_per_floor":[80,80,80,80,80,80,80,80,80,80,80,80,80,80,80,80,80,80,80,80,80,80,80,80,80,87,87,87,87,87,84,84,84,84,84,84,84,84,84,84,84,84,84,84,84,84,84,84,84,84,84,84,84,84,84],"card_choices":[{"not_picked":["True Grit","Iron Wave"],"picked":"Shrug It Off","floor":1},{"not_picked":["Sword Boomerang","Fire Breathing"],"picked":"Flame Barrier","floor":3},{"not_picked":["Blood for Blood","Pommel Strike"],"picked":"True Grit","floor":5},{"not_picked":["Intimidate","Anger","Armaments"],"picked":"SKIP","floor":6},{"not_picked":["Pummel","Shrug It Off"],"picked":"Juggernaut","floor":8},{"not_picked":["Whirlwind","Anger","Dropkick"],"picked":"SKIP","floor":11},{"not_picked":["Inflame","Corruption"],"picked":"Cleave","floor":13},{"not_picked":["True Grit","Sword Boomerang+1","Anger"],"picked":"SKIP","floor":18},{"not_picked":["Clothesline","Flex+1"],"picked":"Headbutt","floor":19},{"not_picked":["Warcry","Wild Strike"],"picked":"Disarm","floor":22},{"not_picked":["Metallicize","Clothesline","Cleave+1"],"picked":"SKIP","floor":24},{"not_picked":["Perfected Strike+1","Body Slam"],"picked":"Entrench","floor":28},{"not_picked":["Juggernaut","Immolate"],"picked":"Impervious","floor":33},{"not_picked":["Wild Strike+1","Iron Wave+1","Second Wind"],"picked":"SKIP","floor":35},{"not_picked":["Rage+1","Clash+1","Flex"],"picked":"SKIP","floor":36},{"not_picked":["Pommel Strike","Combust+1","Flex+1"],"picked":"SKIP","floor":39},{"not_picked":["Feel No Pain+1","Rupture","Bloodletting"],"picked":"SKIP","floor":44},{"not_picked":["Power Through","Berserk"],"picked":"Shrug It Off+1","floor":46},{"not_picked":["Iron Wave","Uppercut","Searing Blow"],"picked":"SKIP","floor":47},{"not_picked":["True Grit+1","Clash"],"picked":"Headbutt","floor":54}],"player_experience":154073,"relics_obtained":[{"floor":9,"key":"Blue Candle"},{"floor":10,"key":"Happy Flower"},{"floor":11,"key":"StoneCalendar"},{"floor":13,"key":"Lantern"},{"floor":17,"key":"Bag of Preparation"},{"floor":17,"key":"Kunai"},{"floor":17,"key":"Pocketwatch"},{"floor":26,"key":"Boot"},{"floor":26,"key":"Strawberry"},{"floor":37,"key":"Girya"},{"floor":42,"key":"Blood Vial"},{"floor":42,"key":"Bottled Tornado"},{"floor":44,"key":"Mercury Hourglass"},{"floor":46,"key":"PreservedInsect"},{"floor":54,"key":"Bag of Marbles"}],"event_choices":[{"damage_healed":0,"gold_gain":0,"player_choice":"Got Potions","damage_taken":0,"max_hp_gain":0,"max_hp_loss":0,"event_name":"Lab","floor":2,"gold_loss":0},{"damage_healed":0,"gold_gain":99,"player_choice":"Stole From Cult","damage_taken":0,"max_hp_gain":0,"max_hp_loss":0,"event_name":"Nest","floor":21,"gold_loss":0},{"damage_healed":0,"gold_gain":0,"player_choice":"Stole Relic","damage_taken":0,"relics_obtained":["Bronze Scales"],"max_hp_gain":0,"max_hp_loss":0,"event_name":"Addict","floor":27,"gold_loss":0,"cards_obtained":["Shame"]},{"damage_healed":0,"gold_gain":0,"player_choice":"Read","damage_taken":0,"max_hp_gain":0,"max_hp_loss":0,"event_name":"The Library","floor":29,"gold_loss":0,"cards_obtained":["Ghostly Armor"]},{"cards_removed":["Shame","Normality","Normality","Parasite"],"damage_healed":0,"gold_gain":0,"player_choice":"Removed Curses","damage_taken":0,"max_hp_gain":0,"max_hp_loss":0,"event_name":"Fountain of Cleansing","floor":31,"gold_loss":0},{"damage_healed":0,"gold_gain":0,"player_choice":"Fight","damage_taken":0,"max_hp_gain":0,"max_hp_loss":0,"event_name":"MindBloom","floor":37,"gold_loss":0},{"damage_healed":0,"gold_gain":0,"player_choice":"Ignored","damage_taken":0,"max_hp_gain":0,"max_hp_loss":0,"event_name":"Mysterious Sphere","floor":41,"gold_loss":0}],"is_beta":false,"boss_relics":[{"not_picked":["White Beast Statue","Coffee Dripper"],"picked":"Calling Bell"},{"not_picked":["Runic Cube","Empty Cage"],"picked":"Velvet Choker"}],"items_purged_floors":[14,38],"is_endless":false,"potions_floor_spawned":[11,13,18,22,37,39,44],"killed_by":"The Heart","ascension_level":1}