{"gold_per_floor":[213,232,248,263,188,219,294,308,358,358,258,258,281,102,102,232,232,271,311],"floor_reached":19,"playtime":943,"items_purged":["Defend_B","Strike_B"],"score":169,"play_id":"ccbee6a7-95cb-4225-9afe-4e644a70f55b","local_time":"20190318101708","is_ascension_mode":false,"campfire_choices":[{"floor":12,"key":"REST"},{"floor":15,"key":"REST"}],"neow_cost":"NONE","seed_source_timestamp":211599422404351,"circlet_count":0,"master_deck":["Strike_B","Strike_B","Strike_B","Defend_B","Defend_B","Defend_B","Zap","Dualcast","White Noise","HandOfGreed","Echo Form","White Noise+1"],"relics":["FrozenCore","WingedGreaves","Orichalcum","Golden Idol"],"potions_floor_usage":[6,19],"damage_taken":[{"damage":0,"enemies":"Cultist","floor":1,"turns":3},{"damage":1,"enemies":"2 Louse","floor":2,"turns":2},{"damage":0,"enemies":"Small Slimes","floor":3,"turns":3},{"damage":2,"enemies":"Looter","floor":4,"turns":4},{"damage":35,"enemies":"3 Sentries","floor":6,"turns":7},{"damage":18,"enemies":"Large Slime","floor":8,"turns":6},{"damage":3,"enemies":"Blue Slaver","floor":13,"turns":3},{"damage":32,"enemies":"Hexaghost","floor":16,"turns":9},{"damage":15,"enemies":"Chosen","floor":18,"turns":5},{"damage":29,"enemies":"Colosseum Slavers","floor":19,"turns":7},{"damage":47,"enemies":"Colosseum Nobs","floor":19,"turns":4}],"seed_played":"2358456675437542516","potions_obtained":[{"floor":3,"key":"PowerPotion"},{"floor":4,"key":"Explosive Potion"},{"floor":6,"key":"Ancient Potion"}],"is_trial":false,"path_per_floor":["$","?","?","?"],"character_chosen":"DEFECT","items_purchased":["HandOfGreed"],"campfire_rested":2,"item_purchase_floors":[14],"current_hp_per_floor":[75,74,74,72,72,37,26,8,8,8,8,28,25,25,45,13,69,54,0],"gold":311,"neow_bonus":"HUNDRED_GOLD","is_prod":false,"is_daily":false,"chose_seed":false,"campfire_upgraded":0,"win_rate":0,"timestamp":1552918628,"path_taken":["M","M","M","M","?","E","?","M","T","?","$","R","M","$","R","BOSS","M","?"],"build_version":"2019-01-23","purchased_purges":2,"victory":false,"max_hp_per_floor":[75,75,75,75,75,75,75,75,75,69,69,69,69,69,69,69,69,69,69],"card_choices":[{"not_picked":["Cold Snap","Aggregate","Go for the Eyes"],"picked":"SKIP","floor":1},{"not_picked":["Barrage","Stack","Recycle"],"picked":"SKIP","floor":2},{"not_picked":["Auto Shields","Doom and Gloom","Steam Power"],"picked":"SKIP","floor":3},{"not_picked":["Redo","Lockon","Streamline"],"picked":"SKIP","floor":4},{"not_picked":["Gash","Darkness"],"picked":"White Noise","floor":6},{"not_picked":["Storm","Rip and Tear","Turbo"],"picked":"SKIP","floor":8},{"not_picked":["Turbo","Hyperbeam","Sunder"],"picked":"SKIP","floor":13},{"not_picked":["Hyperbeam","Rainbow"],"picked":"Echo Form","floor":16},{"not_picked":["Cold Snap","Stack"],"picked":"White Noise+1","floor":18}],"player_experience":742225,"relics_obtained":[{"floor":6,"key":"WingedGreaves"},{"floor":9,"key":"Orichalcum"}],"event_choices":[{"damage_healed":0,"gold_gain":75,"player_choice":"Gather Gold","damage_taken":11,"max_hp_gain":0,"max_hp_loss":0,"event_name":"World of Goop","floor":7,"gold_loss":0},{"damage_healed":0,"gold_gain":0,"player_choice":"Lose Max HP","damage_taken":0,"relics_obtained":["Golden Idol"],"max_hp_gain":0,"max_hp_loss":6,"event_name":"Golden Idol","floor":10,"gold_loss":0},{"damage_healed":0,"gold_gain":0,"player_choice":"Fight","damage_taken":0,"max_hp_gain":0,"max_hp_loss":0,"event_name":"Colosseum","floor":19,"gold_loss":0},{"damage_healed":0,"gold_gain":0,"player_choice":"Fought Nobs","damage_taken":0,"max_hp_gain":0,"max_hp_loss":0,"event_name":"Colosseum","floor":19,"gold_loss":0}],"is_beta":false,"boss_relics":[{"not_picked":["Runic Dome","Pandora\u0027s Box"],"picked":"FrozenCore"}],"items_purged_floors":[5,11],"is_endless":false,"potions_floor_spawned":[3,4,6],"killed_by":"Colosseum Nobs","ascension_level":0}