{"gold_per_floor":[111,111,111,13,33,33,62,62,87,106,135,135,135,150,150,250,250,269,269,254,254,254,254,288,203,203,218,42,42,58,78,78,181,181,194,194,240,200,200,200,226,226,294,294,0,25,39,55,55,55],"floor_reached":51,"playtime":2065,"items_purged":["Decay"],"score":1043,"play_id":"5ac996a3-73a1-43a5-a689-7340961484d2","local_time":"20181011003715","is_ascension_mode":true,"campfire_choices":[{"data":"Noxious Fumes","floor":6,"key":"SMITH"},{"data":"Blind","floor":8,"key":"SMITH"},{"data":"Catalyst","floor":15,"key":"SMITH"},{"data":"After Image","floor":23,"key":"SMITH"},{"floor":32,"key":"REST"},{"data":"Bouncing Flask","floor":40,"key":"SMITH"},{"floor":42,"key":"REST"},{"floor":44,"key":"REST"},{"data":"Noxious Fumes","floor":49,"key":"SMITH"}],"neow_cost":"NONE","seed_source_timestamp":145107873342044,"circlet_count":0,"master_deck":["Defend_G+1","Defend_G","Defend_G+1","Defend_G+1","Defend_G","Strike_G","Strike_G","Strike_G","Strike_G","Survivor","Neutralize+1","Backflip","Blind+1","Noxious Fumes+1","Dodge and Roll","Bane+1","Infinite Blades","Catalyst+1","After Image+1","Well Laid Plans+1","Poisoned Stab+1","Bane+1","Bouncing Flask+1","Catalyst+1","After Image+1","After Image+1","Bane+1","Blur","Noxious Fumes+1","Poisoned Stab+1"],"relics":["Ring of the Snake","Omamori","Mango","Pocketwatch","War Paint","Lantern","Cursed Key","Enchiridion","Juzu Bracelet","Question Card","Potion Belt","Molten Egg 2","Sozu","Nunchaku","Pear","Mercury Hourglass","PreservedInsect","Letter Opener"],"potions_floor_usage":[7,20,22,24,24,24,35,50,50,50],"damage_taken":[{"damage":0,"enemies":"2 Louse","floor":1,"turns":3},{"damage":2,"enemies":"Jaw Worm","floor":5,"turns":6},{"damage":7,"enemies":"Lagavulin","floor":7,"turns":8},{"damage":0,"enemies":"Cultist","floor":10,"turns":4},{"damage":16,"enemies":"Gremlin Nob","floor":11,"turns":5},{"damage":3,"enemies":"Looter","floor":14,"turns":4},{"damage":0,"enemies":"Hexaghost","floor":16,"turns":10},{"damage":0,"enemies":"Shell Parasite","floor":18,"turns":5},{"damage":0,"enemies":"2 Thieves","floor":20,"turns":4},{"damage":32,"enemies":"Slavers","floor":24,"turns":7},{"damage":10,"enemies":"Centurion and Healer","floor":27,"turns":7},{"damage":0,"enemies":"Shelled Parasite and Fungi","floor":30,"turns":5},{"damage":0,"enemies":"Snake Plant","floor":31,"turns":4},{"damage":29,"enemies":"Champ","floor":33,"turns":7},{"damage":4,"enemies":"3 Darklings","floor":35,"turns":8},{"damage":27,"enemies":"Mysterious Sphere","floor":37,"turns":6},{"damage":5,"enemies":"Giant Head","floor":41,"turns":6},{"damage":1,"enemies":"Nemesis","floor":46,"turns":6},{"damage":0,"enemies":"Orb Walker","floor":47,"turns":3},{"damage":4,"enemies":"Sphere and 2 Shapes","floor":48,"turns":5},{"damage":2,"enemies":"Donu and Deca","floor":50,"turns":9}],"seed_played":"-2530601692512258895","potions_obtained":[{"floor":5,"key":"Poison Potion"},{"floor":14,"key":"Explosive Potion"},{"floor":18,"key":"EntropicBrew"},{"floor":20,"key":"GamblersBrew"},{"floor":22,"key":"Fruit Juice"},{"floor":22,"key":"Explosive Potion"},{"floor":22,"key":"FearPotion"}],"is_trial":false,"path_per_floor":["M","?","?","$","M","R","E","R","T","M","E","?","?","M","R","B",null,"M","?","M","?","?","R","E","?","T","M","$","?","M","M","R","B",null,"M","?","?","?","?","R","E","R","T","R","$","E","M","M","R","B"],"character_chosen":"THE_SILENT","items_purchased":["Blind","Bane+1","Block Potion","LiquidBronze","PreservedInsect","Blur"],"campfire_rested":3,"item_purchase_floors":[4,28,28,28,45,45],"current_hp_per_floor":[70,70,84,84,82,82,75,75,75,75,59,42,42,39,39,39,73,73,57,57,57,62,62,30,30,30,20,20,20,20,20,46,17,71,67,67,40,40,40,40,45,74,74,99,99,98,98,94,94,98],"gold":55,"neow_bonus":"RANDOM_COMMON_RELIC","is_prod":false,"is_daily":false,"chose_seed":false,"campfire_upgraded":6,"win_rate":0,"timestamp":1539232635,"path_taken":["M","?","?","$","?","R","E","R","T","M","E","?","?","?","R","BOSS","M","?","M","?","?","R","E","?","T","M","$","?","M","M","R","BOSS","M","?","?","?","?","R","E","R","T","R","$","E","M","M","R","BOSS"],"build_version":"2018-10-10","purchased_purges":1,"victory":true,"max_hp_per_floor":[70,70,84,84,84,84,84,84,84,84,84,84,84,84,84,84,84,84,84,84,84,89,89,89,89,89,89,89,89,89,89,89,89,89,89,89,89,89,89,89,99,99,99,99,99,99,99,99,99,99],"card_choices":[{"not_picked":["Setup","Endless Agony"],"picked":"Backflip","floor":1},{"not_picked":["Accuracy","Choke"],"picked":"Noxious Fumes","floor":5},{"not_picked":["Slice","Quick Slash"],"picked":"Dodge and Roll","floor":7},{"not_picked":["Outmaneuver","Cloak And Dagger","Underhanded Strike"],"picked":"SKIP","floor":10},{"not_picked":["Cloak And Dagger","Predator"],"picked":"Bane","floor":11},{"not_picked":["PiercingWail","Eviscerate"],"picked":"Catalyst","floor":14},{"not_picked":["Wraith Form v2","Envenom"],"picked":"After Image","floor":16},{"not_picked":["Finisher+1","Backstab","Prepared"],"picked":"SKIP","floor":18},{"not_picked":["Deflect","Backstab","Quick Slash"],"picked":"SKIP","floor":20},{"not_picked":["Skewer","Deflect+1"],"picked":"Well Laid Plans+1","floor":24},{"not_picked":["Underhanded Strike+1","Dash+1","Slice+1"],"picked":"Poisoned Stab+1","floor":27},{"not_picked":["Tactician","Dodge and Roll","Predator+1"],"picked":"Bouncing Flask","floor":30},{"not_picked":["Reflex+1","Deflect","Deadly Poison"],"picked":"Catalyst+1","floor":31},{"not_picked":["Unload+1","Venomology","Glass Knife+1"],"picked":"After Image","floor":33},{"not_picked":["Terror+1","Sucker Punch+1","Slice+1","Skewer+1"],"picked":"SKIP","floor":35},{"not_picked":["Concentrate","Predator+1","Deflect"],"picked":"Bane+1","floor":37},{"not_picked":["Concentrate","Blade Dance","Flechettes+1","Setup+1"],"picked":"SKIP","floor":41},{"not_picked":["Bullet Time","Endless Agony+1","PiercingWail","Underhanded Strike+1"],"picked":"SKIP","floor":46},{"not_picked":["PiercingWail+1","Backflip","Prepared+1"],"picked":"Noxious Fumes","floor":47},{"not_picked":["Quick Slash+1","Sucker Punch+1","Riddle With Holes+1"],"picked":"Poisoned Stab+1","floor":48}],"player_experience":323805,"relics_obtained":[{"floor":7,"key":"Pocketwatch"},{"floor":9,"key":"War Paint"},{"floor":11,"key":"Lantern"},{"floor":19,"key":"Enchiridion"},{"floor":24,"key":"Question Card"},{"floor":26,"key":"Molten Egg 2"},{"floor":37,"key":"Nunchaku"},{"floor":41,"key":"Pear"},{"floor":43,"key":"Mercury Hourglass"},{"floor":46,"key":"Letter Opener"}],"event_choices":[{"event_name":"Living Wall","player_choice":"Grow","floor":2,"damage_taken":0},{"event_name":"Big Fish","player_choice":"Box","floor":3,"damage_taken":0},{"event_name":"Shining Light","player_choice":"Entered Light","floor":12,"damage_taken":0},{"event_name":"Transmorgrifier","player_choice":"Transform","floor":13,"damage_taken":0},{"event_name":"Cursed Tome","player_choice":"Obtained Book","floor":19,"damage_taken":0},{"event_name":"WeMeetAgain","player_choice":"Potion","floor":21,"damage_taken":0},{"event_name":"The Lab","player_choice":"Got Potions","floor":22,"damage_taken":0},{"event_name":"Addict","player_choice":"Obtained Relic","floor":25,"damage_taken":0},{"event_name":"Ghosts","player_choice":"Ignored","floor":29,"damage_taken":0},{"event_name":"Duplicator","player_choice":"One dupe","floor":36,"damage_taken":0},{"event_name":"Mysterious Sphere","player_choice":"Fight","floor":37,"damage_taken":0},{"event_name":"Designer","player_choice":"Upgrade Card","floor":38,"damage_taken":0},{"event_name":"Tomb of Lord Red Mask","player_choice":"Ignored","floor":39,"damage_taken":0}],"is_beta":true,"boss_relics":[{"not_picked":["HoveringKite","Eternal Feather"],"picked":"Cursed Key"},{"not_picked":["Snecko Eye","Lizard Tail"],"picked":"Sozu"}],"items_purged_floors":[45],"is_endless":false,"potions_floor_spawned":[5,14,18,20,33,47],"ascension_level":5}