{"gold_per_floor":[10,24,24,43,63,63,73,73,73,91,109,184,184,197,197,197],"floor_reached":16,"playtime":551,"items_purged":[],"score":150,"play_id":"14852442-1fa6-4f5c-b2fb-78d35a91123a","local_time":"20181028143747","is_ascension_mode":true,"campfire_choices":[{"data":"Shrug It Off","floor":6,"key":"SMITH"},{"data":"Flame Barrier","floor":13,"key":"SMITH"},{"floor":15,"key":"REST"}],"neow_cost":"NO_GOLD","seed_source_timestamp":1544212877991526,"circlet_count":0,"master_deck":["Strike_R","Strike_R","Strike_R","Strike_R","Strike_R","Defend_R","Defend_R","Defend_R","Defend_R","Bash","Wild Strike","Rupture","Shrug It Off+1","Wild Strike","Flame Barrier+1","Regret","Impervious","Twin Strike","Corruption"],"relics":["Burning Blood","Dream Catcher","Bag of Preparation"],"potions_floor_usage":[7,16,16,16],"damage_taken":[{"damage":6,"enemies":"Cultist","floor":1,"turns":3},{"damage":0,"enemies":"Small Slimes","floor":2,"turns":3},{"damage":9,"enemies":"Jaw Worm","floor":4,"turns":4},{"damage":16,"enemies":"Blue Slaver","floor":5,"turns":3},{"damage":20,"enemies":"Exordium Thugs","floor":7,"turns":5},{"damage":22,"enemies":"Lots of Slimes","floor":10,"turns":5},{"damage":8,"enemies":"3 Louse","floor":11,"turns":3},{"damage":24,"enemies":"Large Slime","floor":14,"turns":7},{"damage":74,"enemies":"Hexaghost","floor":16,"turns":12}],"seed_played":"-7807181498262520897","potions_obtained":[{"floor":2,"key":"PowerPotion"},{"floor":5,"key":"BloodPotion"},{"floor":7,"key":"EssenceOfSteel"},{"floor":14,"key":"Regen Potion"}],"is_trial":false,"path_per_floor":["M","M","$","M","M","R","M","?","T","M","M","?","R","M","R"],"character_chosen":"IRONCLAD","items_purchased":[],"campfire_rested":1,"item_purchase_floors":[],"current_hp_per_floor":[88,94,94,91,81,81,76,76,76,60,58,47,47,29,57,0],"gold":197,"neow_bonus":"TWENTY_PERCENT_HP_BONUS","is_prod":false,"is_daily":false,"chose_seed":false,"campfire_upgraded":2,"win_rate":0,"timestamp":1540759067,"path_taken":["M","M","?","?","M","R","M","?","T","M","M","?","R","?","R","BOSS"],"build_version":"2018-10-25v2","purchased_purges":0,"victory":false,"max_hp_per_floor":[96,96,96,96,96,96,96,96,96,96,96,96,96,96,96,96],"card_choices":[{"not_picked":["Warcry","Flex"],"picked":"Wild Strike","floor":1},{"not_picked":["Clothesline","Anger"],"picked":"Rupture","floor":2},{"not_picked":["Anger","Twin Strike"],"picked":"Shrug It Off","floor":4},{"not_picked":["Sword Boomerang","Feel No Pain"],"picked":"Wild Strike","floor":5},{"not_picked":["Uppercut","Evolve"],"picked":"Flame Barrier","floor":7},{"not_picked":["Flex","Inflame"],"picked":"Impervious","floor":10},{"not_picked":["Sentinel","Thunderclap","Blood for Blood"],"picked":"SKIP","floor":11},{"not_picked":["Flex","Cleave"],"picked":"Twin Strike","floor":14},{"not_picked":["Rampage","Sever Soul"],"picked":"Corruption","floor":15}],"player_experience":937353,"relics_obtained":[{"floor":9,"key":"Bag of Preparation"}],"event_choices":[{"damage_healed":0,"gold_gain":0,"player_choice":"Box","damage_taken":0,"relics_obtained":["Dream Catcher"],"max_hp_gain":0,"max_hp_loss":0,"event_name":"Big Fish","floor":8,"gold_loss":0,"cards_obtained":["Regret"]},{"damage_healed":0,"gold_gain":75,"player_choice":"Gather Gold","damage_taken":11,"max_hp_gain":0,"max_hp_loss":0,"event_name":"World of Goop","floor":12,"gold_loss":0}],"is_beta":false,"boss_relics":[],"items_purged_floors":[],"is_endless":false,"potions_floor_spawned":[2,5,7,14],"killed_by":"Hexaghost","ascension_level":6}