{"gold_per_floor":[118,131,131,131,18,18,46,46,96,128,144,157,168,179,179,279,279,292,217,217,217],"floor_reached":21,"playtime":869,"items_purged":["Strike_R"],"score":287,"play_id":"c05430f9-df89-42ae-9755-47fe19457781","local_time":"20190107232923","is_ascension_mode":true,"campfire_choices":[{"data":"Metamorphosis","floor":6,"key":"SMITH"},{"floor":15,"key":"REST"}],"neow_cost":"PERCENT_DAMAGE","seed_source_timestamp":543588845469318,"circlet_count":0,"master_deck":["Strike_R","Defend_R","Defend_R","Defend_R","Defend_R+1","Bash","Deep Breath","Metamorphosis+1","Disarm","Battle Trance+1","Evolve","Whirlwind","Dual Wield","Thunderclap","Offering","Body Slam"],"relics":["Burning Blood","PreservedInsect","War Paint","Ancient Tea Set","Lizard Tail"],"potions_floor_usage":[7,18],"damage_taken":[{"damage":9,"enemies":"Small Slimes","floor":1,"turns":2},{"damage":7,"enemies":"Cultist","floor":2,"turns":4},{"damage":15,"enemies":"3 Sentries","floor":7,"turns":3},{"damage":13,"enemies":"Lagavulin","floor":10,"turns":4},{"damage":7,"enemies":"2 Louse","floor":11,"turns":3},{"damage":3,"enemies":"Blue Slaver","floor":12,"turns":3},{"damage":13,"enemies":"Gremlin Gang","floor":13,"turns":2},{"damage":32,"enemies":"Exordium Thugs","floor":14,"turns":6},{"damage":0,"enemies":"Slime Boss","floor":16,"turns":4},{"damage":33,"enemies":"Spheric Guardian","floor":18,"turns":4},{"damage":26,"enemies":"Shell Parasite","floor":21,"turns":5}],"seed_played":"-8220474155123449341","potions_obtained":[{"floor":1,"key":"AttackPotion"},{"floor":2,"key":"PowerPotion"},{"floor":4,"key":"FairyPotion"},{"floor":10,"key":"Poison Potion"},{"floor":12,"key":"Fire Potion"},{"floor":14,"key":"Ancient Potion"},{"floor":18,"key":"Ancient Potion"}],"is_trial":false,"path_per_floor":["M","M","?","?","$","R","E","$","T","E","M","M","M","M","R","B",null,"M","?","?","M"],"character_chosen":"IRONCLAD","items_purchased":["Evolve"],"campfire_rested":1,"item_purchase_floors":[5],"current_hp_per_floor":[53,52,52,52,52,52,43,43,43,36,35,38,31,13,37,43,80,53,53,53,27],"gold":217,"neow_bonus":"RANDOM_COLORLESS_2","is_prod":false,"is_daily":false,"chose_seed":false,"campfire_upgraded":1,"win_rate":0,"timestamp":1546932563,"path_taken":["M","M","?","?","$","R","E","$","T","E","M","?","?","M","R","BOSS","M","?","?","?"],"build_version":"2019-01-03v4","purchased_purges":1,"victory":false,"max_hp_per_floor":[80,80,80,80,80,80,80,80,80,80,80,80,80,80,80,80,80,80,80,80,80],"card_choices":[{"not_picked":["Rampage","Reckless Charge"],"picked":"Disarm","floor":1},{"not_picked":["Cleave","Anger"],"picked":"Battle Trance","floor":2},{"not_picked":["Sentinel","Sword Boomerang","Body Slam"],"picked":"SKIP","floor":7},{"not_picked":["Pummel","Corruption"],"picked":"Whirlwind","floor":10},{"not_picked":["Sword Boomerang","Havoc","Cleave"],"picked":"SKIP","floor":11},{"not_picked":["True Grit","Clash"],"picked":"Dual Wield","floor":12},{"not_picked":["Feel No Pain","Dual Wield","Bloodletting"],"picked":"SKIP","floor":13},{"not_picked":["Searing Blow","Twin Strike"],"picked":"Thunderclap","floor":14},{"not_picked":["Berserk","Reaper"],"picked":"Offering","floor":16},{"not_picked":["Metallicize","Heavy Blade","Cleave"],"picked":"SKIP","floor":18}],"player_experience":170329,"relics_obtained":[{"floor":7,"key":"PreservedInsect"},{"floor":9,"key":"War Paint"},{"floor":10,"key":"Ancient Tea Set"}],"event_choices":[{"cards_removed":["Strike_R"],"damage_healed":0,"gold_gain":0,"player_choice":"Forget","damage_taken":0,"max_hp_gain":0,"max_hp_loss":0,"event_name":"Living Wall","floor":3,"gold_loss":0},{"damage_healed":0,"gold_gain":0,"player_choice":"Got Potions","damage_taken":0,"max_hp_gain":0,"max_hp_loss":0,"event_name":"Lab","floor":4,"gold_loss":0},{"cards_removed":["Strike_R"],"damage_healed":0,"gold_gain":0,"player_choice":"Gave Gold","damage_taken":0,"max_hp_gain":0,"max_hp_loss":0,"event_name":"Beggar","floor":19,"gold_loss":75},{"damage_healed":0,"gold_gain":0,"cards_transformed":["Strike_R"],"player_choice":"Transformed","damage_taken":0,"max_hp_gain":0,"max_hp_loss":0,"event_name":"Transmorgrifier","floor":20,"gold_loss":0,"cards_obtained":["Body Slam"]}],"is_beta":false,"boss_relics":[{"not_picked":["Fusion Hammer","Ectoplasm"],"picked":"Lizard Tail"}],"items_purged_floors":[5],"is_endless":false,"potions_floor_spawned":[1,2,10,12,14,18],"killed_by":"Shell Parasite","ascension_level":4}