{"gold_per_floor":[115,115,115,65,65,93,105,105,155,169,94,94,128,143,143,143],"floor_reached":16,"playtime":536,"items_purged":["Strike_R"],"score":108,"play_id":"333bed1d-1538-45c8-a1f1-2113d73b89d5","local_time":"20190122215929","is_ascension_mode":false,"campfire_choices":[{"data":"Defend_R","floor":8.0,"key":"SMITH"},{"data":"Strike_R","floor":12.0,"key":"SMITH"},{"floor":15,"key":"REST"}],"neow_cost":"NONE","seed_source_timestamp":865610045659822,"circlet_count":0,"master_deck":["Strike_R","Strike_R+1","Defend_R","Defend_R","Defend_R+1","Evolve"],"special_seed":0,"relics":["Empty Cage","Ginger","Sundial","Ancient Tea Set","Happy Flower"],"potions_floor_usage":[],"damage_taken":[{"damage":12.0,"enemies":"Small Slimes","floor":1.0,"turns":5.0},{"damage":24.0,"enemies":"3 Sentries","floor":6.0,"turns":16.0},{"damage":3.0,"enemies":"Jaw Worm","floor":7.0,"turns":10.0},{"damage":0.0,"enemies":"2 Louse","floor":10.0,"turns":3.0},{"damage":45,"enemies":"Gremlin Nob","floor":13,"turns":6},{"damage":0,"enemies":"Blue Slaver","floor":14,"turns":5},{"damage":17,"enemies":"Slime Boss","floor":16,"turns":6}],"seed_played":"-3021603770749778536","potions_obtained":[{"floor":1.0,"key":"Ancient Potion"},{"floor":7.0,"key":"LiquidBronze"},{"floor":14,"key":"LiquidBronze"}],"is_trial":false,"path_per_floor":["M","?","T","?","?","E","M","R","T","M","$","R","E","M","R","B"],"character_chosen":"IRONCLAD","items_purchased":[],"campfire_rested":1,"item_purchase_floors":[],"current_hp_per_floor":[68,73,73,73,73,49,46,46,46,46,46,46,1,1,26,9],"gold":143,"neow_bonus":"BOSS_RELIC","is_prod":false,"is_daily":false,"chose_seed":false,"campfire_upgraded":2,"win_rate":0,"timestamp":1548223169,"path_taken":["M","?","?","?","?","E","M","R","T","M","?","R","E","M","R","BOSS"],"build_version":"2019-01-17v2","purchased_purges":1,"victory":false,"max_hp_per_floor":[80,85,85,85,85,85,85,85,85,85,85,85,85,85,85,85],"card_choices":[{"not_picked":["Dual Wield","Armaments"],"picked":"Evolve","floor":1.0},{"not_picked":["Wild Strike","Perfected Strike","Entrench"],"picked":"SKIP","floor":6.0},{"not_picked":["Clothesline","Bloodletting","Sword Boomerang"],"picked":"SKIP","floor":7.0},{"not_picked":["Power Through","Thunderclap","Dark Embrace"],"picked":"SKIP","floor":10.0},{"not_picked":["Carnage","Heavy Blade","Cleave"],"picked":"SKIP","floor":13},{"not_picked":["Anger","Corruption","Twin Strike"],"picked":"SKIP","floor":14}],"player_experience":282749,"relics_obtained":[{"floor":3.0,"key":"Ginger"},{"floor":6.0,"key":"Sundial"},{"floor":9.0,"key":"Ancient Tea Set"},{"floor":13,"key":"Happy Flower"}],"event_choices":[{"damage_healed":0.0,"max_hp_gain":5.0,"max_hp_loss":0.0,"gold_gain":0.0,"event_name":"Big Fish","player_choice":"Donut","floor":2.0,"gold_loss":0.0,"damage_taken":0.0},{"cards_removed":["Bash"],"damage_healed":0.0,"max_hp_gain":0.0,"max_hp_loss":0.0,"gold_gain":0.0,"event_name":"The Cleric","player_choice":"Card Removal","floor":4.0,"gold_loss":50.0,"damage_taken":0.0},{"cards_removed":["Strike_R"],"damage_healed":0.0,"max_hp_gain":0.0,"max_hp_loss":0.0,"gold_gain":0.0,"event_name":"Living Wall","player_choice":"Forget","floor":5.0,"gold_loss":0.0,"damage_taken":0.0}],"is_beta":false,"boss_relics":[],"items_purged_floors":[11],"is_endless":false,"potions_floor_spawned":[1,7,14],"killed_by":"Slime Boss","ascension_level":0}