{"gold_per_floor":[117,135,25,25,39,39,58,77,77,77,5,25,25,41,41,137,137,148,148,160,160,176,176,176],"floor_reached":24,"playtime":759,"items_purged":[],"score":190,"play_id":"d8a17b7e-e71a-4d85-baef-10d96fbaa6a1","local_time":"20181116205603","is_ascension_mode":false,"campfire_choices":[{"data":"Redo","floor":6,"key":"SMITH"},{"floor":13,"key":"REST"},{"floor":15,"key":"REST"},{"data":"Self Repair","floor":23,"key":"SMITH"}],"neow_cost":"NONE","seed_source_timestamp":270285014478835,"circlet_count":0,"master_deck":["Strike_B","Strike_B","Strike_B","Strike_B","Defend_B","Defend_B","Defend_B","Defend_B","Zap","Dualcast","Defragment","Coolheaded","Glacier","Defragment","Zap","Redo+1","All For One","Genetic Algorithm","Defragment","Beam Cell","Ball Lightning","Seek","Go for the Eyes","RitualDagger","Self Repair+1","Trip","Zap","Chaos+1"],"relics":["Cracked Core","Bottled Lightning","Black Star"],"potions_floor_usage":[14,16,22,22,24],"damage_taken":[{"damage":8,"enemies":"2 Louse","floor":1,"turns":2},{"damage":1,"enemies":"Cultist","floor":2,"turns":3},{"damage":4,"enemies":"Small Slimes","floor":5,"turns":4},{"damage":9,"enemies":"2 Fungi Beasts","floor":7,"turns":5},{"damage":8,"enemies":"Red Slaver","floor":8,"turns":3},{"damage":10,"enemies":"Looter","floor":12,"turns":2},{"damage":9,"enemies":"Exordium Wildlife","floor":14,"turns":2},{"damage":32,"enemies":"Hexaghost","floor":16,"turns":9},{"damage":12,"enemies":"Spheric Guardian","floor":18,"turns":6},{"damage":10,"enemies":"Chosen","floor":20,"turns":4},{"damage":12,"enemies":"Snake Plant","floor":22,"turns":4},{"damage":53,"enemies":"Gremlin Leader","floor":24,"turns":5}],"seed_played":"1981576286116502412","potions_obtained":[{"floor":1,"key":"FearPotion"},{"floor":7,"key":"PowerPotion"},{"floor":8,"key":"Strength Potion"},{"floor":16,"key":"FocusPotion"},{"floor":20,"key":"Poison Potion"}],"is_trial":false,"path_per_floor":["M","M","$","?","M","R","M","M","T","?","$","M","R","M","R","B",null,"M","?","M","?","M","R","E"],"character_chosen":"DEFECT","items_purchased":["Glacier","Defragment","Defragment"],"campfire_rested":2,"item_purchase_floors":[3,3,11],"current_hp_per_floor":[67,66,66,66,62,62,53,45,45,45,45,35,57,48,70,38,75,63,57,47,47,42,42,0],"gold":176,"neow_bonus":"ONE_RANDOM_RARE_CARD","is_prod":false,"is_daily":false,"chose_seed":false,"campfire_upgraded":2,"win_rate":0,"timestamp":1542426963,"path_taken":["M","M","$","?","?","R","M","M","T","?","?","M","R","M","R","BOSS","M","?","M","?","M","R","E"],"build_version":"2018-11-15","purchased_purges":0,"victory":false,"max_hp_per_floor":[75,75,75,75,75,75,75,75,75,75,75,75,75,75,75,75,75,75,75,75,75,75,75,75],"card_choices":[{"not_picked":["Cold Snap","Streamline"],"picked":"Defragment","floor":1},{"not_picked":["Go for the Eyes","Barrage"],"picked":"Coolheaded","floor":2},{"not_picked":["Sweeping Beam","Heatsinks"],"picked":"Redo","floor":5},{"not_picked":["Heatsinks","Recycle"],"picked":"All For One","floor":7},{"not_picked":["Turbo","Aggregate"],"picked":"Genetic Algorithm","floor":8},{"not_picked":["Barrage","Genetic Algorithm"],"picked":"Beam Cell","floor":12},{"not_picked":["Steam","Gash"],"picked":"Ball Lightning","floor":14},{"not_picked":["Hyperbeam","Biased Cognition"],"picked":"Seek","floor":16},{"not_picked":["Coolheaded","Hologram+1"],"picked":"Go for the Eyes","floor":18},{"not_picked":["Heatsinks","Force Field+1"],"picked":"Self Repair","floor":20},{"not_picked":["Redo","Compile Driver+1"],"picked":"Chaos+1","floor":22}],"player_experience":1076794,"relics_obtained":[{"floor":9,"key":"Bottled Lightning"}],"event_choices":[{"damage_healed":0,"gold_gain":0,"player_choice":"1 cards matched","damage_taken":0,"max_hp_gain":0,"max_hp_loss":0,"event_name":"Match and Keep!","floor":4,"gold_loss":0,"cards_obtained":["Zap"]},{"cards_removed":["Meteor Strike"],"damage_healed":0,"gold_gain":0,"player_choice":"Purged","damage_taken":0,"max_hp_gain":0,"max_hp_loss":0,"event_name":"Purifier","floor":10,"gold_loss":0},{"damage_healed":0,"gold_gain":0,"player_choice":"Joined the Cult","damage_taken":6,"max_hp_gain":0,"max_hp_loss":0,"event_name":"Nest","floor":19,"gold_loss":0,"cards_obtained":["RitualDagger"]},{"damage_healed":0,"gold_gain":0,"player_choice":"2 cards matched","damage_taken":0,"max_hp_gain":0,"max_hp_loss":0,"event_name":"Match and Keep!","floor":21,"gold_loss":0,"cards_obtained":["Trip","Zap"]}],"is_beta":false,"boss_relics":[{"not_picked":["White Beast Statue","Orrery"],"picked":"Black Star"}],"items_purged_floors":[],"is_endless":false,"potions_floor_spawned":[1,7,8,16,20],"killed_by":"Gremlin Leader","ascension_level":0}