{"gold_per_floor":[109,124,49,49,69,69,98,17,17,17,38,54,54,69,69,164,164,183,201,213,313,313,313,138,138,188,188,42,110,140,140,140,245,245,260,260,280,280,280,293,312,121,201,301,301,12,28,55,55,55],"floor_reached":51,"playtime":1393,"items_purged":["Strike_B","Strike_B"],"score":866,"play_id":"33bbf119-5a95-4c85-8ead-2f2c3f2a7f11","local_time":"20190410140838","is_ascension_mode":false,"campfire_choices":[{"data":"Streamline","floor":6.0,"key":"SMITH"},{"data":"Tempest","floor":13.0,"key":"SMITH"},{"data":"Zap","floor":15.0,"key":"SMITH"},{"data":"Doom and Gloom","floor":23.0,"key":"SMITH"},{"data":"Multi-Cast","floor":25.0,"key":"SMITH"},{"data":"Leap","floor":27.0,"key":"SMITH"},{"floor":32.0,"key":"REST"},{"floor":49,"key":"REST"}],"neow_cost":"NONE","seed_source_timestamp":8970951505428,"circlet_count":0,"master_deck":["Defend_B","Defend_B","Defend_B","Zap+1","Dualcast","Streamline+1","Ball Lightning","Cold Snap","Glacier","Doom and Gloom+1","Go for the Eyes+1","Tempest+1","Multi-Cast+1","Streamline+1","Leap+1","Glacier","Rebound+1","Necronomicurse","Sunder+1","Injury","Clumsy","Leap","Writhe","Hyperbeam+1","Double Energy+1","Go for the Eyes+1","All For One+1","Cold Snap+1","Apotheosis","Trip","Trip","Darkness","Doubt","Ball Lightning+1","Doubt","Regret","Defragment","Parasite","White Noise+1","Creative AI"],"special_seed":0,"relics":["Velvet Choker","Lantern","Vajra","Molten Egg 2","Odd Mushroom","Cursed Key","Gambling Chip","Dodecahedron","Necronomicon","Regal Pillow","DataDisk","Darkstone Periapt","Singing Bowl","Thread and Needle","Astrolabe","Chemical X","Blue Candle","Shovel","Dream Catcher","ClockworkSouvenir","Oddly Smooth Stone"],"potions_floor_usage":[40,48],"damage_taken":[{"damage":0.0,"enemies":"2 Louse","floor":1.0,"turns":2.0},{"damage":5.0,"enemies":"Small Slimes","floor":2.0,"turns":3.0},{"damage":6.0,"enemies":"Jaw Worm","floor":5.0,"turns":2.0},{"damage":23.0,"enemies":"Gremlin Nob","floor":7.0,"turns":4.0},{"damage":0.0,"enemies":"The Mushroom Lair","floor":11.0,"turns":2.0},{"damage":1.0,"enemies":"3 Louse","floor":12.0,"turns":2.0},{"damage":0.0,"enemies":"Looter","floor":14.0,"turns":2.0},{"damage":13.0,"enemies":"Slime Boss","floor":16.0,"turns":8.0},{"damage":7.0,"enemies":"Shell Parasite","floor":18.0,"turns":3.0},{"damage":6.0,"enemies":"Chosen","floor":19.0,"turns":3.0},{"damage":0.0,"enemies":"Snecko","floor":20.0,"turns":3.0},{"damage":0.0,"enemies":"Colosseum Slavers","floor":21.0,"turns":4.0},{"damage":4.0,"enemies":"Colosseum Nobs","floor":21.0,"turns":3.0},{"damage":9.0,"enemies":"Book of Stabbing","floor":30.0,"turns":4.0},{"damage":41.0,"enemies":"Champ","floor":33.0,"turns":7.0},{"damage":0.0,"enemies":"3 Shapes","floor":35.0,"turns":2.0},{"damage":14,"enemies":"3 Darklings","floor":37,"turns":3},{"damage":0,"enemies":"Jaw Worm Horde","floor":40,"turns":3},{"damage":0,"enemies":"Spire Growth","floor":41,"turns":4},{"damage":14,"enemies":"Mind Bloom Boss Battle","floor":44,"turns":5},{"damage":18,"enemies":"Writhing Mass","floor":47,"turns":4},{"damage":5,"enemies":"Reptomancer","floor":48,"turns":3},{"damage":57,"enemies":"Time Eater","floor":50,"turns":13}],"seed_played":"5281842752745225779","potions_obtained":[{"floor":1.0,"key":"SpeedPotion"},{"floor":5.0,"key":"FocusPotion"},{"floor":11.0,"key":"Swift Potion"},{"floor":16.0,"key":"SkillPotion"},{"floor":18.0,"key":"EssenceOfSteel"},{"floor":21.0,"key":"AttackPotion"},{"floor":30.0,"key":"FearPotion"},{"floor":37,"key":"Energy Potion"},{"floor":44,"key":"SkillPotion"}],"is_trial":false,"path_per_floor":["M","M","$","?","M","R","E","$","T","?","?","M","R","M","R","B",null,"M","M","M","?","?","R","$","R","T","R","$","T","E","?","R","B",null,"M","?","M","$","?","M","M","$","T","?","T","$","M","E","R","B",null],"character_chosen":"DEFECT","items_purchased":["Doom and Gloom","Sunder+1","DataDisk","Chemical X","Defragment","ClockworkSouvenir"],"campfire_rested":2,"item_purchase_floors":[8,24,28,42,46,46],"current_hp_per_floor":[75,70,70,58,52,52,29,29,29,54,54,53,53,53,53,40,75,68,62,62,58,42,42,42,42,42,42,42,42,33,39,78,37,81,81,71,57,57,63,63,65,65,71,59,65,65,53,48,97,40],"gold":55,"neow_bonus":"BOSS_RELIC","is_prod":false,"is_daily":false,"chose_seed":false,"campfire_upgraded":6,"win_rate":0,"timestamp":1554926918,"path_taken":["M","M","$","?","M","R","E","$","T","?","?","M","R","M","R","BOSS","M","M","M","?","?","R","$","R","T","R","$","?","E","?","R","BOSS","M","?","M","$","?","M","?","$","T","?","?","$","?","E","R","BOSS"],"build_version":"2019-01-23","purchased_purges":2,"victory":true,"max_hp_per_floor":[75,75,75,75,75,75,75,75,75,75,75,75,75,75,75,75,75,75,75,75,75,75,75,75,75,75,75,75,75,75,81,81,81,81,81,81,81,81,87,87,89,89,95,97,103,103,109,109,111,111],"card_choices":[{"not_picked":["FTL","Turbo"],"picked":"Streamline","floor":1.0},{"not_picked":["Melter","Rebound"],"picked":"Ball Lightning","floor":2.0},{"not_picked":["Gash","Go for the Eyes"],"picked":"Cold Snap","floor":5.0},{"not_picked":["Force Field","Capacitor"],"picked":"Glacier","floor":7.0},{"not_picked":["BootSequence","Redo"],"picked":"Go for the Eyes+1","floor":11.0},{"not_picked":["Heatsinks","Turbo"],"picked":"Tempest","floor":12.0},{"not_picked":["Compile Driver+1","Static Discharge","Steam Power"],"picked":"SKIP","floor":14.0},{"not_picked":["Echo Form","Fission"],"picked":"Multi-Cast","floor":16.0},{"not_picked":["Gash+1","Hologram"],"picked":"Streamline+1","floor":18.0},{"not_picked":["Stack","Rip and Tear+1"],"picked":"Leap","floor":19.0},{"not_picked":["Barrage+1","Force Field"],"picked":"Glacier","floor":20.0},{"not_picked":["Hologram","Chill"],"picked":"Rebound+1","floor":21.0},{"not_picked":["Skim","Consume"],"picked":"Leap","floor":30.0},{"not_picked":["Multi-Cast","Machine Learning"],"picked":"Hyperbeam+1","floor":33.0},{"not_picked":["Genetic Algorithm","Stack"],"picked":"Cold Snap+1","floor":35.0},{"not_picked":["Flash of Steel+1","Swift Strike+1"],"picked":"Apotheosis","floor":36.0},{"not_picked":["Finesse","Jack Of All Trades"],"picked":"Trip","floor":36.0},{"not_picked":["Impatience","Swift Strike+1"],"picked":"Trip","floor":36.0},{"not_picked":["Turbo+1","Ball Lightning+1"],"picked":"Darkness","floor":37},{"not_picked":["Streamline+1","Seek"],"picked":"Ball Lightning+1","floor":40},{"not_picked":["Ball Lightning+1","Glacier","Redo"],"picked":"Singing Bowl","floor":41},{"not_picked":["Streamline+1","Rebound+1","Force Field"],"picked":"Singing Bowl","floor":44},{"not_picked":["Compile Driver+1","Streamline+1"],"picked":"White Noise+1","floor":47},{"not_picked":["Hologram","Chill+1"],"picked":"Creative AI","floor":48},{"not_picked":["Beam Cell+1","Chill","Rebound+1"],"picked":"Singing Bowl","floor":49}],"player_experience":1171350,"relics_obtained":[{"floor":7.0,"key":"Vajra"},{"floor":9.0,"key":"Molten Egg 2"},{"floor":11.0,"key":"Odd Mushroom"},{"floor":21.0,"key":"Gambling Chip"},{"floor":21.0,"key":"Dodecahedron"},{"floor":22.0,"key":"Necronomicon"},{"floor":26.0,"key":"Regal Pillow"},{"floor":29.0,"key":"Darkstone Periapt"},{"floor":30.0,"key":"Singing Bowl"},{"floor":43,"key":"Blue Candle"},{"floor":44,"key":"Shovel"},{"floor":45,"key":"Dream Catcher"},{"floor":48,"key":"Oddly Smooth Stone"}],"event_choices":[{"damage_healed":0.0,"max_hp_gain":0.0,"max_hp_loss":0.0,"gold_gain":0.0,"event_name":"Scrap Ooze","player_choice":"Success","floor":4.0,"gold_loss":0.0,"damage_taken":12.0,"relics_obtained":["Lantern"]},{"damage_healed":25.0,"max_hp_gain":0.0,"max_hp_loss":0.0,"gold_gain":0.0,"event_name":"Big Fish","player_choice":"Banana","floor":10.0,"gold_loss":0.0,"damage_taken":0.0},{"damage_healed":0.0,"max_hp_gain":0.0,"max_hp_loss":0.0,"gold_gain":0.0,"event_name":"Mushrooms","player_choice":"Fought Mushrooms","floor":11.0,"gold_loss":0.0,"damage_taken":0.0},{"damage_healed":0.0,"max_hp_gain":0.0,"max_hp_loss":0.0,"gold_gain":0.0,"event_name":"Colosseum","player_choice":"Fight","floor":21.0,"gold_loss":0.0,"damage_taken":0.0},{"damage_healed":0.0,"max_hp_gain":0.0,"max_hp_loss":0.0,"gold_gain":0.0,"event_name":"Colosseum","player_choice":"Fought Nobs","floor":21.0,"gold_loss":0.0,"damage_taken":0.0},{"damage_healed":0.0,"max_hp_gain":0.0,"max_hp_loss":0.0,"gold_gain":0.0,"event_name":"Cursed Tome","player_choice":"Obtained Book","floor":22.0,"gold_loss":0.0,"damage_taken":16.0},{"damage_healed":0.0,"max_hp_gain":0.0,"max_hp_loss":0.0,"gold_gain":0.0,"event_name":"The Mausoleum","player_choice":"Opened","floor":31.0,"gold_loss":0.0,"damage_taken":0.0,"relics_obtained":["Thread and Needle"],"cards_obtained":["Writhe"]},{"damage_healed":0.0,"max_hp_gain":0.0,"max_hp_loss":0.0,"gold_gain":0.0,"event_name":"SensoryStone","player_choice":"Memory 3","floor":36.0,"gold_loss":0.0,"damage_taken":10.0},{"damage_healed":0,"gold_gain":0,"player_choice":"1 cards matched","damage_taken":0,"max_hp_gain":0,"max_hp_loss":0,"event_name":"Match and Keep!","floor":39,"gold_loss":0,"cards_obtained":["Doubt"]},{"damage_healed":0,"gold_gain":0,"player_choice":"Fight","damage_taken":0,"max_hp_gain":0,"max_hp_loss":0,"event_name":"MindBloom","floor":44,"gold_loss":0}],"is_beta":false,"boss_relics":[{"not_picked":["Ectoplasm","Empty Cage"],"picked":"Cursed Key"},{"not_picked":["Black Star","Eternal Feather"],"picked":"Astrolabe"}],"items_purged_floors":[3,24],"is_endless":false,"potions_floor_spawned":[1,5,11,16,18,20,21,30,37,44],"ascension_level":0}