{"gold_per_floor":[117,292,303,303,152,166,166,199,226,203,247,247,266,266,266,396,396,396,396,56,11,11,11,11],"floor_reached":24,"playtime":710,"items_purged":["Strike_B"],"score":263,"play_id":"6c82d629-1716-4efe-97ac-91af9537317d","local_time":"20181112135055","is_ascension_mode":true,"campfire_choices":[{"data":"Hyperbeam","floor":7,"key":"SMITH"},{"floor":12,"key":"REST"},{"floor":15,"key":"REST"},{"floor":23,"key":"REST"}],"neow_cost":"NONE","seed_source_timestamp":2840877899132255,"circlet_count":0,"master_deck":["Strike_B","Strike_B","Strike_B","Defend_B","Defend_B+1","Defend_B+1","Defend_B","Zap","Dualcast","Hyperbeam+1","Gash","Rebound","Injury","Streamline","Steam","Compile Driver","Compile Driver","Rebound","Core Surge","Scrape","Stack","Stack","Steam"],"relics":["Cracked Core","Golden Idol","Ancient Tea Set","War Paint","Bag of Marbles","Ectoplasm","Girya"],"potions_floor_usage":[8,8,16,18,24],"damage_taken":[{"damage":7,"enemies":"Jaw Worm","floor":1,"turns":3},{"damage":0,"enemies":"2 Louse","floor":3,"turns":1},{"damage":0,"enemies":"Small Slimes","floor":6,"turns":1},{"damage":11,"enemies":"3 Sentries","floor":8,"turns":3},{"damage":24,"enemies":"Gremlin Nob","floor":11,"turns":4},{"damage":0,"enemies":"2 Fungi Beasts","floor":13,"turns":2},{"damage":66,"enemies":"The Guardian","floor":16,"turns":16},{"damage":7,"enemies":"Spheric Guardian","floor":18,"turns":4},{"damage":21,"enemies":"2 Thieves","floor":21,"turns":3},{"damage":52,"enemies":"Gremlin Leader","floor":24,"turns":6}],"seed_played":"-8566005319666283737","potions_obtained":[{"floor":1,"key":"Explosive Potion"},{"floor":3,"key":"SkillPotion"},{"floor":11,"key":"Energy Potion"},{"floor":13,"key":"SkillPotion"},{"floor":16,"key":"Block Potion"},{"floor":21,"key":"Fire Potion"}],"is_trial":false,"path_per_floor":["M","?","M","?","$","M","R","E","T","?","E","R","M","?","R","B",null,"M","?","$","M","$","R","E"],"character_chosen":"DEFECT","items_purchased":["Streamline","Steam","Girya","Stack"],"campfire_rested":3,"item_purchase_floors":[5,5,20,20],"current_hp_per_floor":[61,61,61,61,61,61,61,50,50,50,26,48,48,48,70,4,57,50,50,50,29,29,51,0],"gold":11,"neow_bonus":"ONE_RANDOM_RARE_CARD","is_prod":false,"is_daily":false,"chose_seed":false,"campfire_upgraded":1,"win_rate":0,"timestamp":1542055855,"path_taken":["M","?","M","?","$","M","R","E","T","?","E","R","M","?","R","BOSS","M","?","$","M","$","R","E"],"build_version":"2018-11-08","purchased_purges":1,"victory":false,"max_hp_per_floor":[75,75,75,75,75,75,75,75,75,75,75,75,75,75,75,75,75,75,75,75,75,75,75,75],"card_choices":[{"not_picked":["Lockon","Double Energy"],"picked":"Gash","floor":1},{"not_picked":["Coolheaded","Ball Lightning"],"picked":"Rebound","floor":3},{"not_picked":["Fusion","Coolheaded"],"picked":"Compile Driver","floor":6},{"not_picked":["Redo","Steam Power","Biased Cognition"],"picked":"SKIP","floor":8},{"not_picked":["Loop","Amplify"],"picked":"Compile Driver","floor":11},{"not_picked":["Glacier","Cold Snap"],"picked":"Rebound","floor":13},{"not_picked":["Creative AI","Machine Learning"],"picked":"Core Surge","floor":16},{"not_picked":["Rebound+1","White Noise"],"picked":"Scrape","floor":18},{"not_picked":["Reprogram","Glacier"],"picked":"Steam","floor":21}],"player_experience":1055660,"relics_obtained":[{"floor":8,"key":"Ancient Tea Set"},{"floor":9,"key":"War Paint"},{"floor":11,"key":"Bag of Marbles"}],"event_choices":[{"damage_healed":0,"gold_gain":175,"player_choice":"AGREE","damage_taken":0,"max_hp_gain":0,"max_hp_loss":0,"event_name":"Liars Game","floor":2,"gold_loss":0,"cards_obtained":["Doubt"]},{"damage_healed":0,"gold_gain":0,"player_choice":"Take Wound","damage_taken":0,"relics_obtained":["Golden Idol"],"max_hp_gain":0,"max_hp_loss":0,"event_name":"Golden Idol","floor":4,"gold_loss":0,"cards_obtained":["Injury"]},{"damage_healed":0,"gold_gain":0,"player_choice":"Left Gold","damage_taken":0,"max_hp_gain":0,"max_hp_loss":0,"event_name":"World of Goop","floor":10,"gold_loss":23},{"cards_removed":["Doubt"],"damage_healed":0,"gold_gain":0,"player_choice":"Forget","damage_taken":0,"max_hp_gain":0,"max_hp_loss":0,"event_name":"Living Wall","floor":14,"gold_loss":0},{"damage_healed":0,"gold_gain":0,"player_choice":"Read","damage_taken":0,"max_hp_gain":0,"max_hp_loss":0,"event_name":"The Library","floor":19,"gold_loss":0,"cards_obtained":["Stack"]}],"is_beta":false,"boss_relics":[{"not_picked":["Calling Bell","Philosopher\u0027s Stone"],"picked":"Ectoplasm"}],"items_purged_floors":[5],"is_endless":false,"potions_floor_spawned":[1,3,11,13,16,21],"killed_by":"Gremlin Leader","ascension_level":6}