{"gold_per_floor":[113,113,130,140,157,157,174,174,174,209,228,262,262,48,48,150,150,166,177,177,192,192,192,221,1,26,36,36,53,53,67,67,171,171,183,183,197,197,31,31,47,62,62,73,105,105,160,172,172,172],"floor_reached":50,"playtime":3756,"items_purged":["Writhe"],"score":784,"play_id":"dca97177-cc4e-4488-b6e7-45838e8c7c7f","local_time":"20190328223629","is_ascension_mode":true,"campfire_choices":[{"data":"Bash","floor":6,"key":"SMITH"},{"data":"True Grit","floor":8,"key":"SMITH"},{"data":"Whirlwind","floor":13,"key":"SMITH"},{"floor":15,"key":"REST"},{"data":"Carnage","floor":23,"key":"SMITH"},{"data":"Metallicize","floor":28,"key":"SMITH"},{"data":"Metallicize","floor":32,"key":"SMITH"},{"data":"Disarm","floor":40,"key":"SMITH"},{"floor":46,"key":"RECALL"},{"data":"Dual Wield","floor":49,"key":"SMITH"}],"neow_cost":"NONE","seed_source_timestamp":1117147829206987,"circlet_count":0,"master_deck":["AscendersBane","Strike_R","Strike_R","Strike_R","Defend_R","Defend_R","Defend_R","Bash+1","Metallicize+1","Shrug It Off","True Grit+1","Whirlwind+1","Carnage+1","Flame Barrier","Battle Trance","Battle Trance","Offering","Flame Barrier+1","Disarm+1","Pummel","True Grit+1","Injury","Shrug It Off","Shame","Metallicize+1","Reaper","Ghostly Armor","Metallicize+1","Shockwave","True Grit+1","Regret","Body Slam+1","Dual Wield+1","Impervious"],"relics":["Burning Blood","Happy Flower","Bag of Marbles","Blood Vial","Ornamental Fan","Red Skull","Cursed Key","Anchor","Bronze Scales","Potion Belt","PreservedInsect","Strawberry","Snecko Eye","Juzu Bracelet","Incense Burner"],"potions_floor_usage":[11,11],"damage_taken":[{"damage":0,"enemies":"Small Slimes","floor":1,"turns":3},{"damage":10,"enemies":"2 Louse","floor":3,"turns":4},{"damage":8,"enemies":"Cultist","floor":4,"turns":5},{"damage":0,"enemies":"Blue Slaver","floor":5,"turns":7},{"damage":15,"enemies":"3 Louse","floor":7,"turns":2},{"damage":51,"enemies":"Lagavulin","floor":10,"turns":8},{"damage":23,"enemies":"Exordium Thugs","floor":11,"turns":11},{"damage":16,"enemies":"Gremlin Nob","floor":12,"turns":4},{"damage":40,"enemies":"Slime Boss","floor":16,"turns":11},{"damage":13,"enemies":"Spheric Guardian","floor":18,"turns":4},{"damage":0,"enemies":"3 Byrds","floor":19,"turns":3},{"damage":27,"enemies":"3 Cultists","floor":21,"turns":4},{"damage":20,"enemies":"Slavers","floor":24,"turns":3},{"damage":1,"enemies":"Snake Plant","floor":27,"turns":2},{"damage":6,"enemies":"Snecko","floor":29,"turns":6},{"damage":9,"enemies":"Centurion and Healer","floor":31,"turns":7},{"damage":51,"enemies":"Champ","floor":33,"turns":12},{"damage":15,"enemies":"3 Darklings","floor":35,"turns":7},{"damage":0,"enemies":"3 Shapes","floor":37,"turns":14},{"damage":17,"enemies":"Spire Growth","floor":41,"turns":7},{"damage":0,"enemies":"Sphere and 2 Shapes","floor":42,"turns":5},{"damage":23,"enemies":"Transient","floor":44,"turns":5},{"damage":30,"enemies":"Reptomancer","floor":45,"turns":9},{"damage":26,"enemies":"2 Orb Walkers","floor":47,"turns":8},{"damage":9,"enemies":"Spire Growth","floor":48,"turns":14},{"damage":84,"enemies":"Donu and Deca","floor":50,"turns":5}],"seed_played":"-3014964320906524979","potions_obtained":[{"floor":1,"key":"Regen Potion"},{"floor":7,"key":"Regen Potion"},{"floor":11,"key":"Ancient Potion"},{"floor":21,"key":"SpeedPotion"},{"floor":31,"key":"SpeedPotion"},{"floor":33,"key":"Strength Potion"},{"floor":48,"key":"FairyPotion"}],"is_trial":false,"path_per_floor":["?","?","?","M","?","?","?","M","?"],"character_chosen":"IRONCLAD","items_purchased":["Red Skull","Battle Trance","Potion Belt","Shockwave","SmokeBomb"],"campfire_rested":1,"item_purchase_floors":[14,14,25,39,39],"current_hp_per_floor":[78,71,67,65,71,71,62,62,62,17,32,24,24,24,48,16,64,59,67,67,48,48,48,36,36,36,43,43,45,52,51,51,8,67,68,68,76,76,76,76,73,83,83,72,54,54,48,53,53,0],"gold":172,"neow_bonus":"RANDOM_COMMON_RELIC","is_prod":false,"is_daily":false,"chose_seed":false,"campfire_upgraded":8,"win_rate":0,"timestamp":1553826989,"path_taken":["M","?","M","M","M","R","M","R","T","E","M","E","R","$","R","BOSS","M","M","?","M","?","R","E","$","T","M","R","?","?","M","R","BOSS","M","?","M","?","$","R","M","?","T","M","E","R","?","M","R","BOSS"],"build_version":"2019-01-23","purchased_purges":1,"victory":false,"max_hp_per_floor":[80,80,80,80,80,80,80,80,80,80,80,80,80,80,80,80,80,80,80,80,80,80,80,80,80,80,80,80,80,87,87,87,87,87,87,83,83,83,83,83,83,83,83,83,83,83,83,83,83,83],"card_choices":[{"not_picked":["Iron Wave","True Grit"],"picked":"Metallicize","floor":1},{"not_picked":["Bloodletting","Sword Boomerang"],"picked":"Shrug It Off","floor":3},{"not_picked":["Havoc","Corruption"],"picked":"True Grit","floor":4},{"not_picked":["Thunderclap","Bloodletting"],"picked":"Whirlwind","floor":5},{"not_picked":["Second Wind","Perfected Strike","Cleave"],"picked":"SKIP","floor":7},{"not_picked":["Flex","Thunderclap"],"picked":"Carnage","floor":10},{"not_picked":["Cleave","Shrug It Off"],"picked":"Flame Barrier","floor":11},{"not_picked":["Bloodletting","Cleave"],"picked":"Battle Trance","floor":12},{"not_picked":["Limit Break","Feed"],"picked":"Offering","floor":16},{"not_picked":["Armaments","Fire Breathing"],"picked":"Flame Barrier+1","floor":18},{"not_picked":["Power Through","Havoc","Twin Strike+1"],"picked":"SKIP","floor":19},{"not_picked":["Thunderclap","Flex"],"picked":"Disarm","floor":21},{"not_picked":["Double Tap","Warcry"],"picked":"True Grit+1","floor":24},{"not_picked":["Clash","Reckless Charge"],"picked":"Shrug It Off","floor":27},{"not_picked":["True Grit","Headbutt","Intimidate"],"picked":"SKIP","floor":29},{"not_picked":["Combust+1","Body Slam"],"picked":"Metallicize","floor":31},{"not_picked":["Berserk","Brutality"],"picked":"Reaper","floor":33},{"not_picked":["Clash+1","Flex"],"picked":"Ghostly Armor","floor":35},{"not_picked":["Iron Wave+1","Flex+1"],"picked":"Metallicize+1","floor":37},{"not_picked":["Armaments","Uppercut+1"],"picked":"True Grit+1","floor":41},{"not_picked":["Heavy Blade+1","True Grit","Warcry"],"picked":"SKIP","floor":42},{"not_picked":["Battle Trance+1","Perfected Strike+1"],"picked":"Body Slam+1","floor":44},{"not_picked":["Flex","Shrug It Off+1"],"picked":"Dual Wield","floor":45},{"not_picked":["Clothesline","Clash+1"],"picked":"Impervious","floor":47},{"not_picked":["Burning Pact+1","Shockwave","Anger+1"],"picked":"SKIP","floor":48}],"player_experience":1147059,"relics_obtained":[{"floor":9,"key":"Bag of Marbles"},{"floor":10,"key":"Blood Vial"},{"floor":12,"key":"Ornamental Fan"},{"floor":24,"key":"Bronze Scales"},{"floor":26,"key":"PreservedInsect"},{"floor":45,"key":"Juzu Bracelet"},{"floor":47,"key":"Incense Burner"}],"event_choices":[{"cards_removed":["Defend_R"],"damage_healed":0,"gold_gain":0,"player_choice":"Card Removal","damage_taken":7,"max_hp_gain":0,"max_hp_loss":0,"event_name":"Golden Wing","floor":2,"gold_loss":0},{"damage_healed":0,"gold_gain":0,"player_choice":"Opened","damage_taken":0,"relics_obtained":["Anchor"],"max_hp_gain":0,"max_hp_loss":0,"event_name":"The Mausoleum","floor":20,"gold_loss":0,"cards_obtained":["Writhe"]},{"damage_healed":0,"gold_gain":0,"cards_transformed":["Strike_R"],"player_choice":"Transformed","damage_taken":0,"max_hp_gain":0,"max_hp_loss":0,"event_name":"Transmorgrifier","floor":22,"gold_loss":0,"cards_obtained":["Pummel"]},{"damage_healed":0,"gold_gain":0,"player_choice":"Stole Relic","damage_taken":0,"relics_obtained":["Strawberry"],"max_hp_gain":0,"max_hp_loss":0,"event_name":"Addict","floor":30,"gold_loss":0,"cards_obtained":["Shame"]},{"damage_healed":0,"gold_gain":0,"player_choice":"Max HP","damage_taken":0,"max_hp_gain":0,"max_hp_loss":4,"event_name":"Winding Halls","floor":36,"gold_loss":0},{"cards_removed":["Strike_R"],"damage_healed":0,"gold_gain":0,"player_choice":"Removed Attack","damage_taken":0,"max_hp_gain":0,"max_hp_loss":0,"event_name":"Falling","floor":38,"gold_loss":0},{"damage_healed":0,"gold_gain":0,"player_choice":"Fight","damage_taken":0,"max_hp_gain":0,"max_hp_loss":0,"event_name":"Mysterious Sphere","floor":47,"gold_loss":0}],"is_beta":false,"boss_relics":[{"not_picked":["White Beast Statue","Runic Dome"],"picked":"Cursed Key"},{"not_picked":["Philosopher\u0027s Stone","Calling Bell"],"picked":"Snecko Eye"}],"items_purged_floors":[25],"is_endless":false,"potions_floor_spawned":[1,7,10,11,21,31,33,41,44,45,48],"killed_by":"Donu and Deca","ascension_level":11}