{"gold_per_floor":[115,65,82,3,22,57,69,69,92,145,180,199,211,238,238,238],"floor_reached":16,"playtime":540,"items_purged":[],"score":159,"play_id":"a138cdad-a4e4-4aa3-928d-27a4b0654100","local_time":"20181026231139","is_ascension_mode":true,"campfire_choices":[{"data":"True Grit","floor":8,"key":"SMITH"},{"data":"Barricade","floor":15,"key":"SMITH"}],"neow_cost":"NONE","seed_source_timestamp":1402252563491937,"circlet_count":0,"master_deck":["Strike_R","Strike_R","Strike_R+1","Strike_R","Defend_R","Defend_R","Defend_R","Defend_R","Bash+1","Fire Breathing","Inflame","Spot Weakness","Iron Wave","Wild Strike","True Grit+1","Barricade+1","Rampage","Burning Pact","Seeing Red"],"relics":["Burning Blood","NeowsBlessing","Whetstone","Anchor","Vajra","Shuriken"],"potions_floor_usage":[6,11,16,16],"damage_taken":[{"damage":0,"enemies":"Jaw Worm","floor":1,"turns":1},{"damage":0,"enemies":"2 Louse","floor":3,"turns":1},{"damage":0,"enemies":"Small Slimes","floor":5,"turns":1},{"damage":45,"enemies":"3 Sentries","floor":6,"turns":9},{"damage":6,"enemies":"3 Louse","floor":7,"turns":3},{"damage":10,"enemies":"Lagavulin","floor":11,"turns":8},{"damage":8,"enemies":"Exordium Thugs","floor":12,"turns":3},{"damage":0,"enemies":"Red Slaver","floor":13,"turns":2},{"damage":5,"enemies":"3 Sentries","floor":14,"turns":6},{"damage":53,"enemies":"Hexaghost","floor":16,"turns":11}],"seed_played":"-326728586756419465","potions_obtained":[{"floor":1,"key":"SkillPotion"},{"floor":5,"key":"BloodPotion"},{"floor":11,"key":"SteroidPotion"},{"floor":13,"key":"Poison Potion"}],"is_trial":false,"path_per_floor":["M","?","M","$","M","E","M","R","T","?","E","M","M","E","R"],"character_chosen":"IRONCLAD","items_purchased":["Spot Weakness"],"campfire_rested":0,"item_purchase_floors":[4],"current_hp_per_floor":[78,78,80,80,80,49,49,49,49,49,45,43,49,50,50,0],"gold":238,"neow_bonus":"THREE_ENEMY_KILL","is_prod":false,"is_daily":false,"chose_seed":false,"campfire_upgraded":2,"win_rate":0,"timestamp":1540617099,"path_taken":["M","?","M","$","M","E","M","R","T","?","E","M","?","E","R","BOSS"],"build_version":"2018-10-25v2","purchased_purges":0,"victory":false,"max_hp_per_floor":[80,80,80,80,80,80,80,80,80,80,80,80,80,80,80,80],"card_choices":[{"not_picked":["Wild Strike","Flex"],"picked":"Fire Breathing","floor":1},{"not_picked":["Wild Strike","Clothesline"],"picked":"Inflame","floor":3},{"not_picked":["Havoc","Clothesline"],"picked":"Iron Wave","floor":5},{"not_picked":["Whirlwind","Iron Wave"],"picked":"Wild Strike","floor":6},{"not_picked":["Clash","Metallicize"],"picked":"True Grit","floor":7},{"not_picked":["Havoc","Dropkick"],"picked":"Barricade","floor":11},{"not_picked":["Clothesline","Shockwave"],"picked":"Rampage","floor":12},{"not_picked":["Clothesline","Bloodletting"],"picked":"Burning Pact","floor":13},{"not_picked":["Havoc","Sword Boomerang"],"picked":"Seeing Red","floor":14}],"player_experience":890099,"relics_obtained":[{"floor":6,"key":"Whetstone"},{"floor":9,"key":"Anchor"},{"floor":11,"key":"Vajra"},{"floor":14,"key":"Shuriken"}],"event_choices":[{"cards_removed":["Strike_R"],"damage_healed":0,"gold_gain":0,"player_choice":"Card Removal","damage_taken":0,"max_hp_gain":0,"max_hp_loss":0,"event_name":"The Cleric","floor":2,"gold_loss":50},{"damage_healed":0,"gold_gain":53,"player_choice":"Gained Gold","damage_taken":0,"max_hp_gain":0,"max_hp_loss":0,"event_name":"Golden Wing","floor":10,"gold_loss":0}],"is_beta":false,"boss_relics":[],"items_purged_floors":[],"is_endless":false,"potions_floor_spawned":[1,5,11,13],"killed_by":"Hexaghost","ascension_level":6}