{"gold_per_floor":[112,126,126,126,142,142,153,170,170,170,202,202,215,9,9,109,109,120,43,43,62,82,82,99,130,130,164,164,189,189,207,207,207],"floor_reached":33,"playtime":1608,"items_purged":[],"score":471,"play_id":"ea1c316d-5c79-4cc3-80a0-a9d287ec8aef","local_time":"20180925161434","is_ascension_mode":true,"campfire_choices":[{"data":"Leg Sweep","floor":6,"key":"SMITH"},{"floor":10,"key":"REST"},{"data":"Noxious Fumes","floor":12,"key":"SMITH"},{"floor":15,"key":"REST"},{"data":"Ghostly","floor":23,"key":"SMITH"},{"floor":28,"key":"DIG"},{"data":"Dodge and Roll","floor":32,"key":"SMITH"}],"neow_cost":"NONE","seed_source_timestamp":1030556913868085,"circlet_count":0,"master_deck":["Defend_G","Defend_G","Defend_G","Defend_G","Defend_G","Strike_G","Strike_G","Strike_G","Strike_G","Survivor","Neutralize","Leg Sweep+1","Backstab","Backflip","Noxious Fumes+1","Poisoned Stab","Terror","Blur","Die Die Die","Bouncing Flask","Ghostly","Ghostly","Ghostly","Ghostly","Ghostly+1","Cloak And Dagger","Slice","Quick Slash","Cloak And Dagger","Dodge and Roll+1"],"relics":["Ring of the Snake","Sundial","Bottled Tornado","Letter Opener","HandDrill","Busted Crown","Boot","Tingsha","Shovel","Art of War","Frozen Egg 2"],"potions_floor_usage":[16,25,33,33],"damage_taken":[{"damage":1,"enemies":"Jaw Worm","floor":1,"turns":7},{"damage":0,"enemies":"Small Slimes","floor":2,"turns":5},{"damage":0,"enemies":"2 Louse","floor":5,"turns":3},{"damage":9,"enemies":"Blue Slaver","floor":7,"turns":4},{"damage":1,"enemies":"Lots of Slimes","floor":8,"turns":4},{"damage":13,"enemies":"Lagavulin","floor":11,"turns":8},{"damage":7,"enemies":"Gremlin Gang","floor":13,"turns":4},{"damage":55,"enemies":"Slime Boss","floor":16,"turns":12},{"damage":15,"enemies":"Spheric Guardian","floor":18,"turns":6},{"damage":1,"enemies":"3 Byrds","floor":21,"turns":4},{"damage":0,"enemies":"Snake Plant","floor":22,"turns":4},{"damage":3,"enemies":"Centurion and Healer","floor":24,"turns":6},{"damage":0,"enemies":"Gremlin Leader","floor":25,"turns":6},{"damage":1,"enemies":"Book of Stabbing","floor":27,"turns":6},{"damage":0,"enemies":"Gremlin Leader","floor":29,"turns":7},{"damage":1,"enemies":"Colosseum Slavers","floor":30,"turns":4},{"damage":2,"enemies":"Cultist and Chosen","floor":31,"turns":5},{"damage":28,"enemies":"Collector","floor":33,"turns":9}],"seed_played":"-2618332027885468431","potions_obtained":[{"floor":2,"key":"AttackPotion"},{"floor":8,"key":"Block Potion"},{"floor":16,"key":"Weak Potion"},{"floor":21,"key":"PowerPotion"},{"floor":27,"key":"GhostInAJar"},{"floor":29,"key":"Strength Potion"}],"is_trial":false,"path_per_floor":["M","M","?","?","M","R","M","M","T","R","E","R","M","$","R","B",null,"M","$","?","M","M","R","M","E","T","E","R","E","?","M","R"],"character_chosen":"THE_SILENT","items_purchased":["HandDrill","Bouncing Flask"],"campfire_rested":2,"item_purchase_floors":[14,19],"current_hp_per_floor":[69,69,27,50,50,50,41,40,40,61,48,48,41,41,62,7,54,39,39,35,34,34,34,31,31,31,30,30,30,29,27,27,0],"gold":207,"neow_bonus":"TRANSFORM_CARD","is_prod":false,"is_daily":false,"chose_seed":false,"campfire_upgraded":4,"win_rate":0,"timestamp":1537913674,"path_taken":["M","M","?","?","M","R","M","M","T","R","E","R","M","$","R","BOSS","M","$","?","M","M","R","?","E","T","E","R","E","?","M","R","BOSS"],"build_version":"2018-09-20","purchased_purges":0,"victory":false,"max_hp_per_floor":[70,70,70,70,70,70,70,70,70,70,70,70,70,70,70,70,70,70,70,35,35,35,35,35,35,35,35,35,35,35,35,35,35],"card_choices":[{"not_picked":["Deadly Poison","Backflip"],"picked":"Backstab","floor":1},{"not_picked":["Acrobatics","Prepared"],"picked":"Backflip","floor":2},{"not_picked":["Backflip","Skewer"],"picked":"Noxious Fumes","floor":5},{"not_picked":["Burst","Quick Slash"],"picked":"Poisoned Stab","floor":7},{"not_picked":["Dagger Throw","Sucker Punch"],"picked":"Terror","floor":8},{"not_picked":["PiercingWail","Unload"],"picked":"Blur","floor":11},{"not_picked":["Terror","Acrobatics","Underhanded Strike"],"picked":"SKIP","floor":13},{"not_picked":["Doppelganger","Night Terror"],"picked":"Die Die Die","floor":16},{"not_picked":["Acrobatics"],"picked":"SKIP","floor":18},{"not_picked":[],"picked":"Cloak And Dagger","floor":21},{"not_picked":[],"picked":"Slice","floor":22},{"not_picked":[],"picked":"Quick Slash","floor":24},{"not_picked":[],"picked":"Cloak And Dagger","floor":25},{"not_picked":["Tactician"],"picked":"SKIP","floor":27},{"not_picked":["Tactician"],"picked":"SKIP","floor":27},{"not_picked":["Cloak And Dagger"],"picked":"SKIP","floor":29},{"not_picked":[],"picked":"Dodge and Roll","floor":31}],"player_experience":579537,"relics_obtained":[{"floor":9,"key":"Bottled Tornado"},{"floor":11,"key":"Letter Opener"},{"floor":25,"key":"Boot"},{"floor":26,"key":"Tingsha"},{"floor":27,"key":"Shovel"},{"floor":28,"key":"Art of War"},{"floor":29,"key":"Frozen Egg 2"}],"event_choices":[{"event_name":"Scrap Ooze","player_choice":"success","floor":3,"damage_taken":42},{"event_name":"Big Fish","player_choice":"Banana","floor":4,"damage_taken":0},{"event_name":"Ghosts","player_choice":"Became a Ghost","floor":20,"damage_taken":0},{"event_name":"Colosseum","player_choice":"Fight","floor":30,"damage_taken":0},{"event_name":"Colosseum","player_choice":"Fled From Nobs","floor":30,"damage_taken":0}],"is_beta":false,"boss_relics":[{"not_picked":["Ectoplasm","Coffee Dripper"],"picked":"Busted Crown"}],"items_purged_floors":[],"is_endless":false,"potions_floor_spawned":[2,8,16,21,24,27,29],"killed_by":"Collector","ascension_level":5}