{"gold_per_floor":[114,114,114,36,36,65,65,80,80,99,49,82,33,51,51,151,151,161,161,180,103,121,121,135,135],"floor_reached":25,"playtime":1068,"items_purged":[],"score":222,"play_id":"d87c9474-cf5c-47a8-ad5d-bfbf0361f849","local_time":"20180816214101","is_ascension_mode":true,"campfire_choices":[{"floor":7,"key":"REST"},{"floor":15,"key":"REST"},{"floor":23,"key":"REST"}],"neow_cost":"NONE","seed_source_timestamp":546693861727932,"circlet_count":0,"master_deck":["Strike_R","Strike_R","Strike_R","Strike_R","Strike_R","Defend_R","Defend_R","Defend_R","Defend_R","Bash","Shrug It Off","Battle Trance","Thunderclap","Clothesline","Shockwave","Flex","Thunderclap","Impervious","Sword Boomerang+1","Metallicize","J.A.X.","Uppercut","Rage"],"relics":["Runic Dome","Magic Flower","Matryoshka","Smiling Mask","Happy Flower","Regal Pillow","Cursed Key"],"potions_floor_usage":[12,12,16,16,22,24,24,25],"damage_taken":[{"damage":6,"enemies":"Jaw Worm","floor":1,"turns":3},{"damage":13,"enemies":"3 Sentries","floor":6,"turns":7},{"damage":3,"enemies":"Small Slimes","floor":8,"turns":2},{"damage":6,"enemies":"2 Louse","floor":10,"turns":2},{"damage":13,"enemies":"Lagavulin","floor":12,"turns":5},{"damage":5,"enemies":"2 Fungi Beasts","floor":14,"turns":4},{"damage":41,"enemies":"The Guardian","floor":16,"turns":18},{"damage":16,"enemies":"2 Thieves","floor":18,"turns":4},{"damage":14,"enemies":"Spheric Guardian","floor":20,"turns":4},{"damage":14,"enemies":"Cultist and Chosen","floor":22,"turns":5},{"damage":19,"enemies":"Centurion and Healer","floor":24,"turns":4},{"damage":48,"enemies":"Slavers","floor":25,"turns":5}],"seed_played":"-8263990202213387700","potions_obtained":[{"floor":1,"key":"Swift Potion"},{"floor":8,"key":"SteroidPotion"},{"floor":10,"key":"Block Potion"},{"floor":14,"key":"PowerPotion"},{"floor":16,"key":"Ancient Potion"},{"floor":18,"key":"Strength Potion"},{"floor":20,"key":"Strength Potion"},{"floor":22,"key":"Ancient Potion"}],"is_trial":false,"path_per_floor":["M","?","?","$","?","E","R","M","T","M","?","E","$","M","R","B",null,"M","?","M","?","M","R","M"],"character_chosen":"IRONCLAD","items_purchased":["Spot Weakness","Flex"],"campfire_rested":3,"item_purchase_floors":[4,13],"current_hp_per_floor":[74,41,41,41,41,28,52,49,49,43,43,30,30,25,64,23,80,64,49,35,35,21,61,42,0],"gold":135,"neow_bonus":"BOSS_RELIC","is_prod":false,"is_daily":false,"chose_seed":false,"campfire_upgraded":0,"win_rate":0,"timestamp":1534477261,"path_taken":["M","?","?","$","?","E","R","M","T","M","?","E","$","M","R","BOSS","M","?","M","?","?","R","M","E"],"build_version":"2018-08-09","purchased_purges":0,"victory":false,"max_hp_per_floor":[80,80,80,80,80,80,80,80,80,80,80,80,80,80,80,80,80,80,85,85,85,85,85,85,85],"card_choices":[{"not_picked":["Body Slam","Warcry"],"picked":"Shrug It Off","floor":1},{"not_picked":["Havoc","Anger"],"picked":"Battle Trance","floor":6},{"not_picked":["Headbutt","Twin Strike"],"picked":"Thunderclap","floor":8},{"not_picked":["Anger","Body Slam"],"picked":"Clothesline","floor":10},{"not_picked":["Berserk","Corruption"],"picked":"Shockwave","floor":12},{"not_picked":["Twin Strike","Flex"],"picked":"Thunderclap","floor":14},{"not_picked":["Bludgeon","Immolate"],"picked":"Impervious","floor":16},{"not_picked":["Flex","Second Wind"],"picked":"Sword Boomerang+1","floor":18},{"not_picked":["Sever Soul","Clash"],"picked":"Metallicize","floor":20},{"not_picked":["Wild Strike+1","Feel No Pain"],"picked":"Uppercut","floor":22},{"not_picked":["Evolve","Feel No Pain"],"picked":"Rage","floor":24}],"player_experience":231772,"relics_obtained":[{"floor":6,"key":"Matryoshka"},{"floor":9,"key":"Smiling Mask"},{"floor":9,"key":"Happy Flower"},{"floor":12,"key":"Regal Pillow"}],"event_choices":[{"event_name":"Scrap Ooze","player_choice":"success","floor":2,"damage_taken":33},{"event_name":"Liars Game","player_choice":"disagreed","floor":3,"damage_taken":0},{"event_name":"Golden Wing","player_choice":"Ignored","floor":5,"damage_taken":0},{"event_name":"The Cleric","player_choice":"Card Removal","floor":11,"damage_taken":0},{"event_name":"Forgotten Altar","player_choice":"Shed Blood","floor":19,"damage_taken":0},{"event_name":"Drug Dealer","player_choice":"Got JAXXED","floor":21,"damage_taken":0}],"is_beta":false,"boss_relics":[{"not_picked":["Empty Cage","Runic Pyramid"],"picked":"Cursed Key"}],"items_purged_floors":[],"is_endless":false,"potions_floor_spawned":[1,8,10,14,16,18,20,22],"killed_by":"Slavers","ascension_level":1}