{"gold_per_floor":[114,124,124,134,146,146,146,146,146,164,178,190,160,86,86,181,181,196,206,78,78,90,90,102,102,102,102,27,40,40,40],"floor_reached":31,"playtime":1486,"items_purged":[],"score":254,"play_id":"5b01e44c-a154-42a7-9a62-d3b482664880","local_time":"20180729182654","is_ascension_mode":false,"campfire_choices":[{"floor":6,"key":"REST"},{"data":"Flex","floor":8,"key":"SMITH"},{"floor":15,"key":"REST"},{"floor":23,"key":"REST"},{"data":"Limit Break","floor":25,"key":"SMITH"},{"data":"Bite","floor":27,"key":"SMITH"},{"floor":30,"key":"REST"}],"neow_cost":"NONE","seed_source_timestamp":260362955458759,"circlet_count":0,"master_deck":["Defend_R","Limit Break+1","Inflame+1","True Grit+1","Anger","Flex+1","Evolve","Entrench","Pummel","Shrug It Off","Ghostly Armor","Whirlwind","Limit Break+1","Pummel","Sword Boomerang+1","Twin Strike","Flash of Steel","Bite+1","Bite","Bite","Bite","Bite","Whirlwind"],"relics":["Astrolabe","Matryoshka","Empty Cage","Blood Vial","Shuriken"],"potions_floor_usage":[],"damage_taken":[{"damage":4,"enemies":"Jaw Worm","floor":1,"turns":6},{"damage":7,"enemies":"2 Louse","floor":2,"turns":3},{"damage":0,"enemies":"Cultist","floor":4,"turns":3},{"damage":25,"enemies":"Exordium Thugs","floor":5,"turns":4},{"damage":1,"enemies":"Large Slime","floor":10,"turns":6},{"damage":5,"enemies":"2 Fungi Beasts","floor":11,"turns":4},{"damage":17,"enemies":"Exordium Wildlife","floor":12,"turns":6},{"damage":10,"enemies":"Looter","floor":13,"turns":4},{"damage":50,"enemies":"Slime Boss","floor":16,"turns":8},{"damage":11,"enemies":"Chosen","floor":18,"turns":5},{"damage":0,"enemies":"3 Byrds","floor":19,"turns":5},{"damage":35,"enemies":"Centurion and Healer","floor":22,"turns":5},{"damage":10,"enemies":"Cultist and Chosen","floor":24,"turns":3},{"damage":34,"enemies":"Snecko","floor":29,"turns":5},{"damage":67,"enemies":"Slaver and Parasite","floor":31,"turns":3}],"seed_played":"-2142700480074171770","potions_obtained":[{"floor":1,"key":"BloodPotion"},{"floor":4,"key":"AttackPotion"},{"floor":5,"key":"Dexterity Potion"},{"floor":11,"key":"Strength Potion"},{"floor":18,"key":"EssenceOfSteel"}],"is_trial":false,"path_per_floor":["M","M","?","M","M","R","?","R","T","M","M","M","M","$","R","B",null,"M","M","$","?","M","R","M","R","T","R","?","M","R"],"character_chosen":"IRONCLAD","items_purchased":["Whirlwind","Twin Strike","Flash of Steel"],"campfire_rested":4,"item_purchase_floors":[14,20,20],"current_hp_per_floor":[76,69,74,74,49,74,74,74,74,73,68,51,41,41,66,16,85,74,74,74,59,32,49,45,45,45,45,45,23,40,0],"gold":40,"neow_bonus":"BOSS_RELIC","is_prod":false,"is_daily":false,"chose_seed":false,"campfire_upgraded":3,"win_rate":0.0,"timestamp":1532910414,"path_taken":["M","M","?","M","M","R","?","R","T","M","M","M","?","$","R","BOSS","M","M","$","?","M","R","M","R","T","R","?","M","R","M"],"build_version":"2018-07-26","purchased_purges":0,"victory":false,"max_hp_per_floor":[80,80,85,85,85,85,85,85,85,85,85,85,85,85,85,85,85,85,85,85,59,59,59,59,59,59,59,59,59,59,59],"card_choices":[{"not_picked":["Sentinel","Hemokinesis","Wild Strike"],"picked":"SKIP","floor":1},{"not_picked":["Uppercut","Body Slam"],"picked":"Anger","floor":2},{"not_picked":["Second Wind","True Grit"],"picked":"Flex","floor":4},{"not_picked":["Wild Strike","Clash"],"picked":"Evolve","floor":5},{"not_picked":["Iron Wave","Twin Strike"],"picked":"Pummel","floor":10},{"not_picked":["Reckless Charge","Clothesline"],"picked":"Shrug It Off","floor":11},{"not_picked":["Entrench","Burning Pact"],"picked":"Ghostly Armor","floor":12},{"not_picked":["Reckless Charge","Sever Soul","Body Slam"],"picked":"SKIP","floor":13},{"not_picked":["Feed","Exhume"],"picked":"Limit Break","floor":16},{"not_picked":["Flex","Evolve+1"],"picked":"Pummel","floor":18},{"not_picked":["Flame Barrier","Twin Strike+1"],"picked":"Sword Boomerang+1","floor":19},{"not_picked":["Entrench","Clothesline","Havoc"],"picked":"SKIP","floor":22},{"not_picked":["Pommel Strike","Clash","Perfected Strike"],"picked":"SKIP","floor":24},{"not_picked":["Armaments","Cleave"],"picked":"Whirlwind","floor":29}],"player_experience":77287,"relics_obtained":[{"floor":9,"key":"Matryoshka"},{"floor":26,"key":"Blood Vial"},{"floor":26,"key":"Shuriken"}],"event_choices":[{"event_name":"Big Fish","player_choice":"Donut","floor":3,"damage_taken":0},{"event_name":"Living Wall","player_choice":"Change","floor":7,"damage_taken":0},{"event_name":"Vampires","player_choice":"Became a vampire","floor":21,"damage_taken":0},{"event_name":"Beggar","player_choice":"Gave Gold","floor":28,"damage_taken":0}],"is_beta":false,"boss_relics":[{"not_picked":["Busted Crown","Coffee Dripper"],"picked":"Empty Cage"}],"items_purged_floors":[],"is_endless":false,"potions_floor_spawned":[1,4,5,11,18,24],"killed_by":"Slaver and Parasite","ascension_level":0}