{"gold_per_floor":[114,114,114,132,152,152,188,202,202,127,157],"floor_reached":11,"playtime":394,"items_purged":["Strike_B"],"score":102,"play_id":"45219b9b-431c-4c48-9ad1-2ad4b8c816ae","local_time":"20190325010254","is_ascension_mode":true,"campfire_choices":[{"data":"Consume","floor":6,"key":"SMITH"}],"neow_cost":"NONE","seed_source_timestamp":783695742615922,"circlet_count":0,"master_deck":["Strike_B","Strike_B","Strike_B","Defend_B","Defend_B","Defend_B","Defend_B","Zap+1","Dualcast","Self Repair","Consume+1","Defragment","BootSequence"],"relics":["Cracked Core","Golden Idol","Kunai","Molten Egg 2"],"potions_floor_usage":[11],"damage_taken":[{"damage":4,"enemies":"Small Slimes","floor":1,"turns":3},{"damage":7,"enemies":"Jaw Worm","floor":4,"turns":3},{"damage":1,"enemies":"Cultist","floor":5,"turns":3},{"damage":30,"enemies":"Lagavulin","floor":7,"turns":5},{"damage":2,"enemies":"Looter","floor":8,"turns":4},{"damage":16,"enemies":"Lagavulin Event","floor":11,"turns":2}],"seed_played":"3031223868913834453","potions_obtained":[{"floor":4,"key":"PowerPotion"}],"is_trial":false,"path_per_floor":["?","?","M","?"],"character_chosen":"DEFECT","items_purchased":[],"campfire_rested":0,"item_purchase_floors":[],"current_hp_per_floor":[64,46,39,32,38,38,8,13,13,13,0],"gold":157,"neow_bonus":"UPGRADE_CARD","is_prod":false,"is_daily":false,"chose_seed":false,"campfire_upgraded":1,"win_rate":0,"timestamp":1553490174,"path_taken":["M","?","?","M","?","R","E","M","T","$","?"],"build_version":"2019-01-23","purchased_purges":1,"victory":false,"max_hp_per_floor":[75,75,75,75,75,75,75,75,75,75,75],"card_choices":[{"not_picked":["Streamline","Heatsinks","Stack"],"picked":"SKIP","floor":1},{"not_picked":["Beam Cell","Streamline"],"picked":"Self Repair","floor":4},{"not_picked":["Double Energy","Cold Snap"],"picked":"Consume","floor":5},{"not_picked":["Recycle","Go for the Eyes"],"picked":"Defragment","floor":7},{"not_picked":["Rebound","Storm"],"picked":"BootSequence","floor":8}],"player_experience":979681,"relics_obtained":[{"floor":7,"key":"Kunai"},{"floor":9,"key":"Molten Egg 2"}],"event_choices":[{"damage_healed":0,"gold_gain":0,"player_choice":"Take Damage","damage_taken":18,"relics_obtained":["Golden Idol"],"max_hp_gain":0,"max_hp_loss":0,"event_name":"Golden Idol","floor":2,"gold_loss":0},{"damage_healed":0,"gold_gain":0,"player_choice":"Damaged","damage_taken":7,"max_hp_gain":0,"max_hp_loss":0,"event_name":"Wheel of Change","floor":3,"gold_loss":0},{"damage_healed":0,"gold_gain":30,"player_choice":"Searched \u00272\u0027 times","damage_taken":0,"max_hp_gain":0,"max_hp_loss":0,"event_name":"Dead Adventurer","floor":11,"gold_loss":0}],"is_beta":false,"boss_relics":[],"items_purged_floors":[10],"is_endless":false,"potions_floor_spawned":[4],"killed_by":"Lagavulin Event","ascension_level":8}