{"gold_per_floor":[368,368,77,88,106,131,131,163,163,163,190,206,206,221,221,322,322,342,352,352],"floor_reached":20,"playtime":957,"items_purged":["Decay"],"score":301,"play_id":"32843cfc-8a92-4e2d-8340-612a875ee264","local_time":"20190331143847","is_ascension_mode":true,"campfire_choices":[{"floor":7,"key":"REST"},{"data":"Loop","floor":13,"key":"SMITH"},{"floor":15,"key":"REST"}],"neow_cost":"CURSE","seed_source_timestamp":1350482104909872,"circlet_count":0,"master_deck":["AscendersBane","Strike_B","Strike_B","Strike_B","Strike_B","Defend_B","Defend_B+1","Defend_B","Defend_B","Zap","Dualcast","Leap+1","Loop+1","Go for the Eyes","Cold Snap","Loop","Capacitor","Ball Lightning","Go for the Eyes","Ball Lightning","Creative AI","FTL","Go for the Eyes"],"relics":["Cracked Core","Oddly Smooth Stone","Pantograph","Orichalcum","Blue Candle","Fusion Hammer"],"potions_floor_usage":[12,18],"damage_taken":[{"damage":6,"enemies":"Small Slimes","floor":1,"turns":3},{"damage":1,"enemies":"Jaw Worm","floor":4,"turns":4},{"damage":0,"enemies":"Cultist","floor":5,"turns":3},{"damage":18,"enemies":"Lagavulin","floor":6,"turns":7},{"damage":4,"enemies":"3 Sentries","floor":8,"turns":9},{"damage":19,"enemies":"Lagavulin","floor":11,"turns":7},{"damage":4,"enemies":"Red Slaver","floor":12,"turns":3},{"damage":10,"enemies":"Blue Slaver","floor":14,"turns":4},{"damage":42,"enemies":"Hexaghost","floor":16,"turns":10},{"damage":0,"enemies":"Spheric Guardian","floor":18,"turns":3},{"damage":15,"enemies":"3 Byrds","floor":19,"turns":5},{"damage":50,"enemies":"3 Cultists","floor":20,"turns":4}],"seed_played":"5059797511138717854","potions_obtained":[{"floor":1,"key":"FearPotion"},{"floor":4,"key":"Fire Potion"},{"floor":6,"key":"Weak Potion"},{"floor":16,"key":"LiquidBronze"},{"floor":19,"key":"Strength Potion"}],"is_trial":false,"path_per_floor":["?","$"],"character_chosen":"DEFECT","items_purchased":["Oddly Smooth Stone","Loop"],"campfire_rested":2,"item_purchase_floors":[3,3],"current_hp_per_floor":[62,47,47,46,46,28,50,46,46,46,27,23,23,13,35,18,61,61,46,0],"gold":352,"neow_bonus":"TWO_FIFTY_GOLD","is_prod":false,"is_daily":false,"chose_seed":false,"campfire_upgraded":1,"win_rate":0,"timestamp":1554057527,"path_taken":["M","?","$","M","M","E","R","E","T","?","E","M","R","M","R","BOSS","M","M","M"],"build_version":"2019-01-23","purchased_purges":1,"victory":false,"max_hp_per_floor":[75,75,75,75,75,75,75,75,75,75,75,75,75,75,75,75,75,75,75,75],"card_choices":[{"not_picked":["Gash","Steam Power"],"picked":"Leap","floor":1},{"not_picked":["Melter","Doom and Gloom"],"picked":"Go for the Eyes","floor":4},{"not_picked":["Steam","Gash"],"picked":"Cold Snap","floor":5},{"not_picked":["Compile Driver","BootSequence"],"picked":"Loop","floor":6},{"not_picked":["Heatsinks","BootSequence"],"picked":"Capacitor","floor":8},{"not_picked":["Heatsinks","Turbo"],"picked":"Ball Lightning","floor":11},{"not_picked":["Leap","Ball Lightning"],"picked":"Go for the Eyes","floor":12},{"not_picked":["Recycle","Undo"],"picked":"Ball Lightning","floor":14},{"not_picked":["Rainbow","Buffer"],"picked":"Creative AI","floor":16},{"not_picked":["Compile Driver","Self Repair"],"picked":"FTL","floor":18},{"not_picked":["Scrape","Recycle"],"picked":"Go for the Eyes","floor":19}],"player_experience":1330823,"relics_obtained":[{"floor":6,"key":"Pantograph"},{"floor":8,"key":"Orichalcum"},{"floor":11,"key":"Blue Candle"}],"event_choices":[{"damage_healed":0,"gold_gain":0,"player_choice":"Entered Light","damage_taken":15,"max_hp_gain":0,"max_hp_loss":0,"event_name":"Shining Light","floor":2,"gold_loss":0,"cards_upgraded":["Leap","Defend_B"]}],"is_beta":false,"boss_relics":[{"not_picked":["Runic Dome","Tiny House"],"picked":"Fusion Hammer"}],"items_purged_floors":[3],"is_endless":false,"potions_floor_spawned":[1,4,6,11,16,19],"killed_by":"3 Cultists","ascension_level":11}