{"gold_per_floor":[217,229,229,247,322,322,322,334,334,31,31,46,81,94,94,190,190,201,201,201,212,226,226],"floor_reached":23,"playtime":844,"items_purged":["Strike_R"],"score":193,"play_id":"33ebe345-527d-4c34-ae7d-10fdb4656dbb","local_time":"20190202142439","is_ascension_mode":false,"campfire_choices":[{"data":"Infernal Blade","floor":6.0,"key":"SMITH"},{"data":"Blind","floor":11,"key":"SMITH"},{"floor":15,"key":"REST"}],"neow_cost":"NONE","seed_source_timestamp":353065648989657,"circlet_count":0,"master_deck":["Strike_R","Strike_R","Strike_R","Strike_R","Defend_R","Defend_R","Defend_R","Defend_R","Bash","Infernal Blade+1","Reckless Charge","Feel No Pain","Evolve","Shrug It Off","Spot Weakness","Clothesline","Blind+1","Pummel","True Grit","Uppercut","Immolate","Heavy Blade","J.A.X.","Dual Wield+1","Cleave+1"],"special_seed":0,"relics":["Burning Blood"],"potions_floor_usage":[13,22,22,22,23,23],"damage_taken":[{"damage":5.0,"enemies":"Cultist","floor":1.0,"turns":4.0},{"damage":6.0,"enemies":"Jaw Worm","floor":2.0,"turns":2.0},{"damage":3.0,"enemies":"2 Louse","floor":4.0,"turns":2.0},{"damage":14,"enemies":"Lots of Slimes","floor":8,"turns":5},{"damage":9,"enemies":"2 Fungi Beasts","floor":12,"turns":4},{"damage":13,"enemies":"Gremlin Nob","floor":13,"turns":4},{"damage":26,"enemies":"Gremlin Gang","floor":14,"turns":5},{"damage":33,"enemies":"The Guardian","floor":16,"turns":11},{"damage":2,"enemies":"Chosen","floor":18,"turns":4},{"damage":24,"enemies":"2 Thieves","floor":21,"turns":4},{"damage":48,"enemies":"Snecko","floor":22,"turns":9},{"damage":14,"enemies":"Slavers","floor":23,"turns":1}],"seed_played":"3651222574539695277","potions_obtained":[{"floor":1.0,"key":"FearPotion"},{"floor":4.0,"key":"EntropicBrew"},{"floor":8,"key":"Weak Potion"},{"floor":16,"key":"Ancient Potion"}],"is_trial":false,"path_per_floor":["M","M","?","M","?","R","?","M","T","$","R","M","E","M","R","B",null,"M","?","?","M","M","E"],"character_chosen":"IRONCLAD","items_purchased":["Shrug It Off","Spot Weakness","Clothesline","Blind"],"campfire_rested":1,"item_purchase_floors":[10,10,10,10],"current_hp_per_floor":[80,80,80,80,69,69,69,61,61,61,61,58,51,31,55,28,80,80,80,72,54,12,0],"gold":226,"neow_bonus":"HUNDRED_GOLD","is_prod":false,"is_daily":false,"chose_seed":false,"campfire_upgraded":2,"win_rate":0,"timestamp":1549142679,"path_taken":["M","M","?","M","?","R","?","M","T","$","R","M","E","?","R","BOSS","M","?","?","M","?","E"],"build_version":"2019-01-23","purchased_purges":1,"victory":false,"max_hp_per_floor":[80,80,80,80,80,80,80,80,80,80,80,80,80,80,80,80,80,80,80,80,80,80,80],"card_choices":[{"not_picked":["Headbutt","Dual Wield"],"picked":"Infernal Blade","floor":1.0},{"not_picked":["Clash","Bloodletting"],"picked":"Reckless Charge","floor":2.0},{"not_picked":["Corruption","Entrench"],"picked":"Feel No Pain","floor":4.0},{"not_picked":["Anger","Clash"],"picked":"Evolve","floor":8},{"not_picked":["Clash","Cleave"],"picked":"Pummel","floor":12},{"not_picked":["Headbutt","Iron Wave"],"picked":"True Grit","floor":13},{"not_picked":["Double Tap","Clothesline"],"picked":"Uppercut","floor":14},{"not_picked":["Fiend Fire","Bludgeon"],"picked":"Immolate","floor":16},{"not_picked":["Inflame","Searing Blow+1"],"picked":"Heavy Blade","floor":18},{"not_picked":["Perfected Strike+1","Armaments"],"picked":"Dual Wield+1","floor":21},{"not_picked":["Sword Boomerang","Flex"],"picked":"Cleave+1","floor":22}],"player_experience":1372347,"relics_obtained":[],"event_choices":[{"damage_healed":0.0,"max_hp_gain":0.0,"max_hp_loss":0.0,"gold_gain":0.0,"event_name":"The Cleric","player_choice":"Leave","floor":3.0,"gold_loss":0.0,"damage_taken":0.0},{"damage_healed":0.0,"max_hp_gain":0.0,"max_hp_loss":0.0,"gold_gain":75.0,"event_name":"World of Goop","player_choice":"Gather Gold","floor":5.0,"gold_loss":0.0,"damage_taken":11.0},{"damage_healed":0,"gold_gain":0,"player_choice":"Ignored","damage_taken":0,"max_hp_gain":0,"max_hp_loss":0,"event_name":"WeMeetAgain","floor":7,"gold_loss":0},{"damage_healed":0,"gold_gain":0,"player_choice":"Obtain J.A.X.","damage_taken":0,"max_hp_gain":0,"max_hp_loss":0,"event_name":"Drug Dealer","floor":19,"gold_loss":0,"cards_obtained":["J.A.X."]},{"damage_healed":0,"gold_gain":0,"player_choice":"Damaged","damage_taken":8,"max_hp_gain":0,"max_hp_loss":0,"event_name":"Wheel of Change","floor":20,"gold_loss":0}],"is_beta":false,"boss_relics":[{"not_picked":["White Beast Statue","Orrery","Busted Crown"]}],"items_purged_floors":[10],"is_endless":false,"potions_floor_spawned":[1,4,8,12,16],"killed_by":"Slavers","ascension_level":0}