{"gold_per_floor":[114,129,144,144,159,189,189,219,219,249,249],"floor_reached":11,"playtime":1094,"items_purged":[],"score":93,"play_id":"b4048e10-d1f2-4d76-8488-d35d821cabe3","local_time":"20190330204915","daily_mods":["Cursed Run","Colorless Cards","Elite Swarm"],"is_ascension_mode":false,"campfire_choices":[{"floor":7,"key":"REST"}],"neow_cost":"","seed_source_timestamp":0,"circlet_count":0,"master_deck":["Defend_G","Defend_G","Defend_G","Defend_G","Defend_G","Strike_G","Strike_G","Strike_G","Strike_G","Strike_G","Survivor","Neutralize","Deadly Poison","Poisoned Stab","Backflip","Enlightenment","Storm of Steel","Flying Knee","Mayhem","Burst","Clumsy","Corpse Explosion"],"special_seed":17985,"relics":["Cursed Key","Darkstone Periapt","Du-Vu Doll","Lantern","Singing Bowl","Frozen Egg 2","Turnip"],"potions_floor_usage":[3,10],"damage_taken":[{"damage":0,"enemies":"2 Louse","floor":1,"turns":2},{"damage":6,"enemies":"Cultist","floor":2,"turns":4},{"damage":0,"enemies":"Small Slimes","floor":3,"turns":3},{"damage":0,"enemies":"3 Louse","floor":5,"turns":3},{"damage":31,"enemies":"Gremlin Nob","floor":6,"turns":5},{"damage":26,"enemies":"3 Sentries","floor":8,"turns":10},{"damage":26,"enemies":"Gremlin Nob","floor":10,"turns":5},{"damage":8,"enemies":"Exordium Thugs","floor":11,"turns":1}],"seed_played":"5798064951903659498","potions_obtained":[{"floor":1,"key":"Ancient Potion"},{"floor":8,"key":"Fire Potion"}],"is_trial":false,"path_per_floor":["M","M","M","?","M","E","R","E","T","E","M"],"character_chosen":"THE_SILENT","items_purchased":[],"campfire_rested":1,"item_purchase_floors":[],"current_hp_per_floor":[70,64,64,64,64,33,54,28,34,8,0],"gold":249,"neow_bonus":"","is_prod":false,"is_daily":true,"chose_seed":false,"campfire_upgraded":0,"win_rate":0,"timestamp":1553978955,"path_taken":["M","M","M","?","?","E","R","E","T","E","M"],"build_version":"2019-01-23","purchased_purges":0,"victory":false,"max_hp_per_floor":[70,70,70,70,70,70,70,70,76,76,76],"card_choices":[{"not_picked":["Cloak And Dagger","Dodge and Roll"],"picked":"Deadly Poison","floor":1},{"not_picked":["Terror","Dagger Throw"],"picked":"Poisoned Stab","floor":2},{"not_picked":["Dodge and Roll","Prepared"],"picked":"Backflip","floor":3},{"not_picked":["Cloak And Dagger","Poisoned Stab"],"picked":"Flying Knee","floor":5},{"not_picked":["Phantasmal Killer","A Thousand Cuts"],"picked":"Mayhem","floor":6},{"not_picked":["Wraith Form v2","Tools of the Trade"],"picked":"Burst","floor":8},{"not_picked":["Transmutation","Venomology"],"picked":"Corpse Explosion","floor":10}],"player_experience":288904,"relics_obtained":[{"floor":6,"key":"Lantern"},{"floor":8,"key":"Singing Bowl"},{"floor":9,"key":"Frozen Egg 2"},{"floor":10,"key":"Turnip"}],"event_choices":[{"damage_healed":0,"gold_gain":0,"player_choice":"2 cards matched","damage_taken":0,"max_hp_gain":0,"max_hp_loss":0,"event_name":"Match and Keep!","floor":4,"gold_loss":0,"cards_obtained":["Enlightenment","Storm of Steel"]}],"is_beta":false,"boss_relics":[],"items_purged_floors":[],"is_endless":false,"potions_floor_spawned":[1,8],"killed_by":"Exordium Thugs","ascension_level":0}