{"gold_per_floor":[112,127,143,159,175,175,202,202,225,243,243,274,294,313,313,414,414,432,447,462,24,38,73,73,22,22,36,49,49,78,8,8,109,109,128,128,139,158,158,158,258,258,258,258,269,269,286,0,0,0],"floor_reached":51,"playtime":8481,"items_purged":[],"score":776,"play_id":"76c2a90c-e23d-4dae-a247-9ba99488fb31","local_time":"20190201090620","is_ascension_mode":true,"campfire_choices":[{"floor":6.0,"key":"REST"},{"floor":11.0,"key":"REST"},{"floor":15.0,"key":"REST"},{"floor":24.0,"key":"REST"},{"floor":29.0,"key":"REST"},{"floor":32.0,"key":"REST"},{"floor":40,"key":"REST"},{"floor":42,"key":"REST"},{"floor":46,"key":"REST"},{"floor":49,"key":"REST"}],"neow_cost":"NONE","seed_source_timestamp":0,"circlet_count":0,"master_deck":["Strike_R","Strike_R","Strike_R","Strike_R","Defend_R","Defend_R","Defend_R","Defend_R","Bash","Headbutt","Iron Wave","Pommel Strike","Anger","Metallicize","Barricade","Entrench","Juggernaut","Anger","Searing Blow","Fiend Fire","Shrug It Off+1","Armaments","Sentinel","Transmutation","Metallicize","Flying Knee","Deflect","Shrug It Off","Double Energy+1","Rebound","Sweeping Beam","Apotheosis","Streamline+1","Leap","Shame","Deflect","Parasite","Feed","Inflame","Parasite","Choke","Bandage Up"],"special_seed":0,"relics":["Runic Pyramid","Anchor","Red Skull","Bag of Preparation","Cursed Key","PrismaticShard","Juzu Bracelet","StoneCalendar","Bronze Scales","Singing Bowl","Lizard Tail","Unceasing Top","Champion Belt","Gremlin Horn","Pen Nib"],"potions_floor_usage":[38,45,47,47,50],"damage_taken":[{"damage":7.0,"enemies":"Small Slimes","floor":1.0,"turns":3.0},{"damage":1.0,"enemies":"Cultist","floor":2.0,"turns":3.0},{"damage":0.0,"enemies":"Jaw Worm","floor":3.0,"turns":3.0},{"damage":12.0,"enemies":"Lots of Slimes","floor":4.0,"turns":3.0},{"damage":13.0,"enemies":"Exordium Thugs","floor":5.0,"turns":6.0},{"damage":29.0,"enemies":"Gremlin Nob","floor":7.0,"turns":5.0},{"damage":0.0,"enemies":"Blue Slaver","floor":10.0,"turns":4.0},{"damage":28.0,"enemies":"Lagavulin","floor":12.0,"turns":9.0},{"damage":4.0,"enemies":"Lots of Slimes","floor":13.0,"turns":4.0},{"damage":0.0,"enemies":"Gremlin Gang","floor":14.0,"turns":4.0},{"damage":38.0,"enemies":"Slime Boss","floor":16.0,"turns":12.0},{"damage":5.0,"enemies":"3 Byrds","floor":18.0,"turns":6.0},{"damage":14.0,"enemies":"Spheric Guardian","floor":19.0,"turns":4.0},{"damage":12.0,"enemies":"Centurion and Healer","floor":20.0,"turns":6.0},{"damage":21.0,"enemies":"Snake Plant","floor":22.0,"turns":3.0},{"damage":16.0,"enemies":"Slavers","floor":23.0,"turns":6.0},{"damage":0.0,"enemies":"Chosen and Byrds","floor":27.0,"turns":7.0},{"damage":0.0,"enemies":"Cultist and Chosen","floor":28.0,"turns":5.0},{"damage":50.0,"enemies":"Book of Stabbing","floor":30.0,"turns":5.0},{"damage":22.0,"enemies":"Automaton","floor":33.0,"turns":9.0},{"damage":46.0,"enemies":"3 Darklings","floor":35.0,"turns":7.0},{"damage":1,"enemies":"Orb Walker","floor":37,"turns":2},{"damage":8,"enemies":"Maw","floor":38,"turns":7},{"damage":15,"enemies":"Mind Bloom Boss Battle","floor":41,"turns":5},{"damage":16,"enemies":"4 Shapes","floor":45,"turns":4},{"damage":25,"enemies":"Writhing Mass","floor":47,"turns":5},{"damage":79,"enemies":"Time Eater","floor":50,"turns":12}],"seed_played":"-1820543199658448839","potions_obtained":[{"floor":3.0,"key":"Explosive Potion"},{"floor":4.0,"key":"Poison Potion"},{"floor":12.0,"key":"Dexterity Potion"},{"floor":14.0,"key":"Regen Potion"},{"floor":16.0,"key":"EssenceOfSteel"},{"floor":18.0,"key":"BloodPotion"},{"floor":22.0,"key":"Fire Potion"},{"floor":27.0,"key":"SteroidPotion"},{"floor":28.0,"key":"FearPotion"},{"floor":33.0,"key":"BloodPotion"},{"floor":35,"key":"Swift Potion"},{"floor":38,"key":"EssenceOfSteel"},{"floor":41,"key":"Block Potion"}],"is_trial":false,"path_per_floor":["M","M","M","M","M","R","E","?","T","M","R","E","M","M","R","B",null,"M","M","M","$","M","E","R","$","T","M","M","R","E","?","R","B",null,"M","?","M","M","T","R","?","R","T","?","M","R","M","$","R","B",null],"character_chosen":"IRONCLAD","items_purchased":["Transmutation","Metallicize","PrismaticShard","Shrug It Off","Pen Nib","Bandage Up","Poison Potion"],"campfire_rested":10,"item_purchase_floors":[21,21,21,25,48,48,48],"current_hp_per_floor":[73,72,72,60,47,71,42,42,42,42,66,38,34,34,58,35,80,75,61,49,49,36,20,44,44,44,44,44,68,18,18,42,20,80,34,34,35,35,35,59,44,68,68,68,55,80,55,55,80,7],"gold":0,"neow_bonus":"BOSS_RELIC","is_prod":false,"is_daily":false,"chose_seed":false,"campfire_upgraded":0,"win_rate":0,"timestamp":1549011980,"path_taken":["M","M","M","M","M","R","E","?","T","M","R","E","M","?","R","BOSS","M","M","M","$","M","E","R","$","T","M","M","R","E","?","R","BOSS","M","?","M","M","?","R","?","R","T","?","M","R","M","$","R","BOSS"],"build_version":"2019-01-23","purchased_purges":0,"victory":true,"max_hp_per_floor":[80,80,80,80,80,80,80,80,80,80,80,80,80,80,80,80,80,80,80,80,80,80,80,80,80,80,80,80,80,80,80,80,80,80,80,80,82,82,82,82,82,82,82,82,85,85,85,85,85,85],"card_choices":[{"not_picked":["Cleave","Uppercut"],"picked":"Headbutt","floor":1.0},{"not_picked":["Wild Strike","Flex"],"picked":"Iron Wave","floor":2.0},{"not_picked":["Disarm","Clothesline"],"picked":"Pommel Strike","floor":3.0},{"not_picked":["Warcry","Infernal Blade"],"picked":"Anger","floor":4.0},{"not_picked":["Warcry","Clothesline"],"picked":"Metallicize","floor":5.0},{"not_picked":["Iron Wave","Evolve"],"picked":"Barricade","floor":7.0},{"not_picked":["Flex","Inflame"],"picked":"Entrench","floor":10.0},{"not_picked":["Body Slam","Heavy Blade"],"picked":"Juggernaut","floor":12.0},{"not_picked":["Perfected Strike","Flex"],"picked":"Anger","floor":13.0},{"not_picked":["Wild Strike","Carnage"],"picked":"Searing Blow","floor":14.0},{"not_picked":["Exhume","Barricade"],"picked":"Fiend Fire","floor":16.0},{"not_picked":["Corruption+1","Flex"],"picked":"Shrug It Off+1","floor":18.0},{"not_picked":["Burning Pact","Thunderclap"],"picked":"Armaments","floor":19.0},{"not_picked":["Armaments","Thunderclap+1"],"picked":"Sentinel","floor":20.0},{"not_picked":["Genetic Algorithm","Glacier"],"picked":"Flying Knee","floor":22.0},{"not_picked":["Entrench","Headbutt"],"picked":"Deflect","floor":23.0},{"not_picked":["Anger+1","Backflip"],"picked":"Double Energy+1","floor":27.0},{"not_picked":["Madness","Steam"],"picked":"Rebound","floor":28.0},{"not_picked":["Compile Driver","Sucker Punch"],"picked":"Sweeping Beam","floor":30.0},{"not_picked":["Thinking Ahead","Offering"],"picked":"Apotheosis","floor":33.0},{"not_picked":["Anger+1","Flechettes"],"picked":"Streamline+1","floor":35},{"not_picked":["Steam+1","Twin Strike","PanicButton+1"],"picked":"Singing Bowl","floor":37},{"not_picked":["Pommel Strike+1","Clash"],"picked":"Leap","floor":38},{"not_picked":["Hyperbeam","Body Slam"],"picked":"Deflect","floor":41},{"not_picked":["Clothesline","Infernal Blade+1"],"picked":"Inflame","floor":45},{"not_picked":["Sucker Punch","Enlightenment"],"picked":"Choke","floor":47}],"player_experience":126067,"relics_obtained":[{"floor":7.0,"key":"Anchor"},{"floor":9.0,"key":"Red Skull"},{"floor":12.0,"key":"Bag of Preparation"},{"floor":23.0,"key":"Juzu Bracelet"},{"floor":26.0,"key":"StoneCalendar"},{"floor":30.0,"key":"Bronze Scales"},{"floor":39,"key":"Unceasing Top"},{"floor":41,"key":"Champion Belt"},{"floor":43,"key":"Gremlin Horn"}],"event_choices":[{"damage_healed":0.0,"max_hp_gain":0.0,"max_hp_loss":0.0,"gold_gain":0.0,"cards_transformed":["Strike_R"],"event_name":"Transmorgrifier","player_choice":"Transformed","floor":8.0,"gold_loss":0.0,"damage_taken":0.0,"cards_obtained":["Offering"]},{"damage_healed":0.0,"max_hp_gain":0.0,"max_hp_loss":0.0,"gold_gain":0.0,"event_name":"WeMeetAgain","player_choice":"Paid Gold","floor":31.0,"gold_loss":70.0,"damage_taken":0.0,"relics_obtained":["Singing Bowl"]},{"cards_removed":["Writhe"],"damage_healed":0,"gold_gain":0,"player_choice":"Card Removal","damage_taken":0,"max_hp_gain":0,"max_hp_loss":0,"event_name":"Wheel of Change","floor":36,"gold_loss":0},{"damage_healed":0,"gold_gain":0,"player_choice":"Fight","damage_taken":0,"max_hp_gain":0,"max_hp_loss":0,"event_name":"MindBloom","floor":41,"gold_loss":0},{"damage_healed":0,"gold_gain":0,"cards_transformed":["Offering"],"player_choice":"Transformed","damage_taken":0,"max_hp_gain":0,"max_hp_loss":0,"event_name":"Transmorgrifier","floor":44,"gold_loss":0,"cards_obtained":["Feed"]}],"is_beta":false,"boss_relics":[{"not_picked":["Snecko Eye","Eternal Feather"],"picked":"Cursed Key"},{"not_picked":["Empty Cage","Busted Crown"],"picked":"Lizard Tail"}],"items_purged_floors":[],"is_endless":false,"potions_floor_spawned":[3,4,12,14,16,18,22,27,28,33,35,38,41],"ascension_level":3}