{"gold_per_floor":[11,186,201,212,231,231,231,231,312,341,354,354,334,352,352,352],"floor_reached":16,"playtime":576,"items_purged":[],"score":133,"play_id":"324806a9-fa51-4fd9-bdc5-06889c1e0738","local_time":"20181023135532","is_ascension_mode":true,"campfire_choices":[{"floor":6,"key":"REST"},{"data":"Seeing Red","floor":12,"key":"SMITH"},{"floor":15,"key":"REST"}],"neow_cost":"NO_GOLD","seed_source_timestamp":1109642748773906,"circlet_count":0,"master_deck":["Strike_R","Strike_R","Strike_R","Strike_R","Strike_R","Defend_R","Defend_R","Defend_R","Defend_R","Bash","Exhume","Seeing Red+1","Doubt","Pummel","Iron Wave","Power Through","Flex","Wild Strike","True Grit"],"relics":["Burning Blood","WarpedTongs","Darkstone Periapt","PreservedInsect"],"potions_floor_usage":[10,10,14,16],"damage_taken":[{"damage":4,"enemies":"Small Slimes","floor":1,"turns":4},{"damage":6,"enemies":"2 Louse","floor":3,"turns":3},{"damage":12,"enemies":"Jaw Worm","floor":4,"turns":3},{"damage":32,"enemies":"Red Slaver","floor":5,"turns":5},{"damage":28,"enemies":"Gremlin Nob","floor":10,"turns":6},{"damage":0,"enemies":"Exordium Wildlife","floor":11,"turns":3},{"damage":12,"enemies":"Gremlin Gang","floor":14,"turns":5},{"damage":72,"enemies":"Hexaghost","floor":16,"turns":14}],"seed_played":"3633793139638239107","potions_obtained":[{"floor":1,"key":"EssenceOfSteel"},{"floor":4,"key":"Dexterity Potion"},{"floor":5,"key":"PowerPotion"},{"floor":11,"key":"Ancient Potion"},{"floor":13,"key":"Energy Potion"}],"is_trial":false,"path_per_floor":["M","?","M","M","M","R","?","?","T","E","M","R","?","M","R"],"character_chosen":"IRONCLAD","items_purchased":[],"campfire_rested":2,"item_purchase_floors":[],"current_hp_per_floor":[74,74,74,68,42,66,66,66,66,44,50,50,50,44,68,0],"gold":352,"neow_bonus":"THREE_RARE_CARDS","is_prod":false,"is_daily":false,"chose_seed":false,"campfire_upgraded":1,"win_rate":0,"timestamp":1540324532,"path_taken":["M","?","M","?","M","R","?","?","T","E","M","R","?","M","R","BOSS"],"build_version":"2018-10-18","purchased_purges":0,"victory":false,"max_hp_per_floor":[80,80,80,80,80,80,80,80,80,80,80,80,80,80,80,80],"card_choices":[{"not_picked":["Berserk","Brutality"],"picked":"Exhume","floor":0},{"not_picked":["Blood for Blood","Heavy Blade"],"picked":"Seeing Red","floor":1},{"not_picked":["Twin Strike","True Grit"],"picked":"Pummel","floor":3},{"not_picked":["Clash","Evolve"],"picked":"Iron Wave","floor":4},{"not_picked":["Headbutt","Battle Trance"],"picked":"Power Through","floor":5},{"not_picked":["Twin Strike","Thunderclap"],"picked":"Flex","floor":10},{"not_picked":["Warcry","Hemokinesis"],"picked":"Wild Strike","floor":11},{"not_picked":["Iron Wave","Havoc"],"picked":"True Grit","floor":14}],"player_experience":772749,"relics_obtained":[{"floor":9,"key":"Darkstone Periapt"},{"floor":10,"key":"PreservedInsect"}],"event_choices":[{"damage_healed":0,"gold_gain":175,"player_choice":"AGREE","damage_taken":0,"max_hp_gain":0,"max_hp_loss":0,"event_name":"Liars Game","floor":2,"gold_loss":0,"cards_obtained":["Doubt"]},{"damage_healed":0,"gold_gain":0,"player_choice":"Rummage","damage_taken":0,"relics_obtained":["WarpedTongs"],"max_hp_gain":0,"max_hp_loss":0,"event_name":"Accursed Blacksmith","floor":7,"gold_loss":0,"cards_obtained":["Pain"]},{"cards_removed":["Pain"],"damage_healed":0,"gold_gain":0,"player_choice":"Forget","damage_taken":0,"max_hp_gain":0,"max_hp_loss":0,"event_name":"Living Wall","floor":8,"gold_loss":0},{"damage_healed":0,"gold_gain":0,"player_choice":"Bought 1 Potion","damage_taken":0,"max_hp_gain":0,"max_hp_loss":0,"event_name":"The Woman in Blue","floor":13,"gold_loss":0}],"is_beta":false,"boss_relics":[],"items_purged_floors":[],"is_endless":false,"potions_floor_spawned":[1,4,5,11],"killed_by":"Hexaghost","ascension_level":6}