{"path_per_floor":["M","M","?","M","M","E","M","M","T","?","R","M","R","?","R","B",null,"M","$","M","M","M"],"character_chosen":"THE_SILENT","items_purchased":["Matryoshka","Frozen Egg 2","Acrobatics"],"gold_per_floor":[113,131,131,150,166,198,217,233,256,431,431,447,447,447,447,548,548,568,4,22,36,54],"floor_reached":23,"campfire_rested":2,"playtime":1818,"current_hp_per_floor":[70,67,60,60,50,48,31,20,20,20,41,29,50,50,50,30,67,67,67,59,48,42],"items_purged":[],"gold":54,"score":197,"play_id":"9a256621-1c11-4357-908d-63e8be59b24f","is_prod":false,"is_daily":false,"is_ascension_mode":false,"campfire_upgraded":1,"path_taken":["M","M","?","M","M","E","M","M","T","?","R","M","R","?","R","BOSS","M","$","M","M","M","E"],"build_version":"2018-02-08-PROD1","purchased_purges":0,"victory":false,"master_deck":["Defend_G","Defend_G","Defend_G","Defend_G","Defend_G","Strike_G","Strike_G","Strike_G","Strike_G","Strike_G","Survivor","Neutralize","Calculated Gamble+1","Footwork","Acrobatics","Bouncing Flask","Noxious Fumes","Footwork","Unload","Backflip","After Image","Underhanded Strike","Acrobatics","Backflip","Escape Plan","Flechettes"],"max_hp_per_floor":[70,70,70,70,70,70,70,70,70,70,70,70,70,67,67,67,67,67,67,67,67,67],"relics":["Cursed Key","Paper Crane","Centennial Puzzle","Bag of Marbles","Sozu","Matryoshka","Frozen Egg 2"],"card_choices":[{"not_picked":["Quick Slash","Finisher"],"picked":"Calculated Gamble"},{"not_picked":["PiercingWail","Backflip"],"picked":"Footwork"},{"not_picked":["Endless Agony","Dagger Spray"],"picked":"Acrobatics"},{"not_picked":["Dodge and Roll","Outmaneuver"],"picked":"Bouncing Flask"},{"not_picked":["Acrobatics","Outmaneuver"],"picked":"Noxious Fumes"},{"not_picked":["Flying Knee","Quick Slash"],"picked":"Footwork"},{"not_picked":["Underhanded Strike","Heel Hook"],"picked":"Unload"},{"not_picked":["Quick Slash","Dagger Throw"],"picked":"Backflip"},{"not_picked":["Bullet Time","Phantasmal Killer"],"picked":"After Image"},{"not_picked":["Eviscerate","Backstab"],"picked":"Underhanded Strike"},{"not_picked":["Slice","Poisoned Stab"],"picked":"Backflip"},{"not_picked":["Blade Dance","Bane"],"picked":"Escape Plan"},{"not_picked":["Outmaneuver","Bane"],"picked":"Flechettes"}],"player_experience":120718,"potions_floor_usage":[6,6,16],"damage_taken":[{"damage":0,"enemies":"Small Slimes","floor":1,"turns":6},{"damage":3,"enemies":"Jaw Worm","floor":2,"turns":4},{"damage":0,"enemies":"Cultist","floor":4,"turns":5},{"damage":10,"enemies":"Looter","floor":5,"turns":4},{"damage":2,"enemies":"3 Sentries","floor":6,"turns":7},{"damage":17,"enemies":"Exordium Thugs","floor":7,"turns":4},{"damage":11,"enemies":"3 Louse","floor":8,"turns":4},{"damage":12,"enemies":"Gremlin Gang","floor":12,"turns":6},{"damage":20,"enemies":"Hexaghost","floor":16,"turns":9},{"damage":0,"enemies":"Shell Parasite","floor":18,"turns":6},{"damage":8,"enemies":"3 Byrds","floor":20,"turns":5},{"damage":11,"enemies":"Snake Plant","floor":21,"turns":5},{"damage":6,"enemies":"Centurion and Healer","floor":22,"turns":7},{"damage":47,"enemies":"Slavers","floor":23,"turns":5}],"event_choices":[{"event_name":"Scrap Ooze","player_choice":"success","floor":3,"damage_taken":7},{"event_name":"Liars Game","player_choice":"agreed","floor":10,"damage_taken":0},{"event_name":"Fountain of Cleansing","player_choice":"Removed Curse","floor":14,"damage_taken":0}],"boss_relics":[{"not_picked":["Snecko Eye","Ectoplasm"],"picked":"Sozu"}],"potions_floor_spawned":[1,5,8,16,21],"seed_played":"-4512056618412481535","killed_by":"Slavers","ascension_level":0,"is_trial":false}