{"gold_per_floor":[116,131,131,131,52,93,93,106,131,164,164,164,188,221,221,221],"floor_reached":16,"playtime":542,"items_purged":[],"score":157,"play_id":"0f0e0bf8-58b2-4b60-be90-dd9bfff469b7","local_time":"20190107152826","is_ascension_mode":true,"campfire_choices":[{"data":"Iron Wave","floor":7,"key":"SMITH"},{"data":"Spot Weakness","floor":12,"key":"SMITH"},{"data":"Rampage","floor":15,"key":"SMITH"}],"neow_cost":"NONE","seed_source_timestamp":515059491734779,"circlet_count":0,"master_deck":["Strike_R","Strike_R","Strike_R","Strike_R","Defend_R","Defend_R","Defend_R","Bash","Iron Wave+1","Spot Weakness+1","Shrug It Off","Cleave","Rampage+1"],"relics":["Burning Blood","NeowsBlessing","Golden Idol","Smiling Mask","Happy Flower","Pear","Toxic Egg 2"],"potions_floor_usage":[],"damage_taken":[{"damage":0,"enemies":"2 Louse","floor":1,"turns":1},{"damage":0,"enemies":"Small Slimes","floor":2,"turns":1},{"damage":0,"enemies":"3 Sentries","floor":6,"turns":1},{"damage":2,"enemies":"Jaw Worm","floor":8,"turns":4},{"damage":24,"enemies":"Gremlin Nob","floor":10,"turns":5},{"damage":0,"enemies":"Large Slime","floor":13,"turns":4},{"damage":10,"enemies":"3 Sentries","floor":14,"turns":5},{"damage":58,"enemies":"Slime Boss","floor":16,"turns":9}],"seed_played":"5855753543849136084","potions_obtained":[{"floor":2,"key":"Fire Potion"},{"floor":8,"key":"GamblersBrew"}],"is_trial":false,"path_per_floor":["M","M","?","?","$","E","R","M","T","E","?","R","M","E","R","B"],"character_chosen":"IRONCLAD","items_purchased":["Spot Weakness"],"campfire_rested":0,"item_purchase_floors":[5],"current_hp_per_floor":[80,80,73,53,53,59,59,63,63,55,55,55,61,57,57,0],"gold":221,"neow_bonus":"THREE_ENEMY_KILL","is_prod":false,"is_daily":false,"chose_seed":false,"campfire_upgraded":3,"win_rate":0,"timestamp":1546903706,"path_taken":["M","M","?","?","$","E","R","M","T","E","?","R","?","E","R","BOSS"],"build_version":"2019-01-03v4","purchased_purges":0,"victory":false,"max_hp_per_floor":[80,80,80,80,80,80,80,80,80,90,90,90,90,90,90,90],"card_choices":[{"not_picked":["Thunderclap","Seeing Red","Clash"],"picked":"SKIP","floor":1},{"not_picked":["Corruption","Thunderclap"],"picked":"Iron Wave","floor":2},{"not_picked":["Iron Wave","Searing Blow","Twin Strike"],"picked":"SKIP","floor":6},{"not_picked":["Armaments","Clothesline"],"picked":"Shrug It Off","floor":8},{"not_picked":["Heavy Blade","Infernal Blade","Spot Weakness"],"picked":"SKIP","floor":10},{"not_picked":["Clothesline","Uppercut"],"picked":"Cleave","floor":13},{"not_picked":["Fiend Fire","Reckless Charge"],"picked":"Rampage","floor":14}],"player_experience":161050,"relics_obtained":[{"floor":6,"key":"Smiling Mask"},{"floor":9,"key":"Happy Flower"},{"floor":10,"key":"Pear"},{"floor":14,"key":"Toxic Egg 2"}],"event_choices":[{"cards_removed":["Defend_R"],"damage_healed":0,"gold_gain":0,"player_choice":"Card Removal","damage_taken":7,"max_hp_gain":0,"max_hp_loss":0,"event_name":"Golden Wing","floor":3,"gold_loss":0},{"damage_healed":0,"gold_gain":0,"player_choice":"Take Damage","damage_taken":20,"relics_obtained":["Golden Idol"],"max_hp_gain":0,"max_hp_loss":0,"event_name":"Golden Idol","floor":4,"gold_loss":0},{"cards_removed":["Strike_R"],"damage_healed":0,"gold_gain":0,"player_choice":"Forget","damage_taken":0,"max_hp_gain":0,"max_hp_loss":0,"event_name":"Living Wall","floor":11,"gold_loss":0}],"is_beta":false,"boss_relics":[],"items_purged_floors":[],"is_endless":false,"potions_floor_spawned":[2,8],"killed_by":"Slime Boss","ascension_level":2}