{"gold_per_floor":[16,16,29,44,219,255,255,5,5,29,29],"floor_reached":11,"playtime":552,"items_purged":["Doubt"],"score":88,"play_id":"8f6665d0-0c52-4e53-a232-8e2d99da4356","local_time":"20180905161835","is_ascension_mode":true,"campfire_choices":[{"floor":7,"key":"REST"}],"neow_cost":"NO_GOLD","seed_source_timestamp":0,"circlet_count":0,"master_deck":["Strike_R","Strike_R","Strike_R","Strike_R","Strike_R","Defend_R","Defend_R","Defend_R","Defend_R","Bash","Barricade","Corruption","Injury","Rage","Body Slam","Twin Strike","Wild Strike","Entrench"],"special_seed":0,"relics":["Burning Blood","Golden Idol","Mummified Hand","Happy Flower","Nunchaku"],"potions_floor_usage":[6],"damage_taken":[{"damage":0,"enemies":"Small Slimes","floor":1,"turns":3},{"damage":13,"enemies":"Jaw Worm","floor":3,"turns":4},{"damage":0,"enemies":"Cultist","floor":4,"turns":4},{"damage":75,"enemies":"Lagavulin","floor":6,"turns":11},{"damage":20,"enemies":"2 Fungi Beasts","floor":10,"turns":5},{"damage":30,"enemies":"Gremlin Nob","floor":11,"turns":3}],"seed_played":"-264108843204637809","potions_obtained":[{"floor":1,"key":"GamblersBrew"},{"floor":10,"key":"SpeedPotion"}],"is_trial":false,"path_per_floor":["M","?","M","M","?","E","R","$","T","M"],"character_chosen":"IRONCLAD","items_purchased":["Happy Flower","Wild Strike"],"campfire_rested":1,"item_purchase_floors":[8,8],"current_hp_per_floor":[80,80,73,79,79,10,34,34,34,20,0],"gold":29,"neow_bonus":"THREE_RARE_CARDS","is_prod":false,"is_daily":false,"chose_seed":false,"campfire_upgraded":0,"win_rate":0,"timestamp":1536185915,"path_taken":["M","?","?","M","?","E","R","$","T","?","E"],"build_version":"2018-08-30","purchased_purges":1,"victory":false,"max_hp_per_floor":[80,80,80,80,80,80,80,80,80,80,80],"card_choices":[{"not_picked":["Brutality","Dark Embrace"],"picked":"Barricade","floor":0},{"not_picked":["Bloodletting","Warcry"],"picked":"Corruption","floor":1},{"not_picked":["Sword Boomerang","Iron Wave"],"picked":"Rage","floor":3},{"not_picked":["Anger","Barricade"],"picked":"Body Slam","floor":4},{"not_picked":["Burning Pact","Disarm"],"picked":"Twin Strike","floor":6},{"not_picked":["Body Slam","Warcry"],"picked":"Entrench","floor":10}],"player_experience":469025,"relics_obtained":[{"floor":6,"key":"Mummified Hand"},{"floor":9,"key":"Nunchaku"}],"event_choices":[{"event_name":"Golden Idol","player_choice":"Take Wound","floor":2,"damage_taken":0},{"event_name":"Liars Game","player_choice":"agreed","floor":5,"damage_taken":0}],"is_beta":false,"boss_relics":[],"items_purged_floors":[8],"is_endless":false,"potions_floor_spawned":[1,10],"killed_by":"Gremlin Nob","ascension_level":4}