{"gold_per_floor":[111,121,71,71,83,83,99,113,181,22,36,46,46,66,66,165,165,185,185,205,26,36,53,65,65],"floor_reached":25,"playtime":1076,"items_purged":[],"score":201,"play_id":"0c9ae66f-4294-4486-98c1-f59faf677f0b","local_time":"20190213123418","is_ascension_mode":false,"campfire_choices":[{"data":"Survivor","floor":6,"key":"SMITH"},{"data":"Blind","floor":13,"key":"SMITH"},{"data":"Leg Sweep","floor":15,"key":"SMITH"}],"neow_cost":"NONE","seed_source_timestamp":61482706800655,"circlet_count":0,"master_deck":["Defend_G","Defend_G","Defend_G","Defend_G","Defend_G","Strike_G+1","Strike_G","Strike_G","Strike_G+1","Survivor+1","Neutralize+1","Flying Knee","Riddle With Holes","Deflect","Backstab","Caltrops","Blind+1","Flying Knee","Dagger Spray","Finisher","Deflect","Leg Sweep+1","A Thousand Cuts","Poisoned Stab+1","Bane+1","Footwork","Blur","Riddle With Holes","Cloak And Dagger+1","Adrenaline","Deflect+1"],"relics":["Ring of the Snake"],"potions_floor_usage":[16,20,22,22,25,25],"damage_taken":[{"damage":0,"enemies":"Small Slimes","floor":1,"turns":4},{"damage":0,"enemies":"Jaw Worm","floor":2,"turns":4},{"damage":0,"enemies":"Cultist","floor":5,"turns":3},{"damage":0,"enemies":"2 Fungi Beasts","floor":7,"turns":4},{"damage":3,"enemies":"Gremlin Gang","floor":8,"turns":4},{"damage":7,"enemies":"Large Slime","floor":11,"turns":4},{"damage":1,"enemies":"3 Louse","floor":12,"turns":2},{"damage":0,"enemies":"2 Fungi Beasts","floor":14,"turns":2},{"damage":44,"enemies":"The Guardian","floor":16,"turns":18},{"damage":13,"enemies":"Shell Parasite","floor":18,"turns":6},{"damage":0,"enemies":"Spheric Guardian","floor":20,"turns":4},{"damage":9,"enemies":"Snake Plant","floor":22,"turns":5},{"damage":23,"enemies":"Sentry and Sphere","floor":23,"turns":8},{"damage":24,"enemies":"Centurion and Healer","floor":24,"turns":6},{"damage":18,"enemies":"Shelled Parasite and Fungi","floor":25,"turns":5}],"seed_played":"-1959140885524311304","potions_obtained":[{"floor":8,"key":"SneckoOil"},{"floor":14,"key":"Explosive Potion"},{"floor":16,"key":"Ancient Potion"},{"floor":18,"key":"Block Potion"},{"floor":20,"key":"Regen Potion"},{"floor":24,"key":"EntropicBrew"}],"is_trial":false,"path_per_floor":["M","M","?","?","M","R","M","M","T","$","M","M","R","M","R","B",null,"M","?","M","$","M","M","M","M"],"character_chosen":"THE_SILENT","items_purchased":["Blind","Flying Knee","Dagger Spray","Footwork","Blur","Riddle With Holes"],"campfire_rested":0,"item_purchase_floors":[10,10,10,21,21,21],"current_hp_per_floor":[70,70,70,56,56,56,56,53,53,53,46,45,45,45,45,1,70,57,57,57,57,62,39,15,0],"gold":65,"neow_bonus":"UPGRADE_CARD","is_prod":false,"is_daily":false,"chose_seed":false,"campfire_upgraded":3,"win_rate":0,"timestamp":1550086458,"path_taken":["M","M","?","?","M","R","M","M","T","?","M","?","R","M","R","BOSS","M","?","M","$","M","?","M","M"],"build_version":"2019-01-23","purchased_purges":0,"victory":false,"max_hp_per_floor":[70,70,70,70,70,70,70,70,70,70,70,70,70,70,70,70,70,70,70,70,70,70,70,70,70],"card_choices":[{"not_picked":["PiercingWail","Slice"],"picked":"Flying Knee","floor":1},{"not_picked":["Dagger Throw","Deadly Poison"],"picked":"Riddle With Holes","floor":2},{"not_picked":["Dagger Throw","Riddle With Holes"],"picked":"Deflect","floor":5},{"not_picked":["Prepared","Outmaneuver"],"picked":"Backstab","floor":7},{"not_picked":["Choke","Dodge and Roll"],"picked":"Caltrops","floor":8},{"not_picked":["Dagger Throw","Backflip"],"picked":"Finisher","floor":11},{"not_picked":["Poisoned Stab","Prepared"],"picked":"Deflect","floor":12},{"not_picked":["Quick Slash","Deflect"],"picked":"Leg Sweep","floor":14},{"not_picked":["Corpse Explosion","Venomology"],"picked":"A Thousand Cuts","floor":16},{"not_picked":["Predator","Deadly Poison+1"],"picked":"Poisoned Stab+1","floor":18},{"not_picked":["Quick Slash","Deadly Poison+1"],"picked":"Bane+1","floor":20},{"not_picked":["Acrobatics","Poisoned Stab"],"picked":"Cloak And Dagger+1","floor":22},{"not_picked":["Underhanded Strike+1","Predator"],"picked":"Adrenaline","floor":23},{"not_picked":["Outmaneuver","Flying Knee"],"picked":"Deflect+1","floor":24}],"player_experience":1455388,"relics_obtained":[],"event_choices":[{"cards_removed":["Strike_G"],"damage_healed":0,"gold_gain":0,"player_choice":"Card Removal","damage_taken":0,"max_hp_gain":0,"max_hp_loss":0,"event_name":"The Cleric","floor":3,"gold_loss":50},{"damage_healed":0,"gold_gain":0,"player_choice":"Entered Light","damage_taken":14,"max_hp_gain":0,"max_hp_loss":0,"event_name":"Shining Light","floor":4,"gold_loss":0,"cards_upgraded":["Strike_G","Strike_G"]},{"damage_healed":0,"gold_gain":0,"player_choice":"Ignored","damage_taken":0,"max_hp_gain":0,"max_hp_loss":0,"event_name":"WeMeetAgain","floor":19,"gold_loss":0}],"is_beta":false,"boss_relics":[{"not_picked":["Runic Dome","Pandora\u0027s Box","HoveringKite"]}],"items_purged_floors":[],"is_endless":false,"potions_floor_spawned":[8,14,16,18,20,24],"killed_by":"Shelled Parasite and Fungi","ascension_level":0}