{"gold_per_floor":[118,135,135,135,152,152,178,178,204,279,84,97,97,164,164,265,265,282,24,24,36,36,36],"floor_reached":23,"playtime":878,"items_purged":[],"score":243,"play_id":"2c361a4a-235a-4ae2-8900-4fc8657f967f","local_time":"20181026214514","is_ascension_mode":true,"campfire_choices":[{"data":"Armaments","floor":6,"key":"SMITH"},{"data":"Body Slam","floor":8,"key":"SMITH"},{"floor":15,"key":"REST"}],"neow_cost":"NONE","seed_source_timestamp":1396729086827832,"circlet_count":0,"master_deck":["Strike_R","Strike_R","Strike_R+1","Strike_R","Strike_R+1","Defend_R","Defend_R","Defend_R","Defend_R","Bash","Perfected Strike","Body Slam+1","Armaments+1","Body Slam+1","Armaments","Power Through","Uppercut","Limit Break","Sword Boomerang+1","Sword Boomerang","Inflame"],"relics":["Burning Blood","Regal Pillow","Omamori","The Courier","Centennial Puzzle","Vajra","White Beast Statue","Bag of Marbles","Oddly Smooth Stone","Sundial"],"potions_floor_usage":[7,7,16,23],"damage_taken":[{"damage":1,"enemies":"Cultist","floor":1,"turns":3},{"damage":3,"enemies":"2 Louse","floor":2,"turns":3},{"damage":7,"enemies":"Jaw Worm","floor":5,"turns":3},{"damage":15,"enemies":"Lagavulin","floor":7,"turns":5},{"damage":0,"enemies":"Blue Slaver","floor":12,"turns":2},{"damage":15,"enemies":"The Guardian","floor":16,"turns":14},{"damage":30,"enemies":"3 Byrds","floor":18,"turns":8},{"damage":13,"enemies":"Spheric Guardian","floor":21,"turns":4},{"damage":87,"enemies":"Gremlin Leader","floor":23,"turns":5}],"seed_played":"9150023407118559270","potions_obtained":[{"floor":1,"key":"Regen Potion"},{"floor":5,"key":"FearPotion"},{"floor":12,"key":"Strength Potion"},{"floor":18,"key":"FairyPotion"},{"floor":21,"key":"LiquidBronze"}],"is_trial":false,"path_per_floor":["M","M","?","?","M","R","E","R","T","?","$","M","?","?","R","B",null,"M","$","?","M","?"],"character_chosen":"IRONCLAD","items_purchased":["Vajra","Armaments","Power Through","Bag of Marbles","Oddly Smooth Stone","Sword Boomerang"],"campfire_rested":1,"item_purchase_floors":[11,11,11,19,19,19],"current_hp_per_floor":[77,80,62,62,61,61,66,66,66,55,55,61,45,45,80,71,78,54,54,54,47,73,0],"gold":36,"neow_bonus":"RANDOM_COMMON_RELIC","is_prod":false,"is_daily":false,"chose_seed":false,"campfire_upgraded":2,"win_rate":0,"timestamp":1540611914,"path_taken":["M","M","?","?","M","R","E","R","T","?","?","?","?","?","R","BOSS","M","$","?","M","?","E"],"build_version":"2018-10-25v2","purchased_purges":0,"victory":false,"max_hp_per_floor":[80,80,80,80,80,80,80,80,80,80,80,80,80,80,80,80,80,80,80,80,80,80,80],"card_choices":[{"not_picked":["Pummel","Seeing Red"],"picked":"Perfected Strike","floor":1},{"not_picked":["Perfected Strike","Evolve"],"picked":"Body Slam","floor":2},{"not_picked":["Infernal Blade","Headbutt"],"picked":"Armaments","floor":5},{"not_picked":["Heavy Blade","Thunderclap"],"picked":"Body Slam","floor":7},{"not_picked":["Burning Pact","Sword Boomerang"],"picked":"Uppercut","floor":12},{"not_picked":["Reaper","Brutality"],"picked":"Limit Break","floor":16},{"not_picked":["Clash","Infernal Blade+1"],"picked":"Sword Boomerang+1","floor":18},{"not_picked":["Bloodletting+1","Headbutt+1"],"picked":"Inflame","floor":21}],"player_experience":884842,"relics_obtained":[{"floor":7,"key":"The Courier"},{"floor":9,"key":"Centennial Puzzle"}],"event_choices":[{"damage_healed":0,"gold_gain":0,"player_choice":"Success","damage_taken":18,"relics_obtained":["Omamori"],"max_hp_gain":0,"max_hp_loss":0,"event_name":"Scrap Ooze","floor":3,"gold_loss":0},{"damage_healed":0,"gold_gain":0,"player_choice":"Grow","damage_taken":0,"max_hp_gain":0,"max_hp_loss":0,"event_name":"Living Wall","floor":4,"gold_loss":0,"cards_upgraded":["Body Slam"]},{"damage_healed":0,"gold_gain":75,"player_choice":"Gather Gold","damage_taken":11,"max_hp_gain":0,"max_hp_loss":0,"event_name":"World of Goop","floor":10,"gold_loss":0},{"damage_healed":0,"gold_gain":0,"player_choice":"Entered Light","damage_taken":16,"max_hp_gain":0,"max_hp_loss":0,"event_name":"Shining Light","floor":13,"gold_loss":0,"cards_upgraded":["Strike_R","Strike_R"]},{"damage_healed":0,"gold_gain":67,"player_choice":"Gained Gold","damage_taken":0,"max_hp_gain":0,"max_hp_loss":0,"event_name":"Golden Wing","floor":14,"gold_loss":0},{"damage_healed":0,"gold_gain":0,"player_choice":"Stole Relic","damage_taken":0,"relics_obtained":["Sundial"],"max_hp_gain":0,"max_hp_loss":0,"event_name":"Addict","floor":20,"gold_loss":0,"cards_obtained":["Shame"]},{"damage_healed":26,"gold_gain":0,"player_choice":"Heal","damage_taken":0,"max_hp_gain":0,"max_hp_loss":0,"event_name":"The Library","floor":22,"gold_loss":0}],"is_beta":false,"boss_relics":[{"not_picked":["Astrolabe","Pandora\u0027s Box"],"picked":"White Beast Statue"}],"items_purged_floors":[],"is_endless":false,"potions_floor_spawned":[1,5,12,18,21],"killed_by":"Gremlin Leader","ascension_level":6}