{"gold_per_floor":[12,12,24,24,43,43,69,69,69,103,115,137,74,94,94,197,197,212,228,150,180,279,279,279,314,614,614,630,649,398,398],"floor_reached":31,"playtime":1106,"items_purged":["Strike_R","Strike_R"],"score":288,"play_id":"5713136f-cf48-4219-a7df-f37d7014bb35","local_time":"20190401222729","is_ascension_mode":false,"campfire_choices":[{"data":"Carnage","floor":6.0,"key":"SMITH"},{"data":"1","floor":8.0,"key":"LIFT"},{"data":"2","floor":15.0,"key":"LIFT"},{"data":"3","floor":23.0,"key":"LIFT"}],"neow_cost":"NO_GOLD","seed_source_timestamp":239836146365500,"circlet_count":0,"master_deck":["Strike_R","Strike_R","Defend_R","Defend_R","Defend_R","Defend_R","Bash","Brutality","Feel No Pain","Carnage+1","Uppercut","Sever Soul+1","Rupture","Shrug It Off","Limit Break","Second Wind+1","Shrug It Off","Feed+1","Pommel Strike+1","Evolve","Ghostly Armor"],"special_seed":0,"relics":["Burning Blood","Girya","Molten Egg 2","MawBank","Coffee Dripper","Red Mask","Oddly Smooth Stone","Question Card","Old Coin","Happy Flower"],"potions_floor_usage":[29],"damage_taken":[{"damage":11.0,"enemies":"2 Louse","floor":1.0,"turns":3.0},{"damage":8.0,"enemies":"Cultist","floor":3.0,"turns":6.0},{"damage":6.0,"enemies":"Jaw Worm","floor":5.0,"turns":2.0},{"damage":24.0,"enemies":"Lagavulin","floor":7.0,"turns":5.0},{"damage":8.0,"enemies":"Gremlin Nob","floor":10.0,"turns":3.0},{"damage":4.0,"enemies":"Blue Slaver","floor":12.0,"turns":3.0},{"damage":13.0,"enemies":"Large Slime","floor":14.0,"turns":5.0},{"damage":46.0,"enemies":"The Guardian","floor":16.0,"turns":11.0},{"damage":33.0,"enemies":"3 Byrds","floor":18.0,"turns":5.0},{"damage":7.0,"enemies":"Spheric Guardian","floor":19.0,"turns":4.0},{"damage":16.0,"enemies":"Masked Bandits","floor":21.0,"turns":6.0},{"damage":21.0,"enemies":"Gremlin Leader","floor":25.0,"turns":9.0},{"damage":13.0,"enemies":"Centurion and Healer","floor":28.0,"turns":8.0},{"damage":15,"enemies":"Sentry and Sphere","floor":29,"turns":5},{"damage":0,"enemies":"Snecko","floor":31,"turns":3}],"seed_played":"2032847365725130984","potions_obtained":[{"floor":2.0,"key":"Strength Potion"},{"floor":2.0,"key":"SkillPotion"},{"floor":2.0,"key":"Explosive Potion"},{"floor":12.0,"key":"Block Potion"},{"floor":19.0,"key":"Energy Potion"},{"floor":28.0,"key":"Explosive Potion"}],"is_trial":false,"path_per_floor":["M","?","M","$","M","R","E","R","T","E","?","M","$","M","R","B",null,"M","M","$","?","?","R","T","E","T","?","M","M","$","M"],"character_chosen":"IRONCLAD","items_purchased":["Feed+1","Happy Flower"],"campfire_rested":0,"item_purchase_floors":[20,30],"current_hp_per_floor":[75,75,73,73,73,73,55,55,55,53,53,55,55,48,48,8,80,53,52,52,46,46,46,46,31,31,15,12,7,7,7],"gold":398,"neow_bonus":"THREE_RARE_CARDS","is_prod":false,"is_daily":false,"chose_seed":false,"campfire_upgraded":1,"win_rate":0,"timestamp":1554182849,"path_taken":["M","?","M","?","M","R","E","R","T","E","?","?","$","M","R","BOSS","M","?","$","?","?","R","?","E","T","?","M","M","$","M"],"build_version":"2019-01-23","purchased_purges":2,"victory":false,"max_hp_per_floor":[80,80,80,80,80,80,80,80,80,80,80,80,80,80,80,80,80,80,80,80,84,84,84,84,84,84,89,93,97,97,97],"card_choices":[{"not_picked":["Juggernaut","Dark Embrace"],"picked":"Brutality","floor":0.0},{"not_picked":["Clash","Fire Breathing"],"picked":"Feel No Pain","floor":1.0},{"not_picked":["Clash","Headbutt"],"picked":"Carnage","floor":3.0},{"not_picked":["Sever Soul","Twin Strike","Clash"],"picked":"SKIP","floor":5.0},{"not_picked":["Sword Boomerang","True Grit"],"picked":"Uppercut","floor":7.0},{"not_picked":["Metallicize","Armaments"],"picked":"Sever Soul+1","floor":10.0},{"not_picked":["Perfected Strike+1","Shrug It Off"],"picked":"Rupture","floor":12.0},{"not_picked":["Havoc","Juggernaut"],"picked":"Shrug It Off","floor":14.0},{"not_picked":["Brutality","Exhume"],"picked":"Limit Break","floor":16.0},{"not_picked":["Wild Strike+1","Ghostly Armor"],"picked":"Second Wind+1","floor":18.0},{"not_picked":["Clash+1","Entrench"],"picked":"Shrug It Off","floor":19.0},{"not_picked":["Thunderclap+1","Second Wind"],"picked":"Pommel Strike+1","floor":21.0},{"not_picked":["Inflame","Perfected Strike+1"],"picked":"Evolve","floor":25.0},{"not_picked":["Armaments","Corruption","Reckless Charge+1","Iron Wave+1"],"picked":"SKIP","floor":28.0},{"not_picked":["Headbutt+1","Twin Strike+1","Clothesline+1"],"picked":"Ghostly Armor","floor":29}],"player_experience":471794,"relics_obtained":[{"floor":7.0,"key":"Girya"},{"floor":9.0,"key":"Molten Egg 2"},{"floor":10.0,"key":"MawBank"},{"floor":21.0,"key":"Red Mask"},{"floor":24.0,"key":"Oddly Smooth Stone"},{"floor":25.0,"key":"Question Card"},{"floor":26.0,"key":"Old Coin"}],"event_choices":[{"damage_healed":0.0,"max_hp_gain":0.0,"max_hp_loss":0.0,"gold_gain":0.0,"event_name":"Lab","player_choice":"Got Potions","floor":2.0,"gold_loss":0.0,"damage_taken":0.0},{"cards_removed":["Strike_R"],"damage_healed":0.0,"max_hp_gain":0.0,"max_hp_loss":0.0,"gold_gain":0.0,"event_name":"Purifier","player_choice":"Purged","floor":11.0,"gold_loss":0.0,"damage_taken":0.0},{"damage_healed":0.0,"max_hp_gain":0.0,"max_hp_loss":0.0,"gold_gain":0.0,"event_name":"Masked Bandits","player_choice":"Fought Bandits","floor":21.0,"gold_loss":0.0,"damage_taken":0.0},{"damage_healed":0.0,"max_hp_gain":0.0,"max_hp_loss":0.0,"gold_gain":99.0,"event_name":"Nest","player_choice":"Stole From Cult","floor":22.0,"gold_loss":0.0,"damage_taken":0.0},{"damage_healed":0.0,"max_hp_gain":5.0,"max_hp_loss":0.0,"gold_gain":0.0,"event_name":"Forgotten Altar","player_choice":"Shed Blood","floor":27.0,"gold_loss":0.0,"damage_taken":21.0}],"is_beta":false,"boss_relics":[{"not_picked":["Runic Dome","White Beast Statue"],"picked":"Coffee Dripper"}],"items_purged_floors":[13,30],"is_endless":false,"potions_floor_spawned":[3,5,10,12,19,28],"killed_by":"Snecko","ascension_level":0}