{"gold_per_floor":[218,171,181,181,99,129,142,142,166,195,215,244,244,34,34,137,137,153,253,266,266,266,266,266,266,289,289],"floor_reached":27,"playtime":1561,"items_purged":[],"score":416,"play_id":"e6a58606-cd41-4f40-8d12-b0cdfb573f6b","local_time":"20190331134401","is_ascension_mode":true,"campfire_choices":[{"data":"Loop","floor":13,"key":"SMITH"},{"data":"Loop","floor":15,"key":"SMITH"},{"floor":23,"key":"DIG"},{"floor":25,"key":"REST"}],"neow_cost":"NONE","seed_source_timestamp":1346591895243053,"circlet_count":0,"master_deck":["AscendersBane","Strike_B","Defend_B","Defend_B","Defend_B","Defend_B+1","Zap","Dualcast","Glacier","Ball Lightning","Steam+1","Loop+1","Cold Snap","Glacier","Defragment","Loop+1","Biased Cognition","Tempest+1","Recycle+1","Echo Form+1","Capacitor","RitualDagger"],"relics":["Cracked Core","Ornamental Fan","Vajra","War Paint","Centennial Puzzle","Art of War","Pen Nib","PreservedInsect","Astrolabe","Shovel","Pear","Du-Vu Doll","MutagenicStrength","Regal Pillow"],"potions_floor_usage":[19,27,27],"damage_taken":[{"damage":3,"enemies":"Jaw Worm","floor":1,"turns":4},{"damage":0,"enemies":"Cultist","floor":3,"turns":4},{"damage":18,"enemies":"3 Sentries","floor":6,"turns":10},{"damage":0,"enemies":"2 Louse","floor":7,"turns":4},{"damage":6,"enemies":"Lagavulin","floor":10,"turns":9},{"damage":7,"enemies":"Exordium Thugs","floor":11,"turns":5},{"damage":0,"enemies":"3 Sentries","floor":12,"turns":9},{"damage":24,"enemies":"The Guardian","floor":16,"turns":13},{"damage":0,"enemies":"Spheric Guardian","floor":18,"turns":6},{"damage":8,"enemies":"Colosseum Slavers","floor":19,"turns":6},{"damage":18,"enemies":"Colosseum Nobs","floor":19,"turns":3},{"damage":3,"enemies":"Shell Parasite","floor":20,"turns":6},{"damage":50,"enemies":"Gremlin Leader","floor":27,"turns":6}],"seed_played":"-3996867230395132539","potions_obtained":[{"floor":1,"key":"SneckoOil"},{"floor":7,"key":"Energy Potion"},{"floor":16,"key":"SpeedPotion"},{"floor":19,"key":"SpeedPotion"}],"is_trial":false,"path_per_floor":["?","$","T","$","?","?","?","?"],"character_chosen":"DEFECT","items_purchased":["Ball Lightning","Loop","Loop","PreservedInsect"],"campfire_rested":1,"item_purchase_floors":[2,5,14,14],"current_hp_per_floor":[65,65,65,65,65,47,47,47,47,41,34,34,34,34,34,10,59,59,43,40,34,18,18,18,45,45,0],"gold":289,"neow_bonus":"HUNDRED_GOLD","is_prod":false,"is_daily":false,"chose_seed":false,"campfire_upgraded":2,"win_rate":0,"timestamp":1554054241,"path_taken":["M","$","M","?","?","E","M","?","T","E","M","E","R","?","R","BOSS","M","?","M","?","?","R","?","R","T","E"],"build_version":"2019-01-23","purchased_purges":0,"victory":false,"max_hp_per_floor":[75,75,75,75,75,75,75,75,75,75,75,75,75,75,75,75,75,75,85,85,85,90,90,90,90,90,90],"card_choices":[{"not_picked":["Darkness","Cold Snap"],"picked":"Glacier","floor":1},{"not_picked":["Leap","Hologram"],"picked":"Steam","floor":3},{"not_picked":["Barrage","Heatsinks","Hologram"],"picked":"SKIP","floor":6},{"not_picked":["Lockon","Beam Cell"],"picked":"Cold Snap","floor":7},{"not_picked":["Reprogram","Heatsinks","Sweeping Beam"],"picked":"SKIP","floor":10},{"not_picked":["Reinforced Body","Aggregate"],"picked":"Glacier","floor":11},{"not_picked":["Genetic Algorithm","Go for the Eyes"],"picked":"Defragment","floor":12},{"not_picked":["Thunder Strike","Seek"],"picked":"Biased Cognition","floor":16},{"not_picked":["Coolheaded","Tempest","Skim"],"picked":"SKIP","floor":18},{"not_picked":["Undo+1","Rebound"],"picked":"Capacitor","floor":19},{"not_picked":["Lockon+1","Streamline+1","All For One"],"picked":"SKIP","floor":20}],"player_experience":1326972,"relics_obtained":[{"floor":6,"key":"Vajra"},{"floor":8,"key":"War Paint"},{"floor":9,"key":"Centennial Puzzle"},{"floor":10,"key":"Art of War"},{"floor":12,"key":"Pen Nib"},{"floor":19,"key":"Shovel"},{"floor":19,"key":"Pear"},{"floor":23,"key":"Du-Vu Doll"},{"floor":26,"key":"Regal Pillow"}],"event_choices":[{"damage_healed":0,"gold_gain":0,"player_choice":"Gave Potion","damage_taken":0,"relics_obtained":["Ornamental Fan"],"max_hp_gain":0,"max_hp_loss":0,"event_name":"WeMeetAgain","floor":4,"gold_loss":0},{"damage_healed":0,"gold_gain":0,"player_choice":"Fight","damage_taken":0,"max_hp_gain":0,"max_hp_loss":0,"event_name":"Colosseum","floor":19,"gold_loss":0},{"damage_healed":0,"gold_gain":0,"player_choice":"Fought Nobs","damage_taken":0,"max_hp_gain":0,"max_hp_loss":0,"event_name":"Colosseum","floor":19,"gold_loss":0},{"damage_healed":0,"gold_gain":0,"player_choice":"Joined the Cult","damage_taken":6,"max_hp_gain":0,"max_hp_loss":0,"event_name":"Nest","floor":21,"gold_loss":0,"cards_obtained":["RitualDagger"]},{"damage_healed":0,"gold_gain":0,"player_choice":"Shed Blood","damage_taken":21,"max_hp_gain":5,"max_hp_loss":0,"event_name":"Forgotten Altar","floor":22,"gold_loss":0},{"damage_healed":0,"gold_gain":0,"player_choice":"Inject Mutagens","damage_taken":0,"relics_obtained":["MutagenicStrength"],"max_hp_gain":0,"max_hp_loss":0,"event_name":"Drug Dealer","floor":24,"gold_loss":0}],"is_beta":false,"boss_relics":[{"not_picked":["Ectoplasm","White Beast Statue"],"picked":"Astrolabe"}],"items_purged_floors":[],"is_endless":false,"potions_floor_spawned":[1,7,16,19],"killed_by":"Gremlin Leader","ascension_level":11}