{"gold_per_floor":[114,26,41,56,71,71,71,71,71,401,401,401,416,416,416,516,516,531,202,217,217,217,217,67,67,92,92,92,107,122,137,137,237,237,252,267,13,28,0,0,0,0,0,0,0,30,45,45,45,45],"floor_reached":50,"playtime":3573,"items_purged":[],"score":718,"play_id":"c6d880e4-31e7-45c1-b777-706ac5a163cd","local_time":"20180727182306","daily_mods":["Specialized","Night Terrors","Hoarder"],"is_ascension_mode":false,"campfire_choices":[{"data":"Perfected Strike","floor":6,"key":"SMITH"},{"data":"Bandage Up","floor":8,"key":"SMITH"},{"data":"Bandage Up","floor":11,"key":"SMITH"},{"data":"Perfected Strike","floor":15,"key":"SMITH"},{"data":"Perfected Strike","floor":23,"key":"SMITH"},{"data":"Perfected Strike","floor":25,"key":"SMITH"},{"data":"Perfected Strike","floor":27,"key":"SMITH"},{"data":"Feed","floor":32,"key":"SMITH"},{"data":"Bandage Up","floor":40,"key":"SMITH"},{"data":"Bandage Up","floor":49,"key":"SMITH"}],"neow_cost":"","seed_source_timestamp":82009051156114,"circlet_count":0,"master_deck":["Strike_R","Strike_R","Strike_R","Strike_R","Strike_R","Defend_R","Defend_R","Defend_R","Defend_R","Bash","Exhume","Exhume","Exhume","Exhume","Exhume","Exhume","Exhume","Exhume","Exhume","Exhume","Exhume","Exhume","Exhume","Exhume","Exhume","Perfected Strike+1","Perfected Strike+1","Perfected Strike+1","Bandage Up+1","Bandage Up+1","Bandage Up+1","Perfected Strike+1","Perfected Strike+1","Perfected Strike+1","True Grit","True Grit","True Grit","Anger","Anger","Anger","Perfected Strike+1","Perfected Strike","Perfected Strike","Thunderclap","Thunderclap","Thunderclap","Feed+1","Feed","Feed","Pommel Strike","Pommel Strike","Pommel Strike","Apotheosis","Apotheosis","Apotheosis","Shrug It Off","Shrug It Off","Shrug It Off","Rampage","Rampage","Rampage","Intimidate+1","Intimidate+1","Intimidate+1","Ghostly Armor+1","Ghostly Armor+1","Ghostly Armor+1","Rampage","Rampage","Rampage","Flame Barrier+1","Flame Barrier+1","Flame Barrier+1","Reaper","Reaper","Reaper","Headbutt+1","Headbutt+1","Headbutt+1","Evolve","Evolve","Bandage Up+1","Bandage Up+1","Bandage Up","Perfected Strike","Perfected Strike","Perfected Strike","Pummel+1","Pummel+1","Pummel+1","Secret Weapon","Secret Weapon","Secret Weapon","Carnage+1","Carnage+1","Carnage+1","Perfected Strike","Perfected Strike","Perfected Strike"],"special_seed":17739,"relics":["Black Blood","Shuriken","Old Coin","Coffee Dripper","Potion Belt","Happy Flower","Dodecahedron","Boot","Red Mask","Ginger","Turnip","Strawberry"],"potions_floor_usage":[42],"damage_taken":[{"damage":17,"enemies":"2 Louse","floor":1,"turns":5},{"damage":18,"enemies":"Jaw Worm","floor":3,"turns":5},{"damage":10,"enemies":"Small Slimes","floor":4,"turns":2},{"damage":20,"enemies":"Looter","floor":5,"turns":4},{"damage":14,"enemies":"Gremlin Nob","floor":10,"turns":3},{"damage":16,"enemies":"Gremlin Gang","floor":13,"turns":6},{"damage":68,"enemies":"The Guardian","floor":16,"turns":9},{"damage":0,"enemies":"Spheric Guardian","floor":18,"turns":2},{"damage":2,"enemies":"2 Thieves","floor":20,"turns":2},{"damage":15,"enemies":"Centurion and Healer","floor":29,"turns":3},{"damage":5,"enemies":"Cultist and Chosen","floor":30,"turns":3},{"damage":0,"enemies":"Snake Plant","floor":31,"turns":2},{"damage":15,"enemies":"Champ","floor":33,"turns":8},{"damage":10,"enemies":"Orb Walker","floor":35,"turns":2},{"damage":15,"enemies":"3 Shapes","floor":36,"turns":3},{"damage":35,"enemies":"Spire Growth","floor":38,"turns":5},{"damage":56,"floor":42,"turns":7},{"damage":0,"enemies":"Nemesis","floor":46,"turns":3},{"damage":59,"enemies":"Flame Bruiser 2 Orb","floor":47,"turns":3},{"damage":127,"enemies":"Awakened One","floor":50,"turns":6}],"seed_played":"-8062012140041976232","potions_obtained":[{"floor":3,"key":"FairyPotion"},{"floor":13,"key":"EssenceOfSteel"},{"floor":29,"key":"BloodPotion"},{"floor":31,"key":"Energy Potion"},{"floor":38,"key":"AttackPotion"},{"floor":46,"key":"Dexterity Potion"}],"is_trial":false,"path_per_floor":["M","$","M","M","M","R","?","R","T","E","R","?","M","?","R","B",null,"M","$","M","?","?","R","$","R","T","R","?","M","M","M","R","B",null,"M","M","$","M","?","R","?","?","T","$","?","E","M","$","R"],"character_chosen":"IRONCLAD","items_purchased":["Bandage Up","Apotheosis","Shrug It Off","Rampage","Potion Belt","Bandage Up","Boot"],"campfire_rested":0,"item_purchase_floors":[2,19,19,19,24,37,37],"current_hp_per_floor":[69,69,76,72,74,74,74,74,74,66,66,66,68,68,68,53,80,80,80,80,64,56,56,56,56,56,56,56,71,75,83,83,74,83,87,87,87,78,78,78,78,91,91,91,91,98,49,49,49,0],"gold":45,"neow_bonus":"","is_prod":false,"is_daily":true,"chose_seed":false,"campfire_upgraded":10,"win_rate":0.0,"timestamp":1532737386,"path_taken":["M","$","M","M","M","R","?","R","T","E","R","?","M","?","R","BOSS","M","$","M","?","?","R","?","R","T","R","?","?","M","?","R","BOSS","M","M","$","M","?","R","?","?","T","$","?","E","?","?","R","BOSS"],"build_version":"2018-07-26","purchased_purges":0,"victory":false,"max_hp_per_floor":[80,80,80,80,80,80,80,80,80,80,80,80,80,80,80,80,80,80,80,80,80,80,80,80,80,80,80,80,80,83,83,83,83,83,87,87,87,87,87,87,87,91,91,91,91,98,98,98,98,98],"card_choices":[{"not_picked":["Headbutt","Twin Strike"],"picked":"Perfected Strike","floor":1},{"not_picked":["Inflame","Anger"],"picked":"Perfected Strike","floor":3},{"not_picked":["Anger","Heavy Blade"],"picked":"True Grit","floor":4},{"not_picked":["Inflame","Fire Breathing"],"picked":"Anger","floor":5},{"not_picked":["Headbutt","Hemokinesis"],"picked":"Perfected Strike","floor":10},{"not_picked":["Headbutt","Havoc"],"picked":"Thunderclap","floor":13},{"not_picked":["Exhume","Brutality"],"picked":"Feed","floor":16},{"not_picked":["Anger","Heavy Blade"],"picked":"Pommel Strike","floor":18},{"not_picked":["Pommel Strike","Sentinel"],"picked":"Intimidate+1","floor":20},{"not_picked":["Body Slam","Hemokinesis"],"picked":"Ghostly Armor+1","floor":29},{"not_picked":["Warcry","Havoc"],"picked":"Rampage","floor":30},{"not_picked":["Iron Wave","Shockwave"],"picked":"Flame Barrier+1","floor":31},{"not_picked":["Demon Form","Berserk"],"picked":"Reaper","floor":33},{"not_picked":["Ghostly Armor","Pommel Strike"],"picked":"Headbutt+1","floor":35},{"not_picked":["Dropkick+1","Clothesline"],"picked":"Evolve","floor":36},{"not_picked":["Cleave+1","Bloodletting"],"picked":"Perfected Strike","floor":38},{"not_picked":["Uppercut","Armaments"],"picked":"Pummel+1","floor":42},{"not_picked":["Blind","Deep Breath"],"picked":"Secret Weapon","floor":45},{"not_picked":["Iron Wave+1","Havoc"],"picked":"Carnage+1","floor":46},{"not_picked":["Reckless Charge+1","Blood for Blood"],"picked":"Perfected Strike","floor":47}],"player_experience":13918,"relics_obtained":[{"floor":9,"key":"Shuriken"},{"floor":10,"key":"Old Coin"},{"floor":26,"key":"Happy Flower"},{"floor":42,"key":"Ginger"},{"floor":43,"key":"Turnip"},{"floor":46,"key":"Strawberry"}],"event_choices":[{"event_name":"Living Wall","player_choice":"Grow","floor":7,"damage_taken":0},{"event_name":"Accursed Blacksmith","player_choice":"Forge","floor":12,"damage_taken":0},{"event_name":"Upgrade Shrine","player_choice":"Upgraded","floor":14,"damage_taken":0},{"event_name":"Cursed Tome","player_choice":"Obtained Book","floor":21,"damage_taken":0},{"event_name":"Wheel of Change","player_choice":"Damage","floor":22,"damage_taken":0},{"event_name":"The Mausoleum","player_choice":"Yes","floor":28,"damage_taken":0},{"event_name":"Tomb of Lord Red Mask","player_choice":"Paid","floor":39,"damage_taken":0},{"event_name":"Falling","player_choice":"Removed Power","floor":41,"damage_taken":0},{"event_name":"MindBloom","player_choice":"Fight","floor":42,"damage_taken":0},{"event_name":"SensoryStone","player_choice":"Memory 1","floor":45,"damage_taken":0}],"is_beta":false,"boss_relics":[{"not_picked":["Cursed Key","Sozu"],"picked":"Coffee Dripper"},{"not_picked":["Runic Dome","Velvet Choker"],"picked":"Black Blood"}],"items_purged_floors":[],"is_endless":false,"potions_floor_spawned":[3,13,29,31,38,46],"killed_by":"Awakened One","ascension_level":0}