{"gold_per_floor":[216,227,227,54,54,54,81,81,81,110,35,35],"floor_reached":12,"playtime":399,"items_purged":["Regret"],"score":139,"play_id":"f0e7dc22-4198-42d0-a5c6-aa6ef4bd98f6","local_time":"20190128204020","is_ascension_mode":true,"campfire_choices":[{"data":"Shrug It Off","floor":6,"key":"SMITH"},{"floor":8,"key":"REST"}],"neow_cost":"NONE","seed_source_timestamp":630138337817678,"circlet_count":0,"master_deck":["AscendersBane","Strike_R","Strike_R","Strike_R","Strike_R","Strike_R","Defend_R","Defend_R","Defend_R","Defend_R","Bash","Iron Wave","Intimidate+1","Feed","Shrug It Off+1","Reaper+1","Twin Strike+1"],"relics":["Burning Blood","Bag of Preparation","Molten Egg 2","Matryoshka","Bottled Flame"],"potions_floor_usage":[10],"damage_taken":[{"damage":14,"enemies":"Small Slimes","floor":1,"turns":5},{"damage":9,"enemies":"Jaw Worm","floor":2,"turns":5},{"damage":59,"enemies":"3 Sentries","floor":7,"turns":14},{"damage":30,"enemies":"Gremlin Nob","floor":10,"turns":5},{"damage":28,"enemies":"Lagavulin","floor":12,"turns":6}],"seed_played":"-1432787548972527794","potions_obtained":[{"floor":1,"key":"LiquidBronze"}],"is_trial":false,"path_per_floor":["M","M","?","$","?","R","E","R","T","E","$","E"],"character_chosen":"IRONCLAD","items_purchased":["Feed","Shrug It Off"],"campfire_rested":1,"item_purchase_floors":[4,4],"current_hp_per_floor":[64,61,61,61,61,61,11,35,35,21,21,0],"gold":35,"neow_bonus":"HUNDRED_GOLD","is_prod":false,"is_daily":false,"chose_seed":false,"campfire_upgraded":1,"win_rate":0,"timestamp":1548733220,"path_taken":["M","M","?","$","?","R","E","R","T","E","$","E"],"build_version":"2019-01-23","purchased_purges":1,"victory":false,"max_hp_per_floor":[80,80,80,80,80,80,83,83,83,86,86,86],"card_choices":[{"not_picked":["Rampage","True Grit"],"picked":"Iron Wave","floor":1},{"not_picked":["Sword Boomerang","Havoc"],"picked":"Intimidate","floor":2},{"not_picked":["Anger","Juggernaut"],"picked":"Reaper","floor":7},{"not_picked":["Inflame","Shockwave"],"picked":"Twin Strike+1","floor":10}],"player_experience":1323270,"relics_obtained":[{"floor":7,"key":"Molten Egg 2"},{"floor":9,"key":"Matryoshka"},{"floor":10,"key":"Bottled Flame"}],"event_choices":[{"damage_healed":0,"gold_gain":0,"player_choice":"Grow","damage_taken":0,"max_hp_gain":0,"max_hp_loss":0,"event_name":"Living Wall","floor":3,"gold_loss":0,"cards_upgraded":["Intimidate"]},{"damage_healed":0,"gold_gain":0,"player_choice":"Box","damage_taken":0,"relics_obtained":["Bag of Preparation"],"max_hp_gain":0,"max_hp_loss":0,"event_name":"Big Fish","floor":5,"gold_loss":0,"cards_obtained":["Regret"]}],"is_beta":false,"boss_relics":[],"items_purged_floors":[11],"is_endless":false,"potions_floor_spawned":[1],"killed_by":"Lagavulin","ascension_level":13}