{"gold_per_floor":[110,285,285,296,296,296,314,84,84,100,100,128,53,69,69,171,171,189,189,20,20,39,39,69,86,155,174,192,69,95,112,112,112],"floor_reached":33,"playtime":1236,"items_purged":["Doubt"],"score":387,"play_id":"6f757fab-9b72-4366-b1d7-df926960daff","local_time":"20181106163821","is_ascension_mode":true,"campfire_choices":[{"data":"Body Slam","floor":6,"key":"SMITH"},{"data":"Armaments","floor":15,"key":"SMITH"},{"data":"Inflame","floor":23,"key":"SMITH"},{"data":"Flame Barrier","floor":32,"key":"SMITH"}],"neow_cost":"NONE","seed_source_timestamp":2331983672442346,"circlet_count":0,"master_deck":["Strike_R","Strike_R","Strike_R","Strike_R","Defend_R","Defend_R+1","Defend_R","Defend_R","Bash+1","True Grit","Body Slam+1","Flame Barrier","Armaments+1","Ghostly Armor","Warcry","Ghostly Armor","Shrug It Off+1","Immolate","Havoc+1","Pommel Strike","Inflame+1","Perfected Strike","Rage+1","Infernal Blade+1","Perfected Strike","Shrug It Off","Flame Barrier+1","Power Through+1","Seeing Red+1"],"relics":["Burning Blood","Art of War","Vajra","Regal Pillow","Centennial Puzzle","Cursed Key","Omamori","Question Card","Meat on the Bone","Red Mask"],"potions_floor_usage":[12,12,16,27,31,33,33],"damage_taken":[{"damage":0,"enemies":"2 Louse","floor":1,"turns":3},{"damage":8,"enemies":"Small Slimes","floor":4,"turns":5},{"damage":10,"enemies":"Jaw Worm","floor":7,"turns":4},{"damage":2,"enemies":"Red Slaver","floor":10,"turns":6},{"damage":8,"enemies":"Gremlin Nob","floor":12,"turns":3},{"damage":0,"enemies":"2 Fungi Beasts","floor":14,"turns":4},{"damage":32,"enemies":"The Guardian","floor":16,"turns":19},{"damage":6,"enemies":"Spheric Guardian","floor":18,"turns":6},{"damage":1,"enemies":"Colosseum Slavers","floor":19,"turns":3},{"damage":11,"enemies":"3 Byrds","floor":22,"turns":4},{"damage":19,"enemies":"Slavers","floor":24,"turns":4},{"damage":15,"enemies":"Centurion and Healer","floor":25,"turns":5},{"damage":0,"enemies":"Snecko","floor":27,"turns":4},{"damage":0,"enemies":"Cultist and Chosen","floor":28,"turns":4},{"damage":0,"enemies":"Masked Bandits","floor":30,"turns":2},{"damage":0,"enemies":"Centurion and Healer","floor":31,"turns":5},{"damage":102,"enemies":"Automaton","floor":33,"turns":12}],"seed_played":"994123019380464877","potions_obtained":[{"floor":4,"key":"Energy Potion"},{"floor":7,"key":"SkillPotion"},{"floor":10,"key":"Poison Potion"},{"floor":16,"key":"SteroidPotion"},{"floor":22,"key":"AttackPotion"},{"floor":25,"key":"Energy Potion"},{"floor":30,"key":"Block Potion"}],"is_trial":false,"path_per_floor":["M","?","?","M","?","R","M","$","T","M","?","E","$","M","R","B",null,"M","?","$","?","M","R","E","M","T","M","M","$","?","M","R","B"],"character_chosen":"IRONCLAD","items_purchased":["Vajra","Ghostly Armor","Omamori","Pommel Strike","Shrug It Off","Flame Barrier"],"campfire_rested":0,"item_purchase_floors":[8,8,20,20,29,29],"current_hp_per_floor":[78,78,78,76,60,60,56,56,56,60,53,51,51,57,57,31,68,68,73,73,73,68,68,55,46,46,52,58,58,64,70,70,0],"gold":112,"neow_bonus":"TRANSFORM_CARD","is_prod":false,"is_daily":false,"chose_seed":false,"campfire_upgraded":4,"win_rate":0,"timestamp":1541547501,"path_taken":["M","?","?","M","?","R","M","?","T","?","?","E","$","M","R","BOSS","M","?","$","?","M","R","E","M","T","M","?","$","?","M","R","BOSS"],"build_version":"2018-11-01","purchased_purges":1,"victory":false,"max_hp_per_floor":[80,80,80,80,80,80,80,80,80,80,80,80,80,80,80,80,80,80,80,80,80,80,80,80,80,80,80,80,80,80,80,80,80],"card_choices":[{"not_picked":["Sentinel","Warcry"],"picked":"Body Slam","floor":1},{"not_picked":["Power Through","Sentinel"],"picked":"Flame Barrier","floor":4},{"not_picked":["Iron Wave","Blood for Blood"],"picked":"Armaments","floor":7},{"not_picked":["Sword Boomerang","Armaments"],"picked":"Warcry","floor":10},{"not_picked":["Dual Wield","Second Wind"],"picked":"Ghostly Armor","floor":12},{"not_picked":["Anger","Perfected Strike"],"picked":"Shrug It Off","floor":14},{"not_picked":["Bludgeon","Offering"],"picked":"Immolate","floor":16},{"not_picked":["Perfected Strike+1","Evolve"],"picked":"Havoc+1","floor":18},{"not_picked":["Evolve","Warcry+1"],"picked":"Inflame","floor":22},{"not_picked":["Metallicize","Whirlwind"],"picked":"Perfected Strike","floor":24},{"not_picked":["Headbutt","Flame Barrier","Seeing Red"],"picked":"Rage+1","floor":25},{"not_picked":["Warcry","Hemokinesis","Sever Soul+1"],"picked":"Infernal Blade+1","floor":27},{"not_picked":["Sword Boomerang","Iron Wave+1","Warcry+1"],"picked":"Perfected Strike","floor":28},{"not_picked":["Searing Blow","Clothesline+1","Cleave"],"picked":"Power Through+1","floor":30},{"not_picked":["Clothesline","Havoc","Anger"],"picked":"Seeing Red+1","floor":31}],"player_experience":103385,"relics_obtained":[{"floor":9,"key":"Regal Pillow"},{"floor":12,"key":"Centennial Puzzle"},{"floor":24,"key":"Question Card"},{"floor":26,"key":"Meat on the Bone"},{"floor":30,"key":"Red Mask"}],"event_choices":[{"damage_healed":0,"gold_gain":175,"player_choice":"AGREE","damage_taken":0,"max_hp_gain":0,"max_hp_loss":0,"event_name":"Liars Game","floor":2,"gold_loss":0,"cards_obtained":["Doubt"]},{"damage_healed":0,"gold_gain":0,"player_choice":"Box","damage_taken":0,"relics_obtained":["Art of War"],"max_hp_gain":0,"max_hp_loss":0,"event_name":"Big Fish","floor":3,"gold_loss":0,"cards_obtained":["Regret"]},{"damage_healed":0,"gold_gain":0,"player_choice":"Entered Light","damage_taken":16,"max_hp_gain":0,"max_hp_loss":0,"event_name":"Shining Light","floor":5,"gold_loss":0,"cards_upgraded":["Bash","Defend_R"]},{"cards_removed":["Regret"],"damage_healed":0,"gold_gain":0,"player_choice":"Card Removal","damage_taken":7,"max_hp_gain":0,"max_hp_loss":0,"event_name":"Golden Wing","floor":11,"gold_loss":0},{"damage_healed":0,"gold_gain":0,"player_choice":"Fight","damage_taken":0,"max_hp_gain":0,"max_hp_loss":0,"event_name":"Colosseum","floor":19,"gold_loss":0},{"damage_healed":0,"gold_gain":0,"player_choice":"Fled From Nobs","damage_taken":0,"max_hp_gain":0,"max_hp_loss":0,"event_name":"Colosseum","floor":19,"gold_loss":0},{"damage_healed":0,"gold_gain":0,"player_choice":"Upgraded","damage_taken":0,"max_hp_gain":0,"max_hp_loss":0,"event_name":"Upgrade Shrine","floor":21,"gold_loss":0,"cards_upgraded":["Shrug It Off"]},{"damage_healed":0,"gold_gain":0,"player_choice":"Fought Bandits","damage_taken":0,"max_hp_gain":0,"max_hp_loss":0,"event_name":"Masked Bandits","floor":30,"gold_loss":0}],"is_beta":false,"boss_relics":[{"not_picked":["Black Star","Tiny House"],"picked":"Cursed Key"}],"items_purged_floors":[13],"is_endless":false,"potions_floor_spawned":[4,7,10,16,19,22,25,30],"killed_by":"Automaton","ascension_level":9}