{"gold_per_floor":[113,113,126,126,138,165,165,175,201,201,201,201,219,144,144,245,245,258,276,294,219,219,219,229,260,286,286,286,298,311,311],"floor_reached":31,"playtime":1104,"items_purged":["Strike_R"],"score":257,"play_id":"b206ab82-2aa7-4965-bdb7-92c8b9876e00","local_time":"20190123232610","is_ascension_mode":false,"campfire_choices":[{"data":"Bash","floor":7,"key":"SMITH"},{"data":"Dropkick","floor":10,"key":"SMITH"},{"data":"Blood for Blood","floor":12,"key":"SMITH"},{"data":"Clothesline","floor":15,"key":"SMITH"},{"floor":23,"key":"REST"},{"floor":28,"key":"REST"}],"neow_cost":"NONE","seed_source_timestamp":956689737169662,"circlet_count":0,"master_deck":["Strike_R","Defend_R","Defend_R","Bash+1","Shrug It Off","Dropkick+1","Thunderclap","Clothesline+1","Blood for Blood+1","Limit Break","Uppercut","Inflame+1","Disarm","Ghostly Armor","Pummel","Decay"],"special_seed":0,"relics":["Runic Dome"],"potions_floor_usage":[20,25,25,29,29,30],"damage_taken":[{"damage":0.0,"enemies":"Cultist","floor":1.0,"turns":3.0},{"damage":2.0,"enemies":"Small Slimes","floor":3.0,"turns":3.0},{"damage":3.0,"enemies":"Jaw Worm","floor":5.0,"turns":2.0},{"damage":6.0,"enemies":"Gremlin Nob","floor":6.0,"turns":3.0},{"damage":7,"enemies":"Looter","floor":8,"turns":2},{"damage":4,"enemies":"Red Slaver","floor":13,"turns":2},{"damage":11,"enemies":"Hexaghost","floor":16,"turns":6},{"damage":19,"enemies":"2 Thieves","floor":18,"turns":3},{"damage":11,"enemies":"Shell Parasite","floor":19,"turns":5},{"damage":33,"enemies":"Shelled Parasite and Fungi","floor":20,"turns":4},{"damage":14,"enemies":"3 Cultists","floor":24,"turns":4},{"damage":39,"enemies":"Gremlin Leader","floor":25,"turns":3},{"damage":0,"enemies":"Snecko","floor":29,"turns":3},{"damage":14,"enemies":"Centurion and Healer","floor":30,"turns":4},{"damage":25,"enemies":"Book of Stabbing","floor":31,"turns":5}],"seed_played":"-5489283722978679035","potions_obtained":[{"floor":1.0,"key":"Fire Potion"},{"floor":5.0,"key":"SpeedPotion"},{"floor":6,"key":"AttackPotion"},{"floor":8,"key":"BloodPotion"},{"floor":18,"key":"BloodPotion"},{"floor":24,"key":"EntropicBrew"},{"floor":29,"key":"Regen Potion"}],"is_trial":false,"path_per_floor":["M","?","M","?","M","E","R","M","T","R","?","R","M","$","R","B",null,"M","M","M","?","?","R","M","E","T","?","R","M","M","E"],"character_chosen":"IRONCLAD","items_purchased":[],"campfire_rested":2,"item_purchase_floors":[],"current_hp_per_floor":[80,80,78,78,75,69,69,62,62,62,62,62,58,58,58,47,80,61,50,25,25,25,49,35,4,4,4,28,28,23,0],"gold":311,"neow_bonus":"BOSS_RELIC","is_prod":false,"is_daily":false,"chose_seed":false,"campfire_upgraded":4,"win_rate":0,"timestamp":1548314770,"path_taken":["M","?","M","?","?","E","R","M","T","R","?","R","?","?","R","BOSS","M","M","M","?","?","R","?","E","T","?","R","M","M","E"],"build_version":"2019-01-23","purchased_purges":1,"victory":false,"max_hp_per_floor":[80,80,80,80,80,80,80,80,80,80,80,80,80,80,80,80,80,80,80,80,80,80,80,80,80,80,80,80,80,80,80],"card_choices":[{"not_picked":["Seeing Red","Spot Weakness"],"picked":"Shrug It Off","floor":1.0},{"not_picked":["Cleave","Pommel Strike"],"picked":"Dropkick","floor":3.0},{"not_picked":["True Grit","Pommel Strike"],"picked":"Thunderclap","floor":5.0},{"not_picked":["Shrug It Off","Metallicize"],"picked":"Clothesline","floor":6},{"not_picked":["Clothesline","Flex","Wild Strike"],"picked":"SKIP","floor":8},{"not_picked":["True Grit","Armaments","Thunderclap"],"picked":"SKIP","floor":13},{"not_picked":["Fiend Fire","Barricade"],"picked":"Limit Break","floor":16},{"not_picked":["Sever Soul+1","Havoc"],"picked":"Uppercut","floor":18},{"not_picked":["Heavy Blade","True Grit"],"picked":"Inflame+1","floor":19},{"not_picked":["Evolve","Clash"],"picked":"Disarm","floor":20},{"not_picked":["Sever Soul","Body Slam"],"picked":"Ghostly Armor","floor":24},{"not_picked":["Spot Weakness","Dropkick"],"picked":"Pummel","floor":25},{"not_picked":["Clash","Thunderclap","Heavy Blade+1"],"picked":"SKIP","floor":29},{"not_picked":["Thunderclap","Cleave","Armaments"],"picked":"SKIP","floor":30}],"player_experience":291731,"relics_obtained":[],"event_choices":[{"cards_removed":["Defend_R"],"damage_healed":0.0,"max_hp_gain":0.0,"max_hp_loss":0.0,"gold_gain":0.0,"event_name":"Living Wall","player_choice":"Forget","floor":2.0,"gold_loss":0.0,"damage_taken":0.0},{"cards_removed":["Defend_R"],"damage_healed":0.0,"max_hp_gain":0.0,"max_hp_loss":0.0,"gold_gain":0.0,"event_name":"Purifier","player_choice":"Purged","floor":4.0,"gold_loss":0.0,"damage_taken":0.0},{"damage_healed":0,"gold_gain":0,"cards_transformed":["Strike_R"],"player_choice":"Transformed","damage_taken":0,"max_hp_gain":0,"max_hp_loss":0,"event_name":"Transmorgrifier","floor":11,"gold_loss":0,"cards_obtained":["Blood for Blood"]},{"cards_removed":["Strike_R"],"damage_healed":0,"gold_gain":0,"player_choice":"Gave Gold","damage_taken":0,"max_hp_gain":0,"max_hp_loss":0,"event_name":"Beggar","floor":21,"gold_loss":75},{"cards_removed":["Strike_R"],"damage_healed":0,"gold_gain":0,"player_choice":"Purged","damage_taken":0,"max_hp_gain":0,"max_hp_loss":0,"event_name":"Purifier","floor":22,"gold_loss":0},{"damage_healed":0,"gold_gain":0,"player_choice":"Smashed Altar","damage_taken":0,"max_hp_gain":0,"max_hp_loss":0,"event_name":"Forgotten Altar","floor":27,"gold_loss":0,"cards_obtained":["Decay"]}],"is_beta":false,"boss_relics":[{"not_picked":["Empty Cage","Snecko Eye","Lizard Tail"]}],"items_purged_floors":[14],"is_endless":false,"potions_floor_spawned":[1,5,6,8,18,24,29],"killed_by":"Book of Stabbing","ascension_level":0}