{"gold_per_floor":[10,21,34,54,68,101,113,126,207,240,257,272,303,0,0,74,74,92,107,127,138,155,155,181,181,181,201,232,251,264,24,24,98,98,113,126,8,1007,1007,1036,1036,1071,1094,44,93,111,21,38,38,38,38,38,38,67,67],"floor_reached":56,"playtime":4685,"items_purged":["Normality"],"score":2127,"play_id":"2098396b-3b5d-4318-978c-43e8d9385346","local_time":"20190331155724","is_ascension_mode":true,"campfire_choices":[{"data":"Armaments","floor":15,"key":"SMITH"},{"data":"Feed","floor":23,"key":"SMITH"},{"data":"Armaments","floor":25,"key":"SMITH"},{"floor":32,"key":"REST"},{"floor":41,"key":"REST"},{"floor":49,"key":"RECALL"},{"data":"Corruption","floor":52,"key":"SMITH"}],"neow_cost":"NO_GOLD","seed_source_timestamp":1351456733421092,"circlet_count":0,"master_deck":["AscendersBane","Strike_R","Strike_R","Strike_R","Strike_R","Defend_R","Defend_R","Defend_R","Defend_R","Bash+1","Infernal Blade","Infernal Blade","Infernal Blade","Spot Weakness","Armaments+1","Corruption+1","Offering","Disarm","Feel No Pain","Feel No Pain","Feed+1","Metallicize","Armaments+1","Dual Wield","Havoc","Burning Pact","True Grit","Seeing Red","Offering","Metallicize","Exhume","Ghostly Armor","Shrug It Off","Bandage Up","Sentinel","Dark Embrace","Clumsy","Feel No Pain","Pummel","Reaper","Flame Barrier","Master of Strategy+1","True Grit","Disarm","Entrench"],"relics":["Burning Blood","Charon\u0027s Ashes","Strawberry","Mercury Hourglass","Gambling Chip","Lantern","Bag of Preparation","Philosopher\u0027s Stone","Du-Vu Doll","Ancient Tea Set","Whetstone","Cursed Key","Darkstone Periapt","Orichalcum","Prayer Wheel","Oddly Smooth Stone","Dead Branch","Pen Nib"],"potions_floor_usage":[6,7,19,27,45,45,55,55],"damage_taken":[{"damage":1,"enemies":"Cultist","floor":1,"turns":4},{"damage":8,"enemies":"2 Louse","floor":2,"turns":2},{"damage":7,"enemies":"Small Slimes","floor":3,"turns":3},{"damage":8,"enemies":"3 Louse","floor":4,"turns":3},{"damage":10,"enemies":"Gremlin Gang","floor":5,"turns":2},{"damage":30,"enemies":"Lagavulin","floor":6,"turns":6},{"damage":5,"enemies":"Red Slaver","floor":7,"turns":3},{"damage":3,"enemies":"Blue Slaver","floor":8,"turns":3},{"damage":15,"enemies":"Gremlin Nob","floor":10,"turns":3},{"damage":21,"enemies":"Exordium Thugs","floor":11,"turns":3},{"damage":0,"enemies":"Large Slime","floor":12,"turns":3},{"damage":11,"enemies":"3 Sentries","floor":13,"turns":3},{"damage":6,"enemies":"Slime Boss","floor":16,"turns":8},{"damage":18,"enemies":"Spheric Guardian","floor":18,"turns":5},{"damage":20,"enemies":"2 Thieves","floor":19,"turns":3},{"damage":6,"enemies":"Sentry and Sphere","floor":20,"turns":4},{"damage":6,"enemies":"Centurion and Healer","floor":21,"turns":5},{"damage":6,"enemies":"Snake Plant","floor":22,"turns":5},{"damage":13,"enemies":"Slavers","floor":24,"turns":5},{"damage":6,"enemies":"Snecko","floor":27,"turns":4},{"damage":45,"enemies":"Book of Stabbing","floor":28,"turns":5},{"damage":0,"enemies":"3 Cultists","floor":29,"turns":3},{"damage":12,"enemies":"Snake Plant","floor":30,"turns":5},{"damage":13,"enemies":"Champ","floor":33,"turns":10},{"damage":2,"enemies":"3 Shapes","floor":35,"turns":3},{"damage":27,"enemies":"Orb Walker","floor":36,"turns":4},{"damage":76,"enemies":"Nemesis","floor":40,"turns":11},{"damage":31,"enemies":"Giant Head","floor":42,"turns":8},{"damage":50,"enemies":"2 Orb Walkers","floor":45,"turns":4},{"damage":0,"enemies":"Sphere and 2 Shapes","floor":46,"turns":3},{"damage":6,"enemies":"Jaw Worm Horde","floor":48,"turns":4},{"damage":6,"enemies":"Awakened One","floor":50,"turns":7},{"damage":6,"enemies":"Shield and Spear","floor":54,"turns":7},{"damage":13,"enemies":"The Heart","floor":55,"turns":6}],"seed_played":"7840717177810758302","potions_obtained":[{"floor":3,"key":"Weak Potion"},{"floor":4,"key":"AttackPotion"},{"floor":6,"key":"BloodPotion"},{"floor":11,"key":"SkillPotion"},{"floor":16,"key":"Fruit Juice"},{"floor":19,"key":"EssenceOfSteel"},{"floor":27,"key":"Poison Potion"},{"floor":28,"key":"Weak Potion"},{"floor":45,"key":"FearPotion"},{"floor":46,"key":"Ancient Potion"},{"floor":54,"key":"BloodPotion"}],"is_trial":false,"path_per_floor":["M","?","?","?","?"],"character_chosen":"IRONCLAD","items_purchased":["Feel No Pain","Bag of Preparation","Feed","Seeing Red","Offering","Metallicize","Shrug It Off","Bandage Up","Feel No Pain","Pummel","Reaper","Flame Barrier","Prayer Wheel","Oddly Smooth Stone","Master of Strategy"],"campfire_rested":2,"item_purchase_floors":[14,14,14,31,31,31,37,37,44,44,44,44,44,44,44],"current_hp_per_floor":[77,75,74,72,68,51,60,63,63,54,39,45,40,40,40,40,75,66,57,60,63,66,66,63,63,63,67,32,38,36,36,72,69,110,114,93,93,93,93,35,73,48,54,54,21,44,44,65,65,98,134,134,134,138,150],"gold":67,"neow_bonus":"ONE_RARE_RELIC","is_prod":false,"is_daily":false,"chose_seed":false,"campfire_upgraded":4,"win_rate":0,"timestamp":1554062244,"path_taken":["M","M","M","M","M","E","M","M","T","E","M","M","E","$","R","BOSS","M","M","M","M","?","R","E","R","T","M","E","M","M","$","R","BOSS","M","M","$","?","?","E","R","E","T","$","?","M","?","M","R","BOSS","R","$","E","BOSS"],"build_version":"2019-01-23","purchased_purges":1,"victory":true,"max_hp_per_floor":[80,80,80,80,80,87,87,87,87,87,87,87,87,87,87,87,87,90,95,98,101,104,104,108,108,108,112,116,116,120,120,120,124,124,124,124,124,124,124,128,128,128,134,134,134,138,138,142,142,146,146,146,146,150,150],"card_choices":[{"not_picked":["Armaments","Anger"],"picked":"Infernal Blade","floor":1},{"not_picked":["Clash","Flex"],"picked":"Infernal Blade","floor":2},{"not_picked":["Carnage","Wild Strike"],"picked":"Infernal Blade","floor":3},{"not_picked":["Thunderclap","Twin Strike"],"picked":"Spot Weakness","floor":4},{"not_picked":["Cleave","Headbutt","Bloodletting"],"picked":"SKIP","floor":5},{"not_picked":["Heavy Blade","Flex"],"picked":"Armaments","floor":6},{"not_picked":["Reckless Charge","Perfected Strike"],"picked":"Corruption","floor":7},{"not_picked":["Anger","Dropkick","Second Wind"],"picked":"SKIP","floor":8},{"not_picked":["Rage","Shrug It Off"],"picked":"Offering","floor":10},{"not_picked":["Iron Wave","Power Through","Cleave"],"picked":"SKIP","floor":11},{"not_picked":["Thunderclap","Hemokinesis"],"picked":"Disarm","floor":12},{"not_picked":["Headbutt","Sentinel"],"picked":"Feel No Pain","floor":13},{"not_picked":["Warcry","Thunderclap"],"picked":"Metallicize","floor":18},{"not_picked":["Heavy Blade","Cleave","Anger"],"picked":"SKIP","floor":19},{"not_picked":["Anger+1","Carnage","Headbutt"],"picked":"SKIP","floor":20},{"not_picked":["Berserk","Clothesline","Rage"],"picked":"SKIP","floor":21},{"not_picked":["Iron Wave","Rampage","Flex"],"picked":"SKIP","floor":22},{"not_picked":["Twin Strike","Hemokinesis"],"picked":"Armaments","floor":24},{"not_picked":["Sword Boomerang","Havoc"],"picked":"Dual Wield","floor":27},{"not_picked":["Berserk","Rupture+1"],"picked":"Havoc","floor":28},{"not_picked":["Clash","Searing Blow"],"picked":"Burning Pact","floor":29},{"not_picked":["Battle Trance","Pommel Strike"],"picked":"True Grit","floor":30},{"not_picked":["Impervious","Juggernaut"],"picked":"Exhume","floor":33},{"not_picked":["Bloodletting+1","Wild Strike","Fire Breathing+1"],"picked":"SKIP","floor":35},{"not_picked":["Armaments","Pommel Strike"],"picked":"Ghostly Armor","floor":36},{"not_picked":["Body Slam","Sword Boomerang"],"picked":"Sentinel","floor":40},{"not_picked":["Rupture","Disarm+1"],"picked":"Dark Embrace","floor":42},{"not_picked":["Anger","Warcry+1"],"picked":"True Grit","floor":46},{"not_picked":["Body Slam","Clothesline+1"],"picked":"Disarm","floor":46},{"not_picked":["Cleave","Sever Soul","Ghostly Armor+1"],"picked":"SKIP","floor":48},{"not_picked":["Pommel Strike","Clothesline","Thunderclap"],"picked":"SKIP","floor":48},{"not_picked":["Clash+1","Evolve"],"picked":"Entrench","floor":54}],"player_experience":1331780,"relics_obtained":[{"floor":6,"key":"Strawberry"},{"floor":9,"key":"Mercury Hourglass"},{"floor":10,"key":"Gambling Chip"},{"floor":13,"key":"Lantern"},{"floor":24,"key":"Du-Vu Doll"},{"floor":26,"key":"Ancient Tea Set"},{"floor":28,"key":"Whetstone"},{"floor":40,"key":"Darkstone Periapt"},{"floor":42,"key":"Orichalcum"},{"floor":45,"key":"Dead Branch"},{"floor":54,"key":"Pen Nib"}],"event_choices":[{"damage_healed":0,"gold_gain":999,"player_choice":"Gold","damage_taken":0,"max_hp_gain":0,"max_hp_loss":0,"event_name":"MindBloom","floor":38,"gold_loss":0,"cards_obtained":["Normality","Normality"]},{"cards_removed":["Strike_R"],"damage_healed":0,"gold_gain":0,"player_choice":"Removed Attack","damage_taken":0,"max_hp_gain":0,"max_hp_loss":0,"event_name":"Falling","floor":39,"gold_loss":0},{"damage_healed":0,"gold_gain":0,"player_choice":"Fight","damage_taken":0,"max_hp_gain":0,"max_hp_loss":0,"event_name":"Mysterious Sphere","floor":45,"gold_loss":0},{"cards_removed":["Normality"],"damage_healed":0,"gold_gain":0,"player_choice":"Upgrade and Remove","damage_taken":0,"max_hp_gain":0,"max_hp_loss":0,"event_name":"Designer","floor":47,"gold_loss":90,"cards_upgraded":["Master of Strategy"]}],"is_beta":false,"boss_relics":[{"not_picked":["Calling Bell","Sozu"],"picked":"Philosopher\u0027s Stone"},{"not_picked":["Velvet Choker","Empty Cage"],"picked":"Cursed Key"}],"items_purged_floors":[44],"is_endless":false,"potions_floor_spawned":[3,4,6,11,16,19,24,27,28,36,45,46,54],"ascension_level":13}