{"gold_per_floor":[18,28,43,59,9,39,54,74,74,86,102,102,122,141,141,141],"floor_reached":16,"playtime":15469,"items_purged":[],"score":135,"play_id":"bb336128-1e12-41e6-8f85-78926d5e4bb1","local_time":"20180728213236","is_ascension_mode":false,"campfire_choices":[{"floor":12,"key":"REST"},{"floor":15,"key":"REST"}],"neow_cost":"NO_GOLD","seed_source_timestamp":171119339767576,"circlet_count":0,"master_deck":["Defend_G","Defend_G","Defend_G","Defend_G","Defend_G","Strike_G","Strike_G","Strike_G","Strike_G","Survivor","Neutralize","Flying Knee","Poisoned Stab","Endless Agony","Slice","Slice","A Thousand Cuts","Poisoned Stab","Slice","Slice","Poisoned Stab","Deadly Poison"],"relics":["Ring of the Snake","Peace Pipe","Oddly Smooth Stone"],"potions_floor_usage":[],"damage_taken":[{"damage":2,"enemies":"Small Slimes","floor":1,"turns":5},{"damage":2,"enemies":"Cultist","floor":2,"turns":4},{"damage":0,"enemies":"2 Louse","floor":3,"turns":2},{"damage":3,"enemies":"Large Slime","floor":4,"turns":6},{"damage":15,"enemies":"3 Sentries","floor":6,"turns":12},{"damage":4,"enemies":"Gremlin Gang","floor":7,"turns":4},{"damage":31,"enemies":"Exordium Thugs","floor":8,"turns":5},{"damage":9,"enemies":"Lots of Slimes","floor":10,"turns":3},{"damage":0,"enemies":"Large Slime","floor":11,"turns":6},{"damage":7,"enemies":"Blue Slaver","floor":13,"turns":4},{"damage":12,"enemies":"3 Louse","floor":14,"turns":3},{"damage":55,"enemies":"Slime Boss","floor":16,"turns":9}],"seed_played":"1647187324158079918","potions_obtained":[{"floor":2,"key":"SkillPotion"},{"floor":6,"key":"Swift Potion"},{"floor":8,"key":"GhostInAJar"}],"is_trial":false,"path_per_floor":["M","M","M","M","?","E","M","M","T","M","M","R","M","M","R"],"character_chosen":"THE_SILENT","items_purchased":[],"campfire_rested":2,"item_purchase_floors":[],"current_hp_per_floor":[82,80,80,77,77,62,58,27,27,18,18,43,36,24,49,0],"gold":141,"neow_bonus":"TWENTY_PERCENT_HP_BONUS","is_prod":false,"is_daily":false,"chose_seed":false,"campfire_upgraded":0,"win_rate":0.0,"timestamp":1532835156,"path_taken":["M","M","M","M","?","E","M","M","T","M","M","R","M","M","R","BOSS"],"build_version":"2018-07-26","purchased_purges":0,"victory":false,"max_hp_per_floor":[84,84,84,84,84,84,84,84,84,84,84,84,84,84,84,84],"card_choices":[{"not_picked":["Outmaneuver","Dagger Throw"],"picked":"Flying Knee","floor":1},{"not_picked":["Backflip","Dodge and Roll"],"picked":"Poisoned Stab","floor":2},{"not_picked":["Choke","Skewer"],"picked":"Endless Agony","floor":3},{"not_picked":["Finisher","Poisoned Stab"],"picked":"Slice","floor":4},{"not_picked":["Poisoned Stab","Blade Dance"],"picked":"Slice","floor":6},{"not_picked":["Flying Knee","Prepared"],"picked":"A Thousand Cuts","floor":7},{"not_picked":["Acrobatics","Dagger Spray"],"picked":"Poisoned Stab","floor":8},{"not_picked":["Infinite Blades","Blur"],"picked":"Slice","floor":10},{"not_picked":["Expertise","Skewer"],"picked":"Slice","floor":11},{"not_picked":["Bullet Time","Underhanded Strike"],"picked":"Poisoned Stab","floor":13},{"not_picked":["Dagger Throw","Backstab"],"picked":"Deadly Poison","floor":14}],"player_experience":38611,"relics_obtained":[{"floor":6,"key":"Peace Pipe"},{"floor":9,"key":"Oddly Smooth Stone"}],"event_choices":[{"event_name":"The Cleric","player_choice":"Card Removal","floor":5,"damage_taken":0}],"is_beta":false,"boss_relics":[],"items_purged_floors":[],"is_endless":false,"potions_floor_spawned":[2,6,8,13,14],"killed_by":"Slime Boss","ascension_level":0}