{"gold_per_floor":[144,189,234,29,74,164,164,209,259,304,316,130,220,265,265,565,565,610,535,535],"floor_reached":20,"playtime":1541,"items_purged":[],"score":211,"play_id":"9abef752-bc93-4e13-9d71-5b08671ca0cf","local_time":"20180823203724","daily_mods":["Specialized","Midas","Vintage"],"is_ascension_mode":false,"campfire_choices":[{"floor":7,"key":"DIG"},{"floor":11,"key":"DIG"},{"floor":15,"key":"DIG"}],"neow_cost":"","seed_source_timestamp":0,"circlet_count":0,"master_deck":["Strike_R","Strike_R","Strike_R","Defend_R","Defend_R","Defend_R","Bash","Reaper","Reaper+1","Reaper","Reaper","Reaper+1","Transmutation","Iron Wave","Exhume+1","Flex","Ghostly Armor+1","Dark Embrace","Brutality+1","Exhume+1","Rage+1"],"special_seed":17767,"relics":["Burning Blood","Bronze Scales","Unceasing Top","Orichalcum","Strawberry","Shovel","Omamori","Self Forming Clay","Whetstone","MawBank","Matryoshka","Red Skull","Torii","War Paint","Bag of Preparation","Astrolabe","Ornamental Fan","Pen Nib"],"potions_floor_usage":[13,14,16,16],"damage_taken":[{"damage":17,"enemies":"Cultist","floor":1,"turns":5},{"damage":6,"enemies":"Small Slimes","floor":2,"turns":4},{"damage":11,"enemies":"Jaw Worm","floor":3,"turns":3},{"damage":8,"enemies":"Looter","floor":5,"turns":3},{"damage":42,"enemies":"3 Sentries","floor":6,"turns":10},{"damage":10,"enemies":"3 Louse","floor":8,"turns":4},{"damage":3,"enemies":"Exordium Wildlife","floor":10,"turns":5},{"damage":64,"enemies":"Lagavulin","floor":13,"turns":12},{"damage":25,"enemies":"Exordium Thugs","floor":14,"turns":6},{"damage":37,"enemies":"The Guardian","floor":16,"turns":15},{"damage":29,"enemies":"Spheric Guardian","floor":18,"turns":10},{"damage":20,"enemies":"2 Thieves","floor":19,"turns":5},{"damage":159,"enemies":"Centurion and Healer","floor":20,"turns":25}],"seed_played":"-2736081404112847193","potions_obtained":[{"floor":2,"key":"Block Potion"},{"floor":3,"key":"Strength Potion"},{"floor":8,"key":"SpeedPotion"},{"floor":13,"key":"Strength Potion"},{"floor":16,"key":"Ancient Potion"}],"is_trial":false,"path_per_floor":["M","M","M","$","M","E","R","M","T","M","R","$","E","M","R","B",null,"M","M"],"character_chosen":"IRONCLAD","items_purchased":["Transmutation","Exhume","Flex"],"campfire_rested":0,"item_purchase_floors":[4,12,12],"current_hp_per_floor":[75,80,78,78,87,80,80,87,87,87,87,87,51,55,55,58,87,69,69,0],"gold":535,"neow_bonus":"","is_prod":false,"is_daily":true,"chose_seed":false,"campfire_upgraded":0,"win_rate":0,"timestamp":1535078244,"path_taken":["M","M","M","$","M","E","R","M","T","M","R","$","E","M","R","BOSS","M","M","M"],"build_version":"2018-08-23","purchased_purges":0,"victory":false,"max_hp_per_floor":[80,80,80,80,87,87,87,87,87,87,87,87,87,87,87,87,87,87,87,87],"card_choices":[{"not_picked":["Clash","Seeing Red"],"picked":"Iron Wave","floor":6},{"not_picked":["Fire Breathing","Rampage"],"picked":"Ghostly Armor","floor":13},{"not_picked":["Limit Break","Juggernaut"],"picked":"Dark Embrace","floor":16}],"player_experience":330853,"relics_obtained":[{"floor":1,"key":"Bronze Scales"},{"floor":2,"key":"Unceasing Top"},{"floor":3,"key":"Orichalcum"},{"floor":5,"key":"Strawberry"},{"floor":6,"key":"Shovel"},{"floor":7,"key":"Omamori"},{"floor":8,"key":"Self Forming Clay"},{"floor":9,"key":"Whetstone"},{"floor":10,"key":"MawBank"},{"floor":11,"key":"Matryoshka"},{"floor":13,"key":"Red Skull"},{"floor":14,"key":"Torii"},{"floor":15,"key":"War Paint"},{"floor":16,"key":"Bag of Preparation"},{"floor":18,"key":"Ornamental Fan"},{"floor":19,"key":"Pen Nib"}],"event_choices":[],"is_beta":false,"boss_relics":[{"not_picked":["Cursed Key","White Beast Statue"],"picked":"Astrolabe"}],"items_purged_floors":[],"is_endless":false,"potions_floor_spawned":[2,3,8,13,16],"killed_by":"Centurion and Healer","ascension_level":0}