{"gold_per_floor":[111,130,130,81,93,123,123,298,323,323,335,32,32,47,47,147,147,167,119,119,119,133,133,159,179,179,79,79,79,94,105,105,105],"floor_reached":33,"playtime":964,"items_purged":["Doubt","Doubt"],"score":245,"play_id":"ea818fa4-f1cd-4ebe-850f-d11ce77a22cd","local_time":"20181127114225","is_ascension_mode":false,"campfire_choices":[{"data":"Perfected Strike","floor":7,"key":"SMITH"},{"data":"Flame Barrier","floor":10,"key":"SMITH"},{"floor":15,"key":"REST"},{"floor":32,"key":"REST"}],"neow_cost":"NONE","seed_source_timestamp":1187274811917963,"circlet_count":0,"master_deck":["Strike_R","Strike_R","Strike_R","Strike_R","Strike_R","Defend_R","Defend_R","Defend_R","Defend_R","Bash","Perfected Strike+1","Body Slam+1","Pommel Strike","Shrug It Off","Flame Barrier+1","Iron Wave","Spot Weakness","Uppercut","Limit Break","Sword Boomerang+1","Pommel Strike","Twin Strike","Sword Boomerang+1","Uppercut+1","Wild Strike+1","True Grit+1"],"relics":["Burning Blood","NeowsBlessing","PreservedInsect","Vajra","Cursed Key","Nilry\u0027s Codex","Red Mask","WingedGreaves"],"potions_floor_usage":[18,24,31,33],"damage_taken":[{"damage":0,"enemies":"Jaw Worm","floor":1,"turns":1},{"damage":0,"enemies":"Cultist","floor":2,"turns":1},{"damage":0,"enemies":"Small Slimes","floor":5,"turns":1},{"damage":34,"enemies":"Gremlin Nob","floor":6,"turns":5},{"damage":5,"enemies":"Looter","floor":11,"turns":2},{"damage":0,"enemies":"Blue Slaver","floor":14,"turns":3},{"damage":31,"enemies":"Slime Boss","floor":16,"turns":11},{"damage":3,"enemies":"2 Thieves","floor":18,"turns":4},{"damage":0,"enemies":"Spheric Guardian","floor":22,"turns":3},{"damage":20,"enemies":"Masked Bandits","floor":24,"turns":4},{"damage":1,"enemies":"Cultist and Chosen","floor":25,"turns":3},{"damage":13,"enemies":"Centurion and Healer","floor":30,"turns":7},{"damage":2,"enemies":"3 Cultists","floor":31,"turns":4},{"damage":73,"enemies":"Champ","floor":33,"turns":12}],"seed_played":"7682766967712201776","potions_obtained":[{"floor":5,"key":"SteroidPotion"},{"floor":14,"key":"Block Potion"},{"floor":16,"key":"Explosive Potion"},{"floor":24,"key":"LiquidBronze"},{"floor":31,"key":"SmokeBomb"}],"is_trial":false,"path_per_floor":["M","M","?","$","M","E","R","?","T","R","M","$","?","M","R","B",null,"M","$","?","?","M","?","?","M","T","$","?","$","M","M","R","B"],"character_chosen":"IRONCLAD","items_purchased":["Pommel Strike","Spot Weakness","Vajra","Pommel Strike"],"campfire_rested":2,"item_purchase_floors":[4,12,12,19],"current_hp_per_floor":[80,80,80,80,80,52,52,52,52,52,53,53,53,59,80,55,80,80,80,80,64,70,55,41,46,46,46,46,46,39,43,68,0],"gold":105,"neow_bonus":"THREE_ENEMY_KILL","is_prod":false,"is_daily":false,"chose_seed":false,"campfire_upgraded":2,"win_rate":0,"timestamp":1543344145,"path_taken":["M","M","?","$","M","E","R","?","T","R","M","$","?","M","R","BOSS","M","$","?","?","?","?","?","M","T","$","?","?","M","M","R","BOSS"],"build_version":"2018-11-15","purchased_purges":2,"victory":false,"max_hp_per_floor":[80,80,80,80,80,80,80,80,80,80,80,80,80,80,80,80,80,80,80,80,80,80,85,85,85,85,85,85,85,85,85,85,85],"card_choices":[{"not_picked":["Armaments","True Grit"],"picked":"Perfected Strike","floor":1},{"not_picked":["Iron Wave","Thunderclap"],"picked":"Body Slam","floor":2},{"not_picked":["Impervious","Anger"],"picked":"Shrug It Off","floor":5},{"not_picked":["Infernal Blade","Carnage"],"picked":"Flame Barrier","floor":6},{"not_picked":["Clothesline","Pummel"],"picked":"Iron Wave","floor":11},{"not_picked":["Anger","Cleave"],"picked":"Uppercut","floor":14},{"not_picked":["Juggernaut","Offering"],"picked":"Limit Break","floor":16},{"not_picked":["Thunderclap","Havoc"],"picked":"Sword Boomerang+1","floor":18},{"not_picked":["Uppercut","Carnage"],"picked":"Twin Strike","floor":22},{"not_picked":["True Grit","Searing Blow"],"picked":"Sword Boomerang+1","floor":24},{"not_picked":["Clothesline+1","Warcry+1"],"picked":"Uppercut+1","floor":25},{"not_picked":["Cleave","Iron Wave"],"picked":"Wild Strike+1","floor":30},{"not_picked":["Evolve","Thunderclap"],"picked":"True Grit+1","floor":31}],"player_experience":1130728,"relics_obtained":[{"floor":6,"key":"PreservedInsect"},{"floor":21,"key":"Nilry\u0027s Codex"},{"floor":24,"key":"Red Mask"},{"floor":26,"key":"WingedGreaves"}],"event_choices":[{"damage_healed":0,"gold_gain":0,"player_choice":"Ignored","damage_taken":0,"max_hp_gain":0,"max_hp_loss":0,"event_name":"Shining Light","floor":3,"gold_loss":0},{"damage_healed":0,"gold_gain":175,"player_choice":"AGREE","damage_taken":0,"max_hp_gain":0,"max_hp_loss":0,"event_name":"Liars Game","floor":8,"gold_loss":0,"cards_obtained":["Doubt"]},{"damage_healed":0,"gold_gain":0,"player_choice":"Upgraded","damage_taken":0,"max_hp_gain":0,"max_hp_loss":0,"event_name":"Upgrade Shrine","floor":13,"gold_loss":0,"cards_upgraded":["Body Slam"]},{"damage_healed":0,"gold_gain":0,"player_choice":"Ignored","damage_taken":0,"max_hp_gain":0,"max_hp_loss":0,"event_name":"Vampires","floor":20,"gold_loss":0},{"damage_healed":0,"gold_gain":0,"player_choice":"Obtained Book","damage_taken":16,"max_hp_gain":0,"max_hp_loss":0,"event_name":"Cursed Tome","floor":21,"gold_loss":0},{"damage_healed":0,"gold_gain":0,"player_choice":"Shed Blood","damage_taken":20,"max_hp_gain":5,"max_hp_loss":0,"event_name":"Forgotten Altar","floor":23,"gold_loss":0},{"damage_healed":0,"gold_gain":0,"player_choice":"Fought Bandits","damage_taken":0,"max_hp_gain":0,"max_hp_loss":0,"event_name":"Masked Bandits","floor":24,"gold_loss":0},{"damage_healed":0,"gold_gain":0,"player_choice":"Ignored","damage_taken":0,"max_hp_gain":0,"max_hp_loss":0,"event_name":"Beggar","floor":28,"gold_loss":0}],"is_beta":false,"boss_relics":[{"not_picked":["Mark of Pain","Calling Bell"],"picked":"Cursed Key"}],"items_purged_floors":[12,27],"is_endless":false,"potions_floor_spawned":[5,14,16,24,31],"killed_by":"Champ","ascension_level":0}