{"gold_per_floor":[117,117,192,49,60,123,133,150,150,78,78,96,116,129,129,234,234,253,253,203,221,238,251,251,251,278,296,296,312,312,323,323,423,723,739,739,739,758,772,783,783,797,797,478,501,117,117,128,128,128],"floor_reached":50,"playtime":24664,"items_purged":[],"score":625,"play_id":"7d3504f4-cdd6-4c46-9e53-1af5058862c0","local_time":"20181226225922","is_ascension_mode":false,"campfire_choices":[{"floor":15,"key":"REST"},{"floor":25,"key":"REST"},{"data":"Perfected Strike","floor":30,"key":"SMITH"},{"floor":32,"key":"REST"},{"data":"Apotheosis","floor":47,"key":"SMITH"},{"floor":49,"key":"REST"}],"neow_cost":"","seed_source_timestamp":0,"circlet_count":0,"master_deck":["Strike_R+1","Strike_R+1","Strike_R+1","Strike_R+1","Strike_R+1","Defend_R+1","Defend_R+1","Defend_R+1","Defend_R+1","Bash+1","Wild Strike","Pommel Strike","Impatience","Twin Strike","Immolate","Power Through","Dual Wield","Sentinel","Perfected Strike","Pommel Strike","Perfected Strike+1","Writhe","Burning Pact+1","Shrug It Off+1","Wild Strike","RitualDagger","Twin Strike","Evolve","Limit Break","Doubt","Doubt","Pain","Twin Strike","Writhe","Wild Strike","Shrug It Off+1","Seeing Red+1","Wild Strike","Apotheosis+1","Purity","Panacea","Enlightenment+1","Wild Strike","True Grit+1","Rage+1","Shockwave+1","Dual Wield+1","Burning Pact+1","Wild Strike+1"],"relics":["Burning Blood","Tiny Chest","Bag of Marbles","The Courier","Velvet Choker","Potion Belt","Blood Vial","Calling Bell","Red Skull","Matryoshka","Old Coin","Bottled Tornado","Mango","Toxic Egg 2","Bronze Scales"],"potions_floor_usage":[13,13,16,33,40,40,42,50],"damage_taken":[{"damage":1,"enemies":"Cultist","floor":1,"turns":3},{"damage":0,"enemies":"2 Louse","floor":5,"turns":2},{"damage":38,"enemies":"3 Sentries","floor":6,"turns":9},{"damage":1,"enemies":"Jaw Worm","floor":7,"turns":3},{"damage":8,"enemies":"Red Slaver","floor":8,"turns":2},{"damage":8,"enemies":"Exordium Wildlife","floor":12,"turns":4},{"damage":0,"enemies":"3 Louse","floor":13,"turns":1},{"damage":16,"enemies":"Exordium Thugs","floor":14,"turns":4},{"damage":50,"enemies":"The Guardian","floor":16,"turns":8},{"damage":11,"enemies":"Spheric Guardian","floor":18,"turns":4},{"damage":18,"enemies":"3 Byrds","floor":21,"turns":4},{"damage":0,"enemies":"Snake Plant","floor":22,"turns":2},{"damage":37,"enemies":"Centurion and Healer","floor":23,"turns":5},{"damage":10,"enemies":"Chosen and Byrds","floor":27,"turns":5},{"damage":5,"enemies":"3 Cultists","floor":29,"turns":4},{"damage":12,"enemies":"Centurion and Healer","floor":31,"turns":2},{"damage":78,"enemies":"Automaton","floor":33,"turns":12},{"damage":44,"enemies":"3 Darklings","floor":35,"turns":7},{"damage":10,"enemies":"Orb Walker","floor":38,"turns":2},{"damage":41,"enemies":"Sphere and 2 Shapes","floor":39,"turns":8},{"damage":12,"enemies":"Spire Growth","floor":40,"turns":4},{"damage":0,"enemies":"4 Shapes","floor":42,"turns":2},{"damage":30,"enemies":"Jaw Worm Horde","floor":48,"turns":3},{"damage":54,"enemies":"Donu and Deca","floor":50,"turns":3}],"seed_played":"462491","potions_obtained":[{"floor":1,"key":"PowerPotion"},{"floor":7,"key":"Fire Potion"},{"floor":12,"key":"BloodPotion"},{"floor":13,"key":"FearPotion"},{"floor":21,"key":"Poison Potion"},{"floor":22,"key":"Dexterity Potion"},{"floor":29,"key":"FearPotion"},{"floor":38,"key":"EssenceOfSteel"},{"floor":39,"key":"SpeedPotion"},{"floor":40,"key":"Block Potion"}],"is_trial":true,"path_per_floor":["M","?","?","$","M","E","M","M","T","$","?","M","M","M","R","B",null,"M","?","?","M","M","M","?","R","T","M","?","M","R","M","R","B",null,"M","?","?","M","M","M","?","M","T","$","T","$","R","M","R","B"],"character_chosen":"IRONCLAD","items_purchased":["Pommel Strike","Impatience","Dual Wield","Wild Strike","Apotheosis","Purity","Panacea","Enlightenment+1","Wild Strike","True Grit+1","Rage+1","Shockwave+1","Dual Wield+1","Burning Pact+1"],"campfire_rested":4,"item_purchase_floors":[4,4,10,44,44,44,44,46,46,46,46,46,46,46],"current_hp_per_floor":[80,80,69,69,75,43,48,46,46,46,46,44,58,48,72,28,80,75,75,75,63,69,38,38,62,62,60,54,57,57,53,77,7,80,42,42,62,60,27,23,23,31,45,45,45,45,45,23,51,0],"gold":128,"neow_bonus":"","is_prod":false,"is_daily":false,"chose_seed":true,"campfire_upgraded":2,"win_rate":0,"timestamp":1545890362,"path_taken":["M","?","?","$","M","E","M","M","T","$","?","?","M","M","R","BOSS","M","?","?","?","?","M","?","R","T","M","?","M","R","M","R","BOSS","M","?","?","M","M","?","?","M","T","$","?","$","R","M","R","BOSS"],"build_version":"2018-12-20","purchased_purges":0,"victory":false,"max_hp_per_floor":[80,80,80,80,80,80,80,80,80,80,80,80,80,80,80,80,80,80,80,80,80,80,80,80,80,80,80,80,80,80,80,80,80,80,80,80,80,80,80,80,80,80,94,94,94,94,94,94,94,94],"card_choices":[{"not_picked":["Reckless Charge","Body Slam"],"picked":"Wild Strike","floor":1},{"not_picked":["Havoc","True Grit"],"picked":"Twin Strike","floor":5},{"not_picked":["Reckless Charge","Thunderclap"],"picked":"Immolate","floor":6},{"not_picked":["Corruption","Headbutt"],"picked":"Fire Breathing","floor":7},{"not_picked":["Anger","Searing Blow"],"picked":"Power Through","floor":8},{"not_picked":["Corruption","Flex"],"picked":"Sentinel","floor":12},{"not_picked":["Clash","Cleave"],"picked":"Perfected Strike","floor":13},{"not_picked":["Second Wind","Clash"],"picked":"Pommel Strike","floor":14},{"not_picked":["Exhume","Dark Embrace"],"picked":"Fiend Fire","floor":16},{"not_picked":["Armaments+1","Iron Wave"],"picked":"Perfected Strike","floor":18},{"not_picked":["Sword Boomerang","Warcry"],"picked":"Burning Pact+1","floor":21},{"not_picked":["Fire Breathing","Whirlwind","Cleave"],"picked":"SKIP","floor":22},{"not_picked":["Heavy Blade+1","Shockwave"],"picked":"Shrug It Off+1","floor":23},{"not_picked":["Feel No Pain+1","Berserk"],"picked":"Wild Strike","floor":27},{"not_picked":["Hemokinesis","Clothesline"],"picked":"Twin Strike","floor":29},{"not_picked":["Reckless Charge","Whirlwind"],"picked":"Evolve","floor":31},{"not_picked":["Exhume","Fiend Fire"],"picked":"Limit Break","floor":33},{"not_picked":["Disarm","Burning Pact"],"picked":"Twin Strike","floor":35},{"not_picked":["Flex+1","Clash+1"],"picked":"Wild Strike","floor":38},{"not_picked":["Iron Wave+1","Wild Strike+1"],"picked":"Shrug It Off+1","floor":39},{"not_picked":["Clothesline+1","Sever Soul+1"],"picked":"Seeing Red+1","floor":40},{"not_picked":["Dropkick+1","Blood for Blood","Demon Form"],"picked":"SKIP","floor":42},{"not_picked":["Metallicize","Clash+1"],"picked":"Wild Strike+1","floor":48}],"player_experience":1174818,"relics_obtained":[{"floor":6,"key":"Tiny Chest"},{"floor":9,"key":"Bag of Marbles"},{"floor":26,"key":"Blood Vial"},{"floor":34,"key":"Red Skull"},{"floor":34,"key":"Matryoshka"},{"floor":34,"key":"Old Coin"},{"floor":43,"key":"Bottled Tornado"},{"floor":43,"key":"Mango"},{"floor":45,"key":"Toxic Egg 2"},{"floor":45,"key":"Bronze Scales"}],"event_choices":[{"damage_healed":0,"gold_gain":0,"player_choice":"Grow","damage_taken":0,"max_hp_gain":0,"max_hp_loss":0,"event_name":"Living Wall","floor":2,"gold_loss":0,"cards_upgraded":["Bash"]},{"damage_healed":0,"gold_gain":75,"player_choice":"Gather Gold","damage_taken":11,"max_hp_gain":0,"max_hp_loss":0,"event_name":"World of Goop","floor":3,"gold_loss":0},{"cards_removed":["Fire Breathing"],"damage_healed":0,"gold_gain":0,"player_choice":"Gave Card","damage_taken":0,"relics_obtained":["The Courier"],"max_hp_gain":0,"max_hp_loss":0,"event_name":"WeMeetAgain","floor":11,"gold_loss":0},{"damage_healed":0,"gold_gain":0,"player_choice":"Opened","damage_taken":0,"relics_obtained":["Potion Belt"],"max_hp_gain":0,"max_hp_loss":0,"event_name":"The Mausoleum","floor":19,"gold_loss":0,"cards_obtained":["Writhe"]},{"damage_healed":0,"gold_gain":0,"player_choice":"Bet on Murderer","damage_taken":0,"max_hp_gain":0,"max_hp_loss":0,"event_name":"The Joust","floor":20,"gold_loss":50},{"damage_healed":0,"gold_gain":0,"player_choice":"Simplicity","damage_taken":0,"max_hp_gain":0,"max_hp_loss":0,"event_name":"Back to Basics","floor":24,"gold_loss":0,"cards_upgraded":["Strike_R","Strike_R","Strike_R","Strike_R","Strike_R","Defend_R","Defend_R","Defend_R","Defend_R"]},{"damage_healed":0,"gold_gain":0,"player_choice":"Joined the Cult","damage_taken":6,"max_hp_gain":0,"max_hp_loss":0,"event_name":"Nest","floor":28,"gold_loss":0,"cards_obtained":["RitualDagger"]},{"cards_removed":["Fiend Fire"],"damage_healed":0,"gold_gain":0,"player_choice":"Removed Attack","damage_taken":0,"max_hp_gain":0,"max_hp_loss":0,"event_name":"Falling","floor":36,"gold_loss":0},{"damage_healed":20,"gold_gain":0,"player_choice":"Writhe","damage_taken":0,"max_hp_gain":0,"max_hp_loss":0,"event_name":"Winding Halls","floor":37,"gold_loss":0,"cards_obtained":["Writhe"]},{"damage_healed":0,"gold_gain":0,"player_choice":"Ignored","damage_taken":0,"max_hp_gain":0,"max_hp_loss":0,"event_name":"Mysterious Sphere","floor":41,"gold_loss":0}],"is_beta":false,"boss_relics":[{"not_picked":["Tiny House","Busted Crown"],"picked":"Velvet Choker"},{"not_picked":["Coffee Dripper","Pandora\u0027s Box"],"picked":"Calling Bell"}],"items_purged_floors":[],"is_endless":false,"potions_floor_spawned":[1,7,12,13,21,22,29,38,39,40],"killed_by":"Donu and Deca","ascension_level":0}