{"gold_per_floor":[99,99,99,99,99,99,99,99,99,99,24,24,24,24,24,24,24,24,24,24,24,24,24,24,24,24,24,24,24,24,24,24,24,24,24,24,24,24,24,24,24,24,24,24,24,24,24,24,24,24],"floor_reached":50,"playtime":2953,"items_purged":["Strike_R"],"score":448,"play_id":"b5e2ee1c-dca1-42d7-8d24-7e89605dac8f","local_time":"20190123230720","is_ascension_mode":false,"campfire_choices":[{"data":"Enlightenment","floor":6.0,"key":"SMITH"},{"data":"Inflame","floor":8.0,"key":"SMITH"},{"data":"Flame Barrier","floor":15.0,"key":"SMITH"},{"data":"Carnage","floor":23.0,"key":"SMITH"},{"data":"Double Tap","floor":25.0,"key":"SMITH"},{"data":"Clothesline","floor":30.0,"key":"SMITH"},{"floor":32.0,"key":"REST"},{"floor":41.0,"key":"REST"},{"data":"Shrug It Off","floor":44.0,"key":"SMITH"},{"floor":49.0,"key":"REST"}],"neow_cost":"NONE","seed_source_timestamp":0,"circlet_count":0,"master_deck":["Strike_R","Defend_R","Defend_R","Defend_R","Bash","Clothesline+1","Enlightenment+1","Thunderclap","Inflame+1","Headbutt","Shrug It Off","Flame Barrier+1","Double Tap+1","Carnage+1","Ghostly Armor","Sword Boomerang+1","Infernal Blade","Warcry","Spot Weakness","Shrug It Off+1","Inflame","Reaper","Madness","Madness","Headbutt","Shockwave","Battle Trance+1","Warcry+1"],"special_seed":0,"relics":["Ectoplasm"],"potions_floor_usage":[50],"damage_taken":[{"damage":2.0,"enemies":"2 Louse","floor":1.0,"turns":2.0},{"damage":0.0,"enemies":"Cultist","floor":2.0,"turns":2.0},{"damage":0.0,"enemies":"Small Slimes","floor":4.0,"turns":3.0},{"damage":4.0,"enemies":"2 Fungi Beasts","floor":7.0,"turns":3.0},{"damage":2.0,"enemies":"3 Louse","floor":10.0,"turns":2.0},{"damage":10.0,"enemies":"Gremlin Nob","floor":12.0,"turns":3.0},{"damage":6.0,"enemies":"Large Slime","floor":14.0,"turns":4.0},{"damage":22.0,"enemies":"Slime Boss","floor":16.0,"turns":8.0},{"damage":0.0,"enemies":"3 Byrds","floor":18.0,"turns":3.0},{"damage":2.0,"enemies":"Spheric Guardian","floor":20.0,"turns":3.0},{"damage":12.0,"enemies":"Chosen and Byrds","floor":22.0,"turns":6.0},{"damage":19.0,"enemies":"3 Cultists","floor":28.0,"turns":6.0},{"damage":4.0,"enemies":"Shelled Parasite and Fungi","floor":29.0,"turns":4.0},{"damage":0.0,"enemies":"Snecko","floor":31.0,"turns":3.0},{"damage":42.0,"enemies":"Automaton","floor":33.0,"turns":5.0},{"damage":8.0,"enemies":"3 Shapes","floor":35.0,"turns":8.0},{"damage":15.0,"enemies":"Orb Walker","floor":37.0,"turns":2.0},{"damage":24.0,"enemies":"Maw","floor":40.0,"turns":8.0},{"damage":44.0,"enemies":"Transient","floor":45.0,"turns":5.0},{"damage":26.0,"enemies":"3 Darklings","floor":46.0,"turns":8.0},{"damage":17.0,"enemies":"Sphere and 2 Shapes","floor":47.0,"turns":5.0},{"damage":0.0,"enemies":"Jaw Worm Horde","floor":48.0,"turns":2.0},{"damage":38,"enemies":"Donu and Deca","floor":50,"turns":5}],"seed_played":"8836887359343766734","potions_obtained":[{"floor":1.0,"key":"Energy Potion"},{"floor":4.0,"key":"Fire Potion"},{"floor":12.0,"key":"Explosive Potion"},{"floor":14.0,"key":"PowerPotion"},{"floor":20.0,"key":"Explosive Potion"},{"floor":33.0,"key":"LiquidBronze"},{"floor":37.0,"key":"SkillPotion"},{"floor":40.0,"key":"Dexterity Potion"},{"floor":47.0,"key":"Block Potion"}],"is_trial":false,"path_per_floor":["M","M","?","M","T","R","M","R","T","M","$","E","?","M","R","B",null,"M","?","M","?","M","R","$","R","T","?","M","M","R","M","R","B",null,"M","$","M","?","?","M","R","$","T","R","M","M","M","M","R","B"],"character_chosen":"IRONCLAD","items_purchased":[],"campfire_rested":3,"item_purchase_floors":[],"current_hp_per_floor":[78,78,78,78,78,78,74,74,74,72,72,62,62,56,56,34,80,80,65,63,63,51,51,51,51,51,51,32,28,28,28,53,11,85,85,85,70,59,59,35,60,60,60,60,26,24,7,7,32,12],"gold":24,"neow_bonus":"BOSS_RELIC","is_prod":false,"is_daily":false,"chose_seed":false,"campfire_upgraded":7,"win_rate":0,"timestamp":1548313640,"path_taken":["M","M","?","?","?","R","M","R","T","M","$","E","?","M","R","BOSS","M","?","M","?","M","R","$","R","T","?","M","M","R","M","R","BOSS","M","$","M","?","?","M","R","$","T","R","M","M","M","M","R","BOSS"],"build_version":"2019-01-23","purchased_purges":1,"victory":false,"max_hp_per_floor":[80,80,80,80,80,80,80,80,80,80,80,80,80,80,80,80,80,80,85,85,85,85,85,85,85,85,85,85,85,85,85,85,85,85,85,85,85,85,85,85,85,85,85,85,85,85,85,85,85,85],"card_choices":[{"not_picked":["Hemokinesis","Cleave"],"picked":"Clothesline","floor":1.0},{"not_picked":["Pommel Strike","Rage","Entrench"],"picked":"SKIP","floor":2.0},{"not_picked":["Anger","Infernal Blade"],"picked":"Thunderclap","floor":4.0},{"not_picked":["Armaments","Sever Soul"],"picked":"Inflame","floor":7.0},{"not_picked":["Searing Blow","Combust"],"picked":"Headbutt","floor":10.0},{"not_picked":["Armaments","True Grit"],"picked":"Shrug It Off","floor":12.0},{"not_picked":["Spot Weakness","Entrench"],"picked":"Flame Barrier","floor":14.0},{"not_picked":["Immolate","Fiend Fire"],"picked":"Double Tap","floor":16.0},{"not_picked":["Perfected Strike","Iron Wave+1"],"picked":"Carnage","floor":18.0},{"not_picked":["True Grit","Heavy Blade"],"picked":"Ghostly Armor","floor":20.0},{"not_picked":["Berserk","Sword Boomerang+1","Flex"],"picked":"SKIP","floor":22.0},{"not_picked":["Berserk","Flex"],"picked":"Sword Boomerang+1","floor":22.0},{"not_picked":["Inflame","Iron Wave"],"picked":"Spot Weakness","floor":28.0},{"not_picked":["Wild Strike","Body Slam"],"picked":"Shrug It Off","floor":29.0},{"not_picked":["Sword Boomerang+1","True Grit"],"picked":"Inflame","floor":31.0},{"not_picked":["Double Tap","Juggernaut"],"picked":"Reaper","floor":33.0},{"not_picked":["Heavy Blade","Intimidate+1","Cleave"],"picked":"SKIP","floor":35.0},{"not_picked":["Seeing Red+1","Dropkick","Body Slam"],"picked":"SKIP","floor":37.0},{"not_picked":["Clash+1","Sword Boomerang"],"picked":"Headbutt","floor":40.0},{"not_picked":["Headbutt+1","Blood for Blood+1"],"picked":"Shockwave","floor":45.0},{"not_picked":["Hemokinesis","Whirlwind+1","Fire Breathing+1"],"picked":"SKIP","floor":46.0},{"not_picked":["Sword Boomerang+1","Warcry+1"],"picked":"Battle Trance+1","floor":47.0},{"not_picked":["Warcry+1","Twin Strike+1","Heavy Blade+1"],"picked":"SKIP","floor":48.0},{"not_picked":["Twin Strike+1","Heavy Blade+1"],"picked":"Warcry+1","floor":48.0}],"player_experience":288778,"relics_obtained":[],"event_choices":[{"damage_healed":0.0,"max_hp_gain":0.0,"max_hp_loss":0.0,"gold_gain":0.0,"event_name":"Match and Keep!","player_choice":"1 cards matched","floor":3.0,"gold_loss":0.0,"damage_taken":0.0,"cards_obtained":["Enlightenment"]},{"cards_removed":["Strike_R"],"damage_healed":0.0,"max_hp_gain":0.0,"max_hp_loss":0.0,"gold_gain":0.0,"event_name":"Bonfire Elementals","player_choice":"Offered Basic","floor":13.0,"gold_loss":0.0,"damage_taken":0.0},{"damage_healed":0.0,"max_hp_gain":5.0,"max_hp_loss":0.0,"gold_gain":0.0,"event_name":"Forgotten Altar","player_choice":"Shed Blood","floor":19.0,"gold_loss":0.0,"damage_taken":20.0},{"damage_healed":0.0,"max_hp_gain":0.0,"max_hp_loss":0.0,"gold_gain":0.0,"event_name":"The Mausoleum","player_choice":"Ignored","floor":21.0,"gold_loss":0.0,"damage_taken":0.0},{"damage_healed":0.0,"max_hp_gain":0.0,"max_hp_loss":0.0,"gold_gain":0.0,"cards_transformed":["Defend_R","Strike_R"],"event_name":"Drug Dealer","player_choice":"Became Test Subject","floor":27.0,"gold_loss":0.0,"damage_taken":0.0,"cards_obtained":["Infernal Blade","Warcry"]},{"damage_healed":0.0,"max_hp_gain":0.0,"max_hp_loss":0.0,"gold_gain":0.0,"event_name":"Winding Halls","player_choice":"Embrace Madness","floor":38.0,"gold_loss":0.0,"damage_taken":11.0,"cards_obtained":["Madness","Madness"]},{"cards_removed":["Strike_R"],"damage_healed":0.0,"max_hp_gain":0.0,"max_hp_loss":0.0,"gold_gain":0.0,"event_name":"Falling","player_choice":"Removed Attack","floor":39.0,"gold_loss":0.0,"damage_taken":0.0}],"is_beta":false,"boss_relics":[{"not_picked":["Lizard Tail","Philosopher\u0027s Stone","Eternal Feather"]},{"not_picked":["Coffee Dripper","Runic Cube","White Beast Statue"]}],"items_purged_floors":[11],"is_endless":false,"potions_floor_spawned":[1,4,12,14,16,18,20,33,37,40,47],"killed_by":"Donu and Deca","ascension_level":0}