{"gold_per_floor":[112,130,130,140,155,155,155,155,155,155,155,29,29,60,60,160,160,174,174,185,110,120,153,153,186,186,186,198,209,291,301,301,399,399,418,418,105,118,68,80,80,95,165,165,47,47,67,80,80,80,80,80,30,65,65],"floor_reached":55,"playtime":7347,"items_purged":["Strike_R","Strike_R","Anger","Defend_R","Defend_R"],"score":926,"play_id":"31520791-c5a6-4d48-a156-a0c65f465483","local_time":"20190405161824","is_ascension_mode":true,"campfire_choices":[{"data":"Body Slam","floor":6,"key":"SMITH"},{"floor":8,"key":"RECALL"},{"data":"Pommel Strike","floor":10,"key":"SMITH"},{"data":"Armaments","floor":15,"key":"SMITH"},{"floor":24,"key":"REST"},{"floor":27,"key":"REST"},{"floor":32,"key":"REST"},{"data":"Barricade","floor":41,"key":"SMITH"},{"floor":46,"key":"REST"},{"data":"Demon Form","floor":49,"key":"SMITH"},{"data":"Heavy Blade","floor":52,"key":"SMITH"}],"neow_cost":"NONE","seed_source_timestamp":529765696602700,"circlet_count":0,"master_deck":["Defend_R","Defend_R","Bash+1","Pommel Strike+1","Ghostly Armor","Body Slam+1","Disarm","Armaments+1","Shrug It Off","Impervious","True Grit+1","Demon Form+1","Shrug It Off+1","Heavy Blade+1","True Grit+1","Barricade+1","Shrug It Off","Madness","Feel No Pain+1","Madness","Madness","Offering","Impervious","Body Slam+1"],"relics":["Burning Blood","Blood Vial","Sundial","Runic Dome","Pen Nib","Shuriken","Smiling Mask","Ornamental Fan","Runic Pyramid","Vajra","Meat on the Bone","Bronze Scales"],"potions_floor_usage":[5,25,25,31,33,40,42,48],"damage_taken":[{"damage":0,"enemies":"Small Slimes","floor":1,"turns":3},{"damage":6,"enemies":"Cultist","floor":2,"turns":3},{"damage":3,"enemies":"Jaw Worm","floor":4,"turns":3},{"damage":2,"enemies":"Exordium Wildlife","floor":5,"turns":3},{"damage":16,"enemies":"Lagavulin","floor":14,"turns":4},{"damage":16,"enemies":"The Guardian","floor":16,"turns":11},{"damage":21,"enemies":"2 Thieves","floor":18,"turns":4},{"damage":8,"enemies":"3 Byrds","floor":20,"turns":8},{"damage":9,"enemies":"3 Cultists","floor":22,"turns":7},{"damage":54,"enemies":"Gremlin Leader","floor":23,"turns":7},{"damage":17,"enemies":"Book of Stabbing","floor":25,"turns":7},{"damage":35,"enemies":"Cultist and Chosen","floor":28,"turns":9},{"damage":0,"enemies":"Snake Plant","floor":29,"turns":7},{"damage":10,"enemies":"Centurion and Healer","floor":31,"turns":6},{"damage":21,"enemies":"Champ","floor":33,"turns":10},{"damage":0,"enemies":"Orb Walker","floor":35,"turns":5},{"damage":31,"enemies":"3 Shapes","floor":38,"turns":4},{"damage":10,"enemies":"Spire Growth","floor":40,"turns":6},{"damage":4,"enemies":"Transient","floor":42,"turns":5},{"damage":26,"enemies":"Jaw Worm Horde","floor":47,"turns":5},{"damage":6,"enemies":"Sphere and 2 Shapes","floor":48,"turns":6},{"damage":7,"enemies":"Donu and Deca","floor":50,"turns":8},{"damage":53,"enemies":"Shield and Spear","floor":54,"turns":9}],"seed_played":"-6000747017929066461","potions_obtained":[{"floor":4,"key":"FearPotion"},{"floor":22,"key":"GamblersBrew"},{"floor":23,"key":"SteroidPotion"},{"floor":29,"key":"SteroidPotion"},{"floor":31,"key":"SteroidPotion"},{"floor":33,"key":"Ancient Potion"},{"floor":35,"key":"Ancient Potion"},{"floor":40,"key":"SpeedPotion"}],"is_trial":false,"path_per_floor":["M","M","?","M","M","R","?","R","T","R","T","$","$","E","R","B",null,"M","?","M","$","M","E","R","E","T","R","M","M","T","M","R","B",null,"M","?","$","M","$","M","R","M","T","?","$","R","M","M","R","B",null,"R","$","E","B"],"character_chosen":"IRONCLAD","items_purchased":["Disarm","Armaments","Vajra","Shrug It Off","Madness","Offering"],"campfire_rested":4,"item_purchase_floors":[12,12,37,37,37,45],"current_hp_per_floor":[80,80,80,80,80,80,80,80,80,80,80,80,80,70,70,62,80,65,65,65,65,64,18,42,33,33,57,30,38,38,36,60,47,80,80,80,80,55,55,53,53,57,57,47,47,71,53,55,55,56,80,80,80,45,0],"gold":65,"neow_bonus":"UPGRADE_CARD","is_prod":false,"is_daily":false,"chose_seed":false,"campfire_upgraded":6,"win_rate":0,"timestamp":1554495504,"path_taken":["M","M","?","M","?","R","?","R","T","R","?","?","$","E","R","BOSS","M","?","?","?","M","E","R","E","T","R","M","M","?","?","R","BOSS","M","?","$","?","$","M","R","M","T","?","?","R","M","M","R","BOSS","R","$","E","BOSS"],"build_version":"2019-01-23","purchased_purges":5,"victory":false,"max_hp_per_floor":[80,80,80,80,80,80,80,80,80,80,80,80,80,80,80,80,80,80,80,80,80,80,80,80,80,80,80,80,80,80,80,80,80,80,80,80,80,80,80,80,80,80,80,80,80,80,80,80,80,80,80,80,80,80,80],"card_choices":[{"not_picked":["Heavy Blade","Pummel"],"picked":"Pommel Strike","floor":1},{"not_picked":["Headbutt","Cleave"],"picked":"Ghostly Armor","floor":2},{"not_picked":["Cleave","Warcry"],"picked":"Anger","floor":4},{"not_picked":["Carnage","Sword Boomerang"],"picked":"Body Slam","floor":5},{"not_picked":["Dark Embrace","Spot Weakness"],"picked":"Shrug It Off","floor":14},{"not_picked":["Juggernaut","Limit Break"],"picked":"Impervious","floor":16},{"not_picked":["Rupture","Headbutt"],"picked":"True Grit+1","floor":18},{"not_picked":["Evolve","Infernal Blade+1","Clash+1"],"picked":"SKIP","floor":20},{"not_picked":["Clothesline","Flex+1","Combust"],"picked":"SKIP","floor":22},{"not_picked":["Flex","Demon Form"],"picked":"Shrug It Off+1","floor":23},{"not_picked":["Bloodletting+1","Perfected Strike","Dark Embrace"],"picked":"SKIP","floor":25},{"not_picked":["Spot Weakness+1","Twin Strike+1","Rampage"],"picked":"SKIP","floor":28},{"not_picked":["Sword Boomerang+1","Warcry"],"picked":"Heavy Blade","floor":29},{"not_picked":["Flex","Thunderclap"],"picked":"True Grit+1","floor":31},{"not_picked":["Fiend Fire","Juggernaut"],"picked":"Barricade","floor":33},{"not_picked":["Fire Breathing+1","Perfected Strike+1","True Grit"],"picked":"SKIP","floor":35},{"not_picked":["Anger+1","Clash+1","Twin Strike+1"],"picked":"SKIP","floor":38},{"not_picked":["Flex","Cleave+1","Thunderclap"],"picked":"SKIP","floor":40},{"not_picked":["Armaments+1","Iron Wave"],"picked":"Feel No Pain+1","floor":42},{"not_picked":["Rage","Anger","Thunderclap"],"picked":"SKIP","floor":47},{"not_picked":["Body Slam","Clothesline+1"],"picked":"Impervious","floor":48},{"not_picked":["True Grit","Clash"],"picked":"Body Slam+1","floor":54}],"player_experience":148438,"relics_obtained":[{"floor":9,"key":"Blood Vial"},{"floor":14,"key":"Sundial"},{"floor":23,"key":"Pen Nib"},{"floor":25,"key":"Shuriken"},{"floor":26,"key":"Smiling Mask"},{"floor":30,"key":"Ornamental Fan"},{"floor":43,"key":"Meat on the Bone"},{"floor":54,"key":"Bronze Scales"}],"event_choices":[{"cards_removed":["Strike_R"],"damage_healed":0,"gold_gain":0,"player_choice":"Offered Basic","damage_taken":0,"max_hp_gain":0,"max_hp_loss":0,"event_name":"Bonfire Elementals","floor":3,"gold_loss":0},{"cards_removed":["Strike_R"],"damage_healed":0,"gold_gain":0,"player_choice":"Forget","damage_taken":0,"max_hp_gain":0,"max_hp_loss":0,"event_name":"Living Wall","floor":7,"gold_loss":0},{"damage_healed":0,"gold_gain":0,"player_choice":"1 cards matched","damage_taken":0,"max_hp_gain":0,"max_hp_loss":0,"event_name":"Match and Keep!","floor":19,"gold_loss":0,"cards_obtained":["Demon Form"]},{"cards_removed":["Strike_R"],"damage_healed":0,"gold_gain":0,"player_choice":"Purged","damage_taken":0,"max_hp_gain":0,"max_hp_loss":0,"event_name":"Purifier","floor":36,"gold_loss":0},{"damage_healed":0,"gold_gain":0,"player_choice":"Embrace Madness","damage_taken":10,"max_hp_gain":0,"max_hp_loss":0,"event_name":"Winding Halls","floor":44,"gold_loss":0,"cards_obtained":["Madness","Madness"]}],"is_beta":false,"boss_relics":[{"not_picked":["Black Star","Lizard Tail"],"picked":"Runic Dome"},{"not_picked":["White Beast Statue","Busted Crown"],"picked":"Runic Pyramid"}],"items_purged_floors":[21,37,39,45,53],"is_endless":false,"potions_floor_spawned":[4,22,23,29,31,33,35,40],"killed_by":"The Heart","ascension_level":1}