{"gold_per_floor":[116,134,147,147,164,164,176,176,200,234,251,285,285,317,317,394,394,413,430,154,166,166,197,215,244,268,293,293,318,338,338,338,413,413,432,448,448,89,105,105,139,152,175,185,185,220,220,21,21,21],"floor_reached":50,"playtime":5003,"items_purged":["Pain","Strike_G"],"score":993,"play_id":"9abf6adb-03ac-4ba0-8d1b-a879497ffacd","local_time":"20190401124254","is_ascension_mode":true,"campfire_choices":[{"data":"Infinite Blades","floor":6,"key":"SMITH"},{"data":"Neutralize","floor":8,"key":"SMITH"},{"floor":13,"key":"REST"},{"floor":15,"key":"REST"},{"floor":28,"key":"REST"},{"floor":32,"key":"REST"},{"floor":40,"key":"REST"},{"floor":47,"key":"REST"},{"floor":49,"key":"RECALL"}],"neow_cost":"NONE","seed_source_timestamp":1425888830647767,"circlet_count":0,"master_deck":["AscendersBane","Defend_G","Defend_G","Defend_G","Defend_G","Strike_G","Strike_G","Survivor","Neutralize+1","Infinite Blades+1","Predator","Slice","Dodge and Roll","Dagger Spray","PiercingWail","Malaise","All Out Attack","Adrenaline","Noxious Fumes+1","Escape Plan+1","Skewer+1","Crippling Poison","Backflip","Footwork+1","Cloak And Dagger","Endless Agony","Dodge and Roll+1","A Thousand Cuts","Backstab","PiercingWail","RitualDagger","Night Terror","Infinite Blades","Caltrops"],"relics":["Ring of the Snake","Pen Nib","Blood Vial","Oddly Smooth Stone","Kunai","Astrolabe","PreservedInsect","Strawberry","Torii","Potion Belt","Ice Cream","Orichalcum","Busted Crown","WarpedTongs","Bag of Marbles","Happy Flower","Anchor"],"potions_floor_usage":[7,12,12,23,27,33,41],"damage_taken":[{"damage":0,"enemies":"2 Louse","floor":1,"turns":3},{"damage":0,"enemies":"Cultist","floor":2,"turns":5},{"damage":2,"enemies":"Jaw Worm","floor":3,"turns":5},{"damage":8,"enemies":"Blue Slaver","floor":5,"turns":4},{"damage":7,"enemies":"Gremlin Gang","floor":7,"turns":6},{"damage":32,"enemies":"Gremlin Nob","floor":10,"turns":5},{"damage":11,"enemies":"Large Slime","floor":11,"turns":6},{"damage":7,"enemies":"3 Sentries","floor":12,"turns":6},{"damage":21,"enemies":"Gremlin Nob","floor":14,"turns":5},{"damage":8,"enemies":"The Guardian","floor":16,"turns":12},{"damage":0,"enemies":"Shell Parasite","floor":18,"turns":8},{"damage":0,"enemies":"3 Byrds","floor":19,"turns":4},{"damage":10,"enemies":"Snake Plant","floor":21,"turns":10},{"damage":31,"enemies":"Slavers","floor":23,"turns":6},{"damage":7,"enemies":"Snecko","floor":24,"turns":8},{"damage":25,"enemies":"Gremlin Leader","floor":25,"turns":7},{"damage":1,"enemies":"Slavers","floor":27,"turns":5},{"damage":2,"enemies":"Gremlin Leader","floor":29,"turns":6},{"damage":11,"enemies":"Sentry and Sphere","floor":30,"turns":6},{"damage":48,"enemies":"Champ","floor":33,"turns":15},{"damage":1,"enemies":"3 Shapes","floor":35,"turns":4},{"damage":7,"enemies":"3 Darklings","floor":36,"turns":4},{"damage":12,"enemies":"Jaw Worm Horde","floor":39,"turns":3},{"damage":15,"enemies":"Giant Head","floor":41,"turns":9},{"damage":3,"enemies":"Writhing Mass","floor":42,"turns":9},{"damage":14,"enemies":"Sphere and 2 Shapes","floor":44,"turns":6},{"damage":20,"enemies":"Nemesis","floor":46,"turns":7},{"damage":77,"enemies":"Donu and Deca","floor":50,"turns":10}],"seed_played":"2698729369369334871","potions_obtained":[{"floor":1,"key":"Energy Potion"},{"floor":3,"key":"Dexterity Potion"},{"floor":7,"key":"Explosive Potion"},{"floor":14,"key":"GhostInAJar"},{"floor":16,"key":"AttackPotion"},{"floor":29,"key":"AttackPotion"},{"floor":30,"key":"LiquidBronze"},{"floor":33,"key":"SpeedPotion"},{"floor":36,"key":"Swift Potion"},{"floor":46,"key":"SteroidPotion"}],"is_trial":false,"path_per_floor":["?","?","M","?","?","M","?"],"character_chosen":"THE_SILENT","items_purchased":["Footwork","PreservedInsect","Cloak And Dagger","Infinite Blades","SmokeBomb","Bag of Marbles","Energy Potion","Energy Potion"],"campfire_rested":6,"item_purchase_floors":[20,20,20,38,38,38,48,48],"current_hp_per_floor":[70,70,68,68,60,60,53,53,53,21,12,7,30,11,34,28,65,67,69,69,61,61,39,34,11,11,12,37,37,28,22,47,1,63,64,59,59,59,49,74,61,60,60,48,48,30,55,55,55,0],"gold":21,"neow_bonus":"TEN_PERCENT_HP_BONUS","is_prod":false,"is_daily":false,"chose_seed":false,"campfire_upgraded":2,"win_rate":0,"timestamp":1554136974,"path_taken":["M","M","M","?","M","R","M","R","T","E","M","E","R","E","R","BOSS","M","M","$","M","?","E","?","E","T","E","R","E","M","?","R","BOSS","M","M","?","$","M","R","E","?","T","M","?","E","R","$","R","BOSS"],"build_version":"2019-01-23","purchased_purges":2,"victory":false,"max_hp_per_floor":[77,77,77,77,77,77,77,77,77,77,77,77,77,77,77,77,77,77,77,77,77,77,84,84,84,84,84,84,84,84,84,84,84,84,84,84,84,84,84,84,84,84,84,84,84,84,84,84,84,84],"card_choices":[{"not_picked":["Underhanded Strike","Bouncing Flask"],"picked":"Infinite Blades","floor":1},{"not_picked":["Outmaneuver","Reflex"],"picked":"Bouncing Flask","floor":2},{"not_picked":["Flying Knee","Blade Dance"],"picked":"Predator","floor":3},{"not_picked":["Phantasmal Killer","Prepared"],"picked":"Slice","floor":5},{"not_picked":["Escape Plan","Bane"],"picked":"Dodge and Roll","floor":7},{"not_picked":["Bane","Quick Slash"],"picked":"Dagger Spray","floor":10},{"not_picked":["Acrobatics","Outmaneuver"],"picked":"PiercingWail","floor":11},{"not_picked":["Slice","Flechettes"],"picked":"Malaise","floor":12},{"not_picked":["Prepared","Outmaneuver"],"picked":"All Out Attack","floor":14},{"not_picked":["After Image","Corpse Explosion"],"picked":"Adrenaline","floor":16},{"not_picked":["Outmaneuver","Expertise"],"picked":"Crippling Poison","floor":18},{"not_picked":["Bane+1","Concentrate"],"picked":"Backflip","floor":19},{"not_picked":["Crippling Poison+1","Underhanded Strike"],"picked":"Endless Agony","floor":21},{"not_picked":["Calculated Gamble","Outmaneuver"],"picked":"Dodge and Roll+1","floor":23},{"not_picked":["Eviscerate","Finisher"],"picked":"A Thousand Cuts","floor":24},{"not_picked":["Blade Dance","Heel Hook+1","Poisoned Stab"],"picked":"SKIP","floor":25},{"not_picked":["Blade Dance+1","Acrobatics","Sucker Punch"],"picked":"SKIP","floor":27},{"not_picked":["Terror","Flying Knee"],"picked":"Backstab","floor":29},{"not_picked":["Acrobatics+1","Bouncing Flask"],"picked":"PiercingWail","floor":30},{"not_picked":["Phantasmal Killer","After Image"],"picked":"Night Terror","floor":33},{"not_picked":["Reflex+1"],"picked":"SKIP","floor":35},{"not_picked":["Dagger Spray"],"picked":"SKIP","floor":36},{"not_picked":[],"picked":"Caltrops","floor":39},{"not_picked":["Glass Knife"],"picked":"SKIP","floor":41},{"not_picked":["Expertise"],"picked":"SKIP","floor":42},{"not_picked":["PiercingWail"],"picked":"SKIP","floor":44},{"not_picked":["Deadly Poison+1"],"picked":"SKIP","floor":46}],"player_experience":1365578,"relics_obtained":[{"floor":9,"key":"Pen Nib"},{"floor":10,"key":"Blood Vial"},{"floor":12,"key":"Oddly Smooth Stone"},{"floor":14,"key":"Kunai"},{"floor":23,"key":"Strawberry"},{"floor":25,"key":"Torii"},{"floor":26,"key":"Potion Belt"},{"floor":27,"key":"Ice Cream"},{"floor":29,"key":"Orichalcum"},{"floor":41,"key":"Happy Flower"},{"floor":46,"key":"Anchor"}],"event_choices":[{"damage_healed":0,"gold_gain":0,"player_choice":"Got Potions","damage_taken":0,"max_hp_gain":0,"max_hp_loss":0,"event_name":"Lab","floor":4,"gold_loss":0},{"damage_healed":0,"gold_gain":0,"player_choice":"Upgraded","damage_taken":0,"max_hp_gain":0,"max_hp_loss":0,"event_name":"Upgrade Shrine","floor":22,"gold_loss":0,"cards_upgraded":["Footwork"]},{"damage_healed":0,"gold_gain":0,"player_choice":"Joined the Cult","damage_taken":6,"max_hp_gain":0,"max_hp_loss":0,"event_name":"Nest","floor":31,"gold_loss":0,"cards_obtained":["RitualDagger"]},{"damage_healed":0,"gold_gain":0,"player_choice":"Rummage","damage_taken":0,"relics_obtained":["WarpedTongs"],"max_hp_gain":0,"max_hp_loss":0,"event_name":"Accursed Blacksmith","floor":37,"gold_loss":0,"cards_obtained":["Pain"]},{"cards_removed":["Defend_G"],"damage_healed":0,"gold_gain":0,"player_choice":"Removed Skill","damage_taken":0,"max_hp_gain":0,"max_hp_loss":0,"event_name":"Falling","floor":45,"gold_loss":0}],"is_beta":false,"boss_relics":[{"not_picked":["Empty Cage","Snecko Eye"],"picked":"Astrolabe"},{"not_picked":["Cursed Key","Calling Bell"],"picked":"Busted Crown"}],"items_purged_floors":[38,48],"is_endless":false,"potions_floor_spawned":[1,3,7,11,14,16,21,29,30,33,36,46],"killed_by":"Donu and Deca","ascension_level":13}