{"gold_per_floor":[110,124,124,140,158,158,63,63,138,155,185,185,195,208,208,308,308,320,320,175,100,119,119,154,169,221,233,251,251,183],"floor_reached":30,"playtime":1792,"items_purged":[],"score":254,"play_id":"158eded9-7157-480f-8c4c-60634620c78a","local_time":"20180724012615","is_ascension_mode":false,"campfire_choices":[{"data":"Flex","floor":6.0,"key":"SMITH"},{"data":"Discovery","floor":15.0,"key":"SMITH"},{"data":"Brutality","floor":23,"key":"SMITH"}],"neow_cost":"FIFTY_PERCENT_DAMAGE","seed_source_timestamp":0,"circlet_count":0,"master_deck":["Strike_R","Strike_R+1","Strike_R","Strike_R","Defend_R","Defend_R","Defend_R","Defend_R","Bash","Impervious","Shrug It Off+1","Flex+1","Warcry+1","Clash","Discovery+1","Clash","Spot Weakness+1","Dropkick","Clash","Brutality+1","Hemokinesis+1","Iron Wave+1","Inflame+1","Thunderclap+1","Dropkick+1"],"special_seed":0,"relics":["Burning Blood","Blood Vial","Letter Opener","Meat on the Bone","Eternal Feather","War Paint","Molten Egg 2","Strawberry","Nilry\u0027s Codex"],"potions_floor_usage":[22,24],"damage_taken":[{"damage":2.0,"enemies":"Small Slimes","floor":1.0,"turns":4.0},{"damage":0.0,"enemies":"Jaw Worm","floor":2.0,"turns":6.0},{"damage":0.0,"enemies":"2 Louse","floor":4.0,"turns":4.0},{"damage":10.0,"enemies":"Large Slime","floor":5.0,"turns":7.0},{"damage":6.0,"enemies":"Exordium Wildlife","floor":10.0,"turns":3.0},{"damage":18.0,"enemies":"Gremlin Nob","floor":11.0,"turns":3.0},{"damage":3.0,"enemies":"Exordium Thugs","floor":13.0,"turns":5.0},{"damage":10.0,"enemies":"Large Slime","floor":14.0,"turns":5.0},{"damage":16.0,"enemies":"The Guardian","floor":16.0,"turns":7.0},{"damage":13,"enemies":"3 Byrds","floor":18,"turns":6},{"damage":1,"enemies":"Shell Parasite","floor":22,"turns":2},{"damage":43,"enemies":"Slavers","floor":24,"turns":5},{"damage":20,"enemies":"Cultist and Chosen","floor":25,"turns":5},{"damage":44,"enemies":"Slaver and Parasite","floor":27,"turns":6},{"damage":18,"enemies":"Centurion and Healer","floor":28,"turns":4}],"seed_played":"7642982495717026613","potions_obtained":[{"floor":4.0,"key":"SkillPotion"},{"floor":11.0,"key":"AttackPotion"},{"floor":13.0,"key":"FearPotion"},{"floor":14.0,"key":"Regen Potion"},{"floor":18,"key":"Regen Potion"}],"is_trial":false,"path_per_floor":["M","M","?","M","M","R","$","?","T","M","E","?","M","M","R","B",null,"M","?","$","?","M","R","E","M","T","M","M","?"],"character_chosen":"IRONCLAD","items_purchased":["Discovery","War Paint","Dropkick+1"],"campfire_rested":0,"item_purchase_floors":[7,20,30],"current_hp_per_floor":[44,50,43,51,49,49,49,49,49,51,41,25,42,52,52,56,80,73,73,73,73,80,80,58,58,65,41,43,27,27],"gold":183,"neow_bonus":"THREE_RARE_CARDS","is_prod":false,"is_daily":false,"chose_seed":false,"campfire_upgraded":3,"win_rate":0,"timestamp":1532409975,"path_taken":["M","M","?","M","M","R","$","?","T","M","E","?","?","M","R","BOSS","M","?","$","?","M","R","E","M","T","M","M","?","$"],"build_version":"2018-07-19","purchased_purges":0,"victory":false,"max_hp_per_floor":[80,80,80,80,80,80,80,80,80,80,80,80,80,80,80,80,80,80,80,80,80,80,80,83,83,90,90,90,90,90],"card_choices":[{"not_picked":["Fiend Fire","Berserk"],"picked":"Impervious","floor":0.0},{"not_picked":["True Grit","Feel No Pain"],"picked":"Shrug It Off","floor":1.0},{"not_picked":["Second Wind","Perfected Strike"],"picked":"Flex","floor":2.0},{"not_picked":["Blood for Blood","Sentinel"],"picked":"Warcry","floor":4.0},{"not_picked":["Havoc","Perfected Strike"],"picked":"Clash","floor":5.0},{"not_picked":["Searing Blow","Feel No Pain"],"picked":"Clash","floor":10.0},{"not_picked":["Battle Trance","Dark Embrace"],"picked":"Spot Weakness","floor":11.0},{"not_picked":["Perfected Strike","Rupture"],"picked":"Dropkick","floor":13.0},{"not_picked":["Ghostly Armor","Perfected Strike"],"picked":"Clash","floor":14.0},{"not_picked":["Dark Embrace","Barricade"],"picked":"Brutality","floor":16.0},{"not_picked":["Battle Trance","Wild Strike"],"picked":"Hemokinesis+1","floor":18},{"not_picked":["Fire Breathing+1","True Grit"],"picked":"Iron Wave+1","floor":22},{"not_picked":["Body Slam","True Grit"],"picked":"Inflame+1","floor":24},{"not_picked":["Cleave+1","Havoc","Sword Boomerang+1"],"picked":"SKIP","floor":25},{"not_picked":["Headbutt+1","Perfected Strike+1","Cleave+1"],"picked":"SKIP","floor":27},{"not_picked":["Shockwave","Dual Wield"],"picked":"Thunderclap+1","floor":28}],"player_experience":122015,"relics_obtained":[{"floor":9.0,"key":"Letter Opener"},{"floor":11.0,"key":"Meat on the Bone"},{"floor":24,"key":"Molten Egg 2"},{"floor":26,"key":"Strawberry"},{"floor":29,"key":"Nilry\u0027s Codex"}],"event_choices":[{"event_name":"Scrap Ooze","player_choice":"success","floor":3.0,"damage_taken":7.0},{"event_name":"Living Wall","player_choice":"Change","floor":8.0,"damage_taken":0.0},{"event_name":"Shining Light","player_choice":"Entered Light","floor":12.0,"damage_taken":0.0},{"event_name":"The Woman in Blue","player_choice":"Bought 0 Potions","floor":19,"damage_taken":0},{"event_name":"Beggar","player_choice":"Gave Gold","floor":21,"damage_taken":0},{"event_name":"Cursed Tome","player_choice":"Obtained Book","floor":29,"damage_taken":0}],"is_beta":true,"boss_relics":[{"not_picked":["Empty Cage","Tiny House"],"picked":"Eternal Feather"}],"items_purged_floors":[],"is_endless":false,"potions_floor_spawned":[4,11,13,14,18],"ascension_level":0}