{"gold_per_floor":[114,131,131,148,162,162,176,176,201,211,211,224,3,18,18,114,114,126,140,65,77,0,0,0,19,42,42,54,54,54,72,72,72],"floor_reached":33,"playtime":986,"items_purged":[],"score":243,"play_id":"fb107e3b-257f-416c-a178-63193e6a188b","local_time":"20190211151915","is_ascension_mode":false,"campfire_choices":[{"data":"Rupture","floor":8,"key":"SMITH"},{"floor":15,"key":"REST"},{"floor":23,"key":"REST"},{"data":"Limit Break","floor":27,"key":"SMITH"},{"floor":29,"key":"REST"},{"floor":32,"key":"REST"}],"neow_cost":"NONE","seed_source_timestamp":1133801081402285,"circlet_count":0,"master_deck":["Strike_R","Strike_R","Strike_R","Strike_R","Defend_R","Defend_R","Defend_R","Defend_R","Bash","Fiend Fire","Shrug It Off","Rupture+1","Offering","Spot Weakness","Combust","Ghostly Armor","Limit Break+1","Offering","Heavy Blade","Feed","Sword Boomerang","Shockwave","Combust","Flex","Heavy Blade","Shrug It Off+1","Seeing Red","Flex"],"special_seed":0,"relics":["Burning Blood"],"potions_floor_usage":[10,16,19,21,25,31,31,33],"damage_taken":[{"damage":6.0,"enemies":"Jaw Worm","floor":1.0,"turns":2.0},{"damage":0.0,"enemies":"Small Slimes","floor":2.0,"turns":3.0},{"damage":0,"enemies":"2 Louse","floor":4,"turns":2},{"damage":8,"enemies":"Large Slime","floor":5,"turns":5},{"damage":15,"enemies":"Looter","floor":7,"turns":3},{"damage":13,"enemies":"Red Slaver","floor":10,"turns":2},{"damage":22,"enemies":"Lots of Slimes","floor":12,"turns":4},{"damage":14,"enemies":"Gremlin Gang","floor":14,"turns":4},{"damage":32,"enemies":"Slime Boss","floor":16,"turns":8},{"damage":18,"enemies":"Shell Parasite","floor":18,"turns":3},{"damage":19,"enemies":"Spheric Guardian","floor":19,"turns":3},{"damage":17,"enemies":"Chosen and Byrds","floor":21,"turns":5},{"damage":25,"enemies":"3 Cultists","floor":25,"turns":4},{"damage":33,"enemies":"Shelled Parasite and Fungi","floor":28,"turns":4},{"damage":39,"enemies":"Colosseum Slavers","floor":30,"turns":3},{"damage":14,"enemies":"Snake Plant","floor":31,"turns":3},{"damage":52,"enemies":"Collector","floor":33,"turns":5}],"seed_played":"2316514810869227155","potions_obtained":[{"floor":2.0,"key":"SteroidPotion"},{"floor":5,"key":"Strength Potion"},{"floor":7,"key":"Poison Potion"},{"floor":14,"key":"LiquidBronze"},{"floor":16,"key":"GamblersBrew"},{"floor":18,"key":"Strength Potion"},{"floor":25,"key":"PowerPotion"},{"floor":28,"key":"Weak Potion"},{"floor":31,"key":"SpeedPotion"}],"is_trial":false,"path_per_floor":["M","M","?","M","M","?","M","R","T","M","T","M","$","M","R","B",null,"M","M","?","M","$","R","?","M","T","R","M","R","?","M","R","B"],"character_chosen":"IRONCLAD","items_purchased":["Limit Break","Offering","Flex","Heavy Blade"],"campfire_rested":4,"item_purchase_floors":[13,13,22,22],"current_hp_per_floor":[80,80,80,80,78,78,69,69,69,62,62,46,46,38,62,36,80,68,55,55,44,44,68,68,52,52,52,28,53,20,12,37,0],"gold":72,"neow_bonus":"ONE_RANDOM_RARE_CARD","is_prod":false,"is_daily":false,"chose_seed":false,"campfire_upgraded":2,"win_rate":0,"timestamp":1549923555,"path_taken":["M","M","?","M","M","?","M","R","T","M","?","M","?","M","R","BOSS","M","M","?","M","$","R","?","?","T","R","M","R","?","M","R","BOSS"],"build_version":"2019-01-23","purchased_purges":0,"victory":false,"max_hp_per_floor":[80,80,80,80,80,80,80,80,80,80,80,80,80,80,80,80,80,80,80,80,80,80,80,80,83,83,83,86,86,86,86,86,86],"card_choices":[{"not_picked":["Searing Blow","Cleave"],"picked":"Shrug It Off","floor":1.0},{"not_picked":["Havoc","Clothesline"],"picked":"Rupture","floor":2.0},{"not_picked":["Shrug It Off","Anger"],"picked":"Offering","floor":4},{"not_picked":["Clash","Havoc"],"picked":"Spot Weakness","floor":5},{"not_picked":["Warcry","Havoc","Metallicize"],"picked":"SKIP","floor":7},{"not_picked":["Whirlwind","Clothesline"],"picked":"Combust","floor":10},{"not_picked":["Warcry","Sword Boomerang"],"picked":"Ghostly Armor","floor":12},{"not_picked":["Warcry","Entrench"],"picked":"Heavy Blade","floor":14},{"not_picked":["Berserk","Fiend Fire"],"picked":"Feed","floor":16},{"not_picked":["Perfected Strike","Warcry"],"picked":"Sword Boomerang","floor":18},{"not_picked":["Metallicize","Anger"],"picked":"Shockwave","floor":19},{"not_picked":["Thunderclap+1","Havoc"],"picked":"Combust","floor":21},{"not_picked":["Evolve","Cleave"],"picked":"Shrug It Off+1","floor":25},{"not_picked":["Cleave","Iron Wave"],"picked":"Seeing Red","floor":28},{"not_picked":["Burning Pact","Cleave+1"],"picked":"Flex","floor":31}],"player_experience":1434316,"relics_obtained":[],"event_choices":[{"damage_healed":0.0,"max_hp_gain":0.0,"max_hp_loss":0.0,"gold_gain":0.0,"event_name":"Scrap Ooze","player_choice":"Fled","floor":3.0,"gold_loss":0.0,"damage_taken":0.0},{"damage_healed":0,"gold_gain":0,"player_choice":"Ignored","damage_taken":0,"max_hp_gain":0,"max_hp_loss":0,"event_name":"Golden Idol","floor":6,"gold_loss":0},{"cards_removed":["Strike_R"],"damage_healed":0,"gold_gain":0,"player_choice":"Gave Gold","damage_taken":0,"max_hp_gain":0,"max_hp_loss":0,"event_name":"Beggar","floor":20,"gold_loss":75},{"damage_healed":0,"gold_gain":0,"player_choice":"Ignored","damage_taken":0,"max_hp_gain":0,"max_hp_loss":0,"event_name":"Ghosts","floor":24,"gold_loss":0},{"damage_healed":0,"gold_gain":0,"player_choice":"Fight","damage_taken":0,"max_hp_gain":0,"max_hp_loss":0,"event_name":"Colosseum","floor":30,"gold_loss":0},{"damage_healed":0,"gold_gain":0,"player_choice":"Fled From Nobs","damage_taken":0,"max_hp_gain":0,"max_hp_loss":0,"event_name":"Colosseum","floor":30,"gold_loss":0}],"is_beta":false,"boss_relics":[{"not_picked":["Busted Crown","Runic Pyramid","Astrolabe"]}],"items_purged_floors":[],"is_endless":false,"potions_floor_spawned":[2,5,7,14,16,18,25,28,30,31],"killed_by":"Collector","ascension_level":0}