{"gold_per_floor":[110,185,197,274,284,319,319,319,319,345,357,370,370,387,387,387],"floor_reached":16,"playtime":524,"items_purged":[],"score":179,"play_id":"ef34a45b-bd35-4df6-864c-07e5f464a631","local_time":"20181214112904","is_ascension_mode":true,"campfire_choices":[{"data":"Body Slam","floor":7,"key":"SMITH"},{"floor":13,"key":"REST"},{"floor":15,"key":"REST"}],"neow_cost":"NONE","seed_source_timestamp":2001825272025,"circlet_count":0,"master_deck":["AscendersBane","Strike_R","Strike_R","Strike_R","Strike_R","Strike_R","Defend_R","Defend_R+1","Defend_R","Defend_R+1","Bash","Body Slam+1","Twin Strike","Wild Strike","Sword Boomerang","True Grit","Iron Wave","Shrug It Off"],"relics":["Burning Blood","Letter Opener","Peace Pipe","War Paint","Vajra","Happy Flower"],"potions_floor_usage":[6,10,16],"damage_taken":[{"damage":1,"enemies":"Cultist","floor":1,"turns":3},{"damage":2,"enemies":"Jaw Worm","floor":3,"turns":3},{"damage":5,"enemies":"2 Louse","floor":5,"turns":3},{"damage":25,"enemies":"3 Sentries","floor":6,"turns":10},{"damage":40,"enemies":"Lagavulin","floor":10,"turns":6},{"damage":9,"enemies":"Looter","floor":11,"turns":3},{"damage":8,"enemies":"Red Slaver","floor":12,"turns":3},{"damage":29,"enemies":"Exordium Thugs","floor":14,"turns":6},{"damage":51,"enemies":"Slime Boss","floor":16,"turns":9}],"seed_played":"2933392929676272679","potions_obtained":[{"floor":1,"key":"Block Potion"},{"floor":3,"key":"FearPotion"},{"floor":6,"key":"Dexterity Potion"}],"is_trial":false,"path_per_floor":["M","?","M","T","M","E","R","?","T","E","M","M","R","M","R","B"],"character_chosen":"IRONCLAD","items_purchased":[],"campfire_rested":2,"item_purchase_floors":[],"current_hp_per_floor":[85,74,78,78,79,60,60,60,60,26,23,21,47,24,50,0],"gold":387,"neow_bonus":"TEN_PERCENT_HP_BONUS","is_prod":false,"is_daily":false,"chose_seed":false,"campfire_upgraded":1,"win_rate":0,"timestamp":1544812144,"path_taken":["M","?","M","?","?","E","R","?","T","E","M","M","R","M","R","BOSS"],"build_version":"2018-12-13","purchased_purges":0,"victory":false,"max_hp_per_floor":[88,88,88,88,88,88,88,88,88,88,88,88,88,88,88,88],"card_choices":[{"not_picked":["Fire Breathing","Metallicize"],"picked":"Body Slam","floor":1},{"not_picked":["Sever Soul","Havoc"],"picked":"Twin Strike","floor":3},{"not_picked":["Feel No Pain","Fire Breathing","Carnage"],"picked":"SKIP","floor":5},{"not_picked":["True Grit","Warcry"],"picked":"Wild Strike","floor":6},{"not_picked":["Infernal Blade","Havoc"],"picked":"Sword Boomerang","floor":10},{"not_picked":["Infernal Blade","Iron Wave"],"picked":"True Grit","floor":11},{"not_picked":["Feel No Pain","Headbutt"],"picked":"Iron Wave","floor":12},{"not_picked":["Heavy Blade","Anger"],"picked":"Shrug It Off","floor":14}],"player_experience":1151888,"relics_obtained":[{"floor":4,"key":"Letter Opener"},{"floor":6,"key":"Peace Pipe"},{"floor":9,"key":"Vajra"},{"floor":10,"key":"Happy Flower"}],"event_choices":[{"damage_healed":0,"gold_gain":75,"player_choice":"Gather Gold","damage_taken":11,"max_hp_gain":0,"max_hp_loss":0,"event_name":"World of Goop","floor":2,"gold_loss":0},{"damage_healed":0,"gold_gain":0,"player_choice":"Searched \u00271\u0027 times","damage_taken":0,"relics_obtained":["War Paint"],"max_hp_gain":0,"max_hp_loss":0,"event_name":"Dead Adventurer","floor":8,"gold_loss":0}],"is_beta":false,"boss_relics":[],"items_purged_floors":[],"is_endless":false,"potions_floor_spawned":[1,3,6],"killed_by":"Slime Boss","ascension_level":12}