{"gold_per_floor":[115,115,190,202,149,149,178,178,178,211,211,221,251,269,269,372,372,385,400,400,55,55,55,74,105,105,59,59,59,79,79,79,183,183,194,0,20,20,20],"floor_reached":39,"playtime":6075,"items_purged":[],"score":461,"play_id":"56746f88-9716-4c3d-aa20-226e32227bce","local_time":"20180822154056","is_ascension_mode":true,"campfire_choices":[{"data":"Backstab","floor":6,"key":"SMITH"},{"floor":8,"key":"REST"},{"floor":11,"key":"REST"},{"data":"Deflect","floor":15,"key":"SMITH"},{"data":"Bouncing Flask","floor":23,"key":"SMITH"},{"floor":28,"key":"REST"},{"floor":32,"key":"REST"}],"neow_cost":"","seed_source_timestamp":478174861414525,"circlet_count":0,"master_deck":["Defend_G","Defend_G","Defend_G","Defend_G","Defend_G","Survivor","Neutralize","Backstab+1","Dagger Throw","Deflect+1","Dagger Throw","Deadly Poison","Acrobatics","Blade Dance","Flying Knee","Venomology","Slice","Noxious Fumes","Noxious Fumes","Cloak And Dagger","Bouncing Flask+1","Distraction+1","Bane+1","Bite+1","Bite+1","Bite+1","Bite+1","Bite+1","Cloak And Dagger+1","Burst","Cloak And Dagger","Finisher+1","Madness","Madness"],"relics":["Ring of the Snake","GremlinMask","Peace Pipe","Mercury Hourglass","Snake Skull","Darkstone Periapt","WristBlade","Molten Egg 2","Ornamental Fan","Question Card","Red Mask"],"potions_floor_usage":[13,16,16,24,24,25,25,30,33,33,33,37,37],"damage_taken":[{"damage":0,"enemies":"Cultist","floor":1,"turns":5},{"damage":0,"enemies":"Small Slimes","floor":4,"turns":5},{"damage":21,"enemies":"3 Sentries","floor":7,"turns":13},{"damage":28,"enemies":"Lagavulin","floor":10,"turns":7},{"damage":0,"enemies":"Jaw Worm","floor":12,"turns":2},{"damage":2,"enemies":"3 Sentries","floor":13,"turns":7},{"damage":0,"enemies":"Looter","floor":14,"turns":3},{"damage":37,"enemies":"Slime Boss","floor":16,"turns":11},{"damage":17,"enemies":"3 Byrds","floor":18,"turns":5},{"damage":0,"enemies":"Chosen","floor":19,"turns":4},{"damage":9,"enemies":"Snecko","floor":24,"turns":4},{"damage":26,"enemies":"Book of Stabbing","floor":25,"turns":6},{"damage":15,"enemies":"Chosen and Byrds","floor":30,"turns":4},{"damage":29,"enemies":"Automaton","floor":33,"turns":8},{"damage":0,"enemies":"Flame Bruiser 1 Orb","floor":35,"turns":5},{"damage":24,"enemies":"3 Darklings","floor":37,"turns":5},{"damage":46,"enemies":"Spire Growth","floor":39,"turns":4}],"seed_played":"18090708855791358","potions_obtained":[{"floor":1,"key":"Dexterity Potion"},{"floor":7,"key":"SpeedPotion"},{"floor":13,"key":"Swift Potion"},{"floor":14,"key":"Block Potion"},{"floor":24,"key":"GhostInAJar"},{"floor":25,"key":"FairyPotion"}],"is_trial":false,"path_per_floor":["M","?","?","M","$","R","E","R","T","E","R","M","E","M","R","B",null,"M","M","?","$","?","R","M","E","T","$","R","?","M","?","R","B",null,"M","?","M","?"],"character_chosen":"THE_SILENT","items_purchased":["Deflect","Noxious Fumes","Cloak And Dagger","Molten Egg 2","Bane+1"],"campfire_rested":4,"item_purchase_floors":[5,21,21,21,27],"current_hp_per_floor":[70,70,59,59,59,59,38,59,59,31,52,52,50,50,50,13,70,53,53,53,53,53,53,44,18,18,18,39,39,33,38,49,38,49,49,49,25,19,0],"gold":20,"neow_bonus":"","is_prod":false,"is_daily":false,"chose_seed":false,"campfire_upgraded":3,"win_rate":0,"timestamp":1534974056,"path_taken":["M","?","?","M","$","R","E","R","T","E","R","?","E","M","R","BOSS","M","M","?","$","?","R","M","E","T","$","R","?","M","?","R","BOSS","M","?","M","?","M"],"build_version":"2018-08-16","purchased_purges":0,"victory":false,"max_hp_per_floor":[70,70,70,70,70,70,70,70,70,70,70,70,70,70,70,70,70,70,70,70,70,70,70,70,70,70,70,70,49,49,49,49,49,49,49,49,49,49,49],"card_choices":[{"not_picked":["Escape Plan","Bane"],"picked":"Backstab","floor":1},{"not_picked":["Choke","Heel Hook"],"picked":"Dagger Throw","floor":4},{"not_picked":["Bane","Bullet Time"],"picked":"Dagger Throw","floor":7},{"not_picked":["Outmaneuver","Dodge and Roll"],"picked":"Deadly Poison","floor":10},{"not_picked":["Blur","A Thousand Cuts"],"picked":"Acrobatics","floor":12},{"not_picked":["Dodge and Roll","Backstab"],"picked":"Blade Dance","floor":13},{"not_picked":["Outmaneuver","Dagger Spray"],"picked":"Flying Knee","floor":14},{"not_picked":["Phantasmal Killer","Unload"],"picked":"Venomology","floor":16},{"not_picked":["Riddle With Holes","Quick Slash"],"picked":"Slice","floor":18},{"not_picked":["Terror","Quick Slash"],"picked":"Noxious Fumes","floor":19},{"not_picked":["Dagger Spray+1","Heel Hook+1"],"picked":"Dagger Throw+1","floor":24},{"not_picked":["Finisher+1","Choke+1"],"picked":"Distraction+1","floor":25},{"not_picked":["Dagger Throw+1","Deflect","Bane+1"],"picked":"Cloak And Dagger+1","floor":30},{"not_picked":["Grand Finale+1","Malaise","Phantasmal Killer"],"picked":"Burst","floor":33},{"not_picked":["Dagger Throw+1","Leg Sweep+1","PiercingWail+1"],"picked":"Cloak And Dagger","floor":35},{"not_picked":["Prepared+1","Dagger Spray+1","Sucker Punch+1"],"picked":"Finisher+1","floor":37}],"player_experience":305080,"relics_obtained":[{"floor":7,"key":"Peace Pipe"},{"floor":9,"key":"Mercury Hourglass"},{"floor":10,"key":"Snake Skull"},{"floor":13,"key":"Darkstone Periapt"},{"floor":25,"key":"Ornamental Fan"},{"floor":26,"key":"Question Card"}],"event_choices":[{"event_name":"FaceTrader","player_choice":"Trade","floor":2,"damage_taken":0},{"event_name":"World of Goop","player_choice":"Gather Gold","floor":3,"damage_taken":0},{"event_name":"Beggar","player_choice":"Ignored","floor":20,"damage_taken":0},{"event_name":"Transmorgrifier","player_choice":"Transform","floor":22,"damage_taken":0},{"event_name":"Vampires","player_choice":"Became a vampire","floor":29,"damage_taken":0},{"event_name":"Bonfire Elementals","player_choice":"COMMON","floor":31,"damage_taken":0},{"event_name":"Tomb of Lord Red Mask","player_choice":"Paid","floor":36,"damage_taken":0},{"event_name":"Winding Halls","player_choice":"Embrace Madness","floor":38,"damage_taken":0}],"is_beta":false,"boss_relics":[{"not_picked":["Ring of the Serpent","Lizard Tail"],"picked":"WristBlade"},{"not_picked":["HoveringKite","Busted Crown","Fusion Hammer"]}],"items_purged_floors":[],"is_endless":false,"potions_floor_spawned":[1,7,13,14,24,25,30],"killed_by":"Spire Growth","ascension_level":1}