{"path_per_floor":["M","?","M","M","?","E","M","R","T","M","M","M","?","$","R","B",null,"M","?","M","M","?","R","?","M","T","M","M","?","M","$","R"],"character_chosen":"IRONCLAD","items_purchased":["Thinking Ahead","Blind","Bloodletting"],"gold_per_floor":[117,117,137,148,148,176,190,190,217,228,245,256,256,2,2,106,106,124,124,143,157,157,157,157,174,174,191,210,210,227,47,47],"floor_reached":33,"campfire_rested":3,"playtime":2942,"current_hp_per_floor":[87,87,84,83,83,63,55,55,55,43,35,33,33,33,74,63,88,78,62,54,26,11,53,53,44,44,28,29,29,24,24,58],"items_purged":["Strike_R"],"gold":47,"play_id":"c9aac7cc-05c3-462a-a3c8-0bb9d7fa59f2","is_prod":false,"is_daily":false,"campfire_rituals":0,"campfire_upgraded":1,"is_hardmode":false,"path_taken":["M","?","M","M","?","E","?","R","T","M","M","M","?","$","R","BOSS","M","?","M","M","?","R","?","M","T","M","M","?","M","$","R","BOSS"],"build_version":"2018-01-04-PROD1","purchased_purges":1,"victory":false,"master_deck":["Defend_R","Defend_R","Defend_R","Defend_R","Bash","Rampage","Offering","Metallicize","Uppercut","Sword Boomerang","Thunderclap","Intimidate","Anger","Thinking Ahead","Impervious","True Grit","Inflame","Dual Wield","Bite_R","Bite_R","Bite_R","Bite_R","Bite_R","Shrug It Off","Clash","Metallicize","Necronomicurse","Seeing Red","Blind","Bloodletting"],"max_hp_per_floor":[88,88,88,88,88,88,88,88,88,88,88,88,88,88,88,88,88,88,88,88,88,93,93,65,65,65,65,65,65,65,65,65],"relics":["Burning Blood","Molten Egg","Regal Pillow","White Beast Statue","Necronomicon","Torii"],"campfire_meditates":0,"card_choices":[{"not_picked":["Reckless Charge","Headbutt"],"picked":"Rampage"},{"not_picked":["Thunderclap","Clothesline"],"picked":"Offering"},{"not_picked":["Twin Strike","Shockwave"],"picked":"Metallicize"},{"not_picked":["Perfected Strike","True Grit"],"picked":"Uppercut"},{"not_picked":["Shrug It Off","Armaments"],"picked":"Sword Boomerang"},{"not_picked":["Heavy Blade","Sever Soul"],"picked":"Thunderclap"},{"not_picked":["Sever Soul","Body Slam"],"picked":"Intimidate"},{"not_picked":["Hemokinesis","Clothesline"],"picked":"Anger"},{"not_picked":["Dark Embrace","Barricade"],"picked":"Impervious"},{"not_picked":["Body Slam","Clothesline"],"picked":"True Grit"},{"not_picked":["Body Slam","Iron Wave"],"picked":"Inflame"},{"not_picked":["Clothesline","Iron Wave"],"picked":"Dual Wield"},{"not_picked":["Juggernaut","Warcry"],"picked":"Shrug It Off"},{"not_picked":["Sever Soul","Headbutt"],"picked":"Clash"},{"not_picked":["Armaments","Body Slam"],"picked":"Metallicize"},{"not_picked":["True Grit","Pommel Strike"],"picked":"Seeing Red"}],"player_experience":6901,"potions_floor_usage":[16,16,16,20,27,28,28,33,33],"damage_taken":[{"damage":7,"enemies":"2 Louse","floor":1,"turns":2},{"damage":9,"enemies":"Blue Slaver","floor":3,"turns":4},{"damage":7,"enemies":"Jaw Worm","floor":4,"turns":3},{"damage":26,"enemies":"Gremlin Nob","floor":6,"turns":5},{"damage":14,"enemies":"Large Slime","floor":7,"turns":5},{"damage":18,"enemies":"Lots of Slimes","floor":10,"turns":6},{"damage":14,"enemies":"3 Louse","floor":11,"turns":4},{"damage":8,"enemies":"Exordium Wildlife","floor":12,"turns":5},{"damage":17,"enemies":"Slime Boss","floor":16,"turns":8},{"damage":16,"enemies":"3 Byrds","floor":18,"turns":6},{"damage":14,"enemies":"2 Thieves","floor":20,"turns":4},{"damage":34,"enemies":"Snake Plant","floor":21,"turns":6},{"damage":23,"enemies":"Sentry and Sphere","floor":25,"turns":7},{"damage":32,"enemies":"Snecko","floor":27,"turns":8},{"damage":11,"enemies":"Centurion and Healer","floor":28,"turns":4},{"damage":15,"enemies":"Snake Plant","floor":30,"turns":4},{"damage":84,"enemies":"Champ","floor":33,"turns":10}],"event_choices":[{"event_name":"Bonfire Elementals","player_choice":"ATTACK","floor":2,"damage_taken":0},{"event_name":"Golden Idol","player_choice":"Ignored","floor":5,"damage_taken":0},{"event_name":"Purifier","player_choice":"One Purge","floor":13,"damage_taken":0},{"event_name":"Cursed Tome","player_choice":"Obtained Book","floor":19,"damage_taken":0},{"event_name":"Forgotten Altar","player_choice":"Shed Blood","floor":22,"damage_taken":0},{"event_name":"Vampires","player_choice":"Became a vampire","floor":24,"damage_taken":0},{"event_name":"Fountain of Cleansing","player_choice":"Removed Curse","floor":29,"damage_taken":0}],"boss_relics":[{"not_picked":["Black Blood","Calling Bell"],"picked":"White Beast Statue"}],"potions_floor_spawned":[1,6,7,10,16,18,20,21,25,27,28,30],"seed_played":"-3998419720841614998","killed_by":"Champ","is_trial":false}