{"gold_per_floor":[110,110,127,127,127,127,137,137,161,193,47,76,76,76,76,178,178,193,193,193,26,26,26,41,41,114,142,63,63,63,79,79,177,177,196,196,106,1105,1105,1105,1105,740,765,817,817,845,10,10,10,30],"floor_reached":51,"playtime":1454,"items_purged":["Regret"],"score":1121,"play_id":"b451bf36-3eea-4d84-9c9e-da9515568469","local_time":"20181107134319","is_ascension_mode":true,"campfire_choices":[{"data":"Disarm","floor":6,"key":"SMITH"},{"floor":13,"key":"REST"},{"floor":15,"key":"REST"},{"data":"Fiend Fire","floor":23,"key":"SMITH"},{"data":"Shame","floor":30,"key":"PURGE"},{"data":"Evolve","floor":32,"key":"SMITH"},{"data":"Normality","floor":40,"key":"PURGE"},{"data":"Searing Blow+1","floor":45,"key":"SMITH"},{"data":"Normality","floor":49,"key":"PURGE"}],"neow_cost":"NONE","seed_source_timestamp":2407657166076060,"circlet_count":0,"master_deck":["AscendersBane","Strike_R","Strike_R","Strike_R","Strike_R","Strike_R","Defend_R+1","Defend_R+1","Defend_R+1","Defend_R+1","Bash","Twin Strike","Perfected Strike+1","Disarm+1","Pommel Strike","Feel No Pain","Impervious","Shrug It Off","Fiend Fire+1","Necronomicurse","Reckless Charge","Uppercut","Havoc","Blood for Blood+1","Perfected Strike+1","Evolve+1","Feel No Pain","Shrug It Off+1","Immolate","Body Slam","Inflame","Burning Pact","Metamorphosis","Mind Blast","Searing Blow+2","Battle Trance+1","Mind Blast","HandOfGreed","Spot Weakness","True Grit","Transmutation","Discovery","Sadistic Nature"],"relics":["Burning Blood","Pocketwatch","Strawberry","War Paint","Charon\u0027s Ashes","Centennial Puzzle","Juzu Bracelet","Mark of Pain","Necronomicon","Singing Bowl","Peace Pipe","Bag of Preparation","Runic Cube","Anchor","Ginger","Regal Pillow","HandDrill","StoneCalendar"],"potions_floor_usage":[12,27,33,33,35,50,50],"damage_taken":[{"damage":7,"enemies":"Jaw Worm","floor":1,"turns":3},{"damage":0,"enemies":"Small Slimes","floor":3,"turns":2},{"damage":6,"enemies":"2 Louse","floor":7,"turns":2},{"damage":27,"enemies":"3 Sentries","floor":10,"turns":7},{"damage":16,"enemies":"Gremlin Nob","floor":12,"turns":3},{"damage":24,"enemies":"Slime Boss","floor":16,"turns":9},{"damage":6,"enemies":"Shell Parasite","floor":18,"turns":4},{"damage":0,"enemies":"Chosen","floor":24,"turns":3},{"damage":0,"enemies":"Slavers","floor":27,"turns":3},{"damage":10,"enemies":"Snake Plant","floor":31,"turns":3},{"damage":48,"enemies":"Champ","floor":33,"turns":7},{"damage":20,"enemies":"3 Shapes","floor":35,"turns":3},{"damage":9,"enemies":"2 Orb Walkers","floor":44,"turns":3},{"damage":6,"enemies":"Giant Head","floor":46,"turns":6},{"damage":48,"enemies":"Time Eater","floor":50,"turns":8}],"seed_played":"-6322933932681343147","potions_obtained":[{"floor":10,"key":"AttackPotion"},{"floor":12,"key":"SteroidPotion"},{"floor":19,"key":"Strength Potion"},{"floor":19,"key":"AttackPotion"},{"floor":19,"key":"SneckoOil"},{"floor":27,"key":"BloodPotion"},{"floor":31,"key":"AttackPotion"},{"floor":44,"key":"FearPotion"},{"floor":46,"key":"SkillPotion"}],"is_trial":false,"path_per_floor":["M","?","M","?","?","R","M","?","T","E","$","E","R","?","R","B",null,"M","?","?","$","?","R","M","?","T","E","$","?","R","M","R","B",null,"M","?","?","?","?","R","?","$","T","?","R","E","$","?","R","B",null],"character_chosen":"IRONCLAD","items_purchased":["Impervious","Reckless Charge","Uppercut","Havoc","Feel No Pain","Inflame","Burning Pact","Metamorphosis","Mind Blast","HandDrill","Mind Blast","HandOfGreed","StoneCalendar","Spot Weakness","True Grit"],"campfire_rested":2,"item_purchase_floors":[11,21,21,21,28,42,42,42,42,47,47,47,47,47,47],"current_hp_per_floor":[71,71,77,70,77,77,77,60,60,39,39,29,55,55,81,63,81,81,81,65,65,65,65,71,71,71,77,77,77,77,73,73,31,73,59,81,81,81,81,81,81,81,81,78,78,78,78,68,68,26],"gold":30,"neow_bonus":"THREE_CARDS","is_prod":false,"is_daily":false,"chose_seed":false,"campfire_upgraded":4,"win_rate":0,"timestamp":1541623399,"path_taken":["M","?","M","?","?","R","?","?","T","E","?","E","R","?","R","BOSS","M","?","?","$","?","R","M","?","T","E","?","?","R","M","R","BOSS","M","?","?","?","?","R","?","?","T","?","R","E","$","?","R","BOSS"],"build_version":"2018-11-01","purchased_purges":1,"victory":true,"max_hp_per_floor":[80,80,80,80,87,87,87,87,87,87,87,87,87,87,87,87,87,87,87,87,87,87,87,87,87,87,87,87,87,87,87,87,87,87,87,87,87,87,87,87,87,87,87,87,87,87,87,87,87,87],"card_choices":[{"not_picked":["Entrench","Body Slam"],"picked":"Twin Strike","floor":0},{"not_picked":["Wild Strike","Infernal Blade"],"picked":"Perfected Strike","floor":1},{"not_picked":["Bloodletting","Anger"],"picked":"Disarm","floor":3},{"not_picked":["True Grit","Wild Strike"],"picked":"Pommel Strike","floor":7},{"not_picked":["Carnage","Uppercut"],"picked":"Feel No Pain","floor":10},{"not_picked":["Sever Soul","Feel No Pain"],"picked":"Shrug It Off","floor":12},{"not_picked":["Exhume","Demon Form"],"picked":"Fiend Fire","floor":16},{"not_picked":["Heavy Blade","Armaments"],"picked":"Iron Wave+1","floor":18},{"not_picked":["Rampage","Cleave+1"],"picked":"Blood for Blood+1","floor":24},{"not_picked":["Body Slam","Rupture+1"],"picked":"Evolve","floor":27},{"not_picked":["True Grit","Clash"],"picked":"Shrug It Off","floor":31},{"not_picked":["Barricade","Limit Break"],"picked":"Immolate","floor":33},{"not_picked":["True Grit+1","Warcry+1"],"picked":"Body Slam","floor":35},{"not_picked":["Cleave","Heavy Blade"],"picked":"Searing Blow+1","floor":44},{"not_picked":["Evolve","Havoc"],"picked":"Battle Trance+1","floor":46},{"not_picked":["Flash of Steel","Secret Weapon"],"picked":"Transmutation","floor":48},{"not_picked":["Transmutation","Thinking Ahead"],"picked":"Discovery","floor":48},{"not_picked":["Panacea","Panache"],"picked":"Sadistic Nature","floor":48}],"player_experience":1024409,"relics_obtained":[{"floor":9,"key":"War Paint"},{"floor":10,"key":"Charon\u0027s Ashes"},{"floor":12,"key":"Centennial Puzzle"},{"floor":20,"key":"Necronomicon"},{"floor":26,"key":"Singing Bowl"},{"floor":27,"key":"Peace Pipe"},{"floor":43,"key":"Anchor"},{"floor":44,"key":"Ginger"},{"floor":46,"key":"Regal Pillow"}],"event_choices":[{"damage_healed":0,"gold_gain":0,"player_choice":"Grow","damage_taken":0,"max_hp_gain":0,"max_hp_loss":0,"event_name":"Living Wall","floor":2,"gold_loss":0,"cards_upgraded":["Perfected Strike"]},{"damage_healed":0,"gold_gain":0,"player_choice":"Success","damage_taken":7,"relics_obtained":["Pocketwatch"],"max_hp_gain":0,"max_hp_loss":0,"event_name":"Scrap Ooze","floor":4,"gold_loss":0},{"damage_healed":0,"gold_gain":0,"player_choice":"Box","damage_taken":0,"relics_obtained":["Strawberry"],"max_hp_gain":0,"max_hp_loss":0,"event_name":"Big Fish","floor":5,"gold_loss":0,"cards_obtained":["Regret"]},{"damage_healed":0,"gold_gain":0,"player_choice":"Entered Light","damage_taken":17,"max_hp_gain":0,"max_hp_loss":0,"event_name":"Shining Light","floor":8,"gold_loss":0,"cards_upgraded":["Defend_R","Defend_R"]},{"damage_healed":0,"gold_gain":30,"player_choice":"Searched \u00272\u0027 times","damage_taken":0,"relics_obtained":["Juzu Bracelet"],"max_hp_gain":0,"max_hp_loss":0,"event_name":"Dead Adventurer","floor":14,"gold_loss":0},{"damage_healed":0,"gold_gain":0,"player_choice":"Got Potions","damage_taken":0,"max_hp_gain":0,"max_hp_loss":0,"event_name":"Lab","floor":19,"gold_loss":0},{"damage_healed":0,"gold_gain":0,"player_choice":"Obtained Book","damage_taken":16,"max_hp_gain":0,"max_hp_loss":0,"event_name":"Cursed Tome","floor":20,"gold_loss":0},{"damage_healed":0,"gold_gain":0,"cards_transformed":["Iron Wave"],"player_choice":"Transformed","damage_taken":0,"max_hp_gain":0,"max_hp_loss":0,"event_name":"Transmorgrifier","floor":22,"gold_loss":0,"cards_obtained":["Disarm"]},{"damage_healed":0,"gold_gain":0,"player_choice":"Copied","damage_taken":0,"max_hp_gain":0,"max_hp_loss":0,"event_name":"Duplicator","floor":25,"gold_loss":0,"cards_obtained":["Perfected Strike"]},{"damage_healed":0,"gold_gain":0,"player_choice":"Stole Relic","damage_taken":0,"relics_obtained":["Bag of Preparation"],"max_hp_gain":0,"max_hp_loss":0,"event_name":"Addict","floor":29,"gold_loss":0,"cards_obtained":["Shame"]},{"damage_healed":22,"gold_gain":0,"player_choice":"Writhe","damage_taken":0,"max_hp_gain":0,"max_hp_loss":0,"event_name":"Winding Halls","floor":36,"gold_loss":0,"cards_obtained":["Writhe"]},{"cards_removed":["Writhe"],"damage_healed":0,"gold_gain":0,"player_choice":"Upgrade and Remove","damage_taken":0,"max_hp_gain":0,"max_hp_loss":0,"event_name":"Designer","floor":37,"gold_loss":90,"cards_upgraded":["Shrug It Off"]},{"damage_healed":0,"gold_gain":999,"player_choice":"Gold","damage_taken":0,"max_hp_gain":0,"max_hp_loss":0,"event_name":"MindBloom","floor":38,"gold_loss":0,"cards_obtained":["Normality","Normality"]},{"damage_healed":0,"gold_gain":0,"player_choice":"Ignored","damage_taken":0,"max_hp_gain":0,"max_hp_loss":0,"event_name":"Tomb of Lord Red Mask","floor":39,"gold_loss":0},{"cards_removed":["Disarm"],"damage_healed":0,"gold_gain":0,"player_choice":"Removed Skill","damage_taken":0,"max_hp_gain":0,"max_hp_loss":0,"event_name":"Falling","floor":41,"gold_loss":0},{"damage_healed":0,"gold_gain":0,"player_choice":"Fight","damage_taken":0,"max_hp_gain":0,"max_hp_loss":0,"event_name":"Mysterious Sphere","floor":44,"gold_loss":0},{"damage_healed":0,"gold_gain":0,"player_choice":"Memory 3","damage_taken":10,"max_hp_gain":0,"max_hp_loss":0,"event_name":"SensoryStone","floor":48,"gold_loss":0}],"is_beta":false,"boss_relics":[{"not_picked":["Runic Pyramid","Tiny House"],"picked":"Mark of Pain"},{"not_picked":["Philosopher\u0027s Stone","Fusion Hammer"],"picked":"Runic Cube"}],"items_purged_floors":[11],"is_endless":false,"potions_floor_spawned":[10,12,27,31,44,46],"ascension_level":10}