{"gold_per_floor":[110,13,188,43,62,62,62,92,117,145,215,215,247,297,297,398,398,414,464,66,76,31,60,60,95,145,195,195,209,272,289,289,394,394,407,10,20,30,80,80,115,115,115,129,198,248,248,298,298,298],"floor_reached":50,"playtime":2208,"items_purged":["Doubt"],"score":712,"play_id":"6bb843a1-9ead-4aea-b6a5-7d45eb0d922f","local_time":"20180911000546","is_ascension_mode":true,"campfire_choices":[{"data":"Mind Blast","floor":6,"key":"SMITH"},{"data":"Adrenaline","floor":12,"key":"SMITH"},{"floor":15,"key":"REST"},{"data":"Adrenaline","floor":24,"key":"SMITH"},{"data":"RitualDagger","floor":28,"key":"SMITH"},{"data":"Tactician","floor":32,"key":"SMITH"},{"data":"Venomology","floor":40,"key":"SMITH"},{"data":"Bandage Up","floor":42,"key":"SMITH"},{"floor":47,"key":"REST"},{"floor":49,"key":"REST"}],"neow_cost":"NONE","seed_source_timestamp":447889503681850,"circlet_count":0,"master_deck":["Survivor+1","Neutralize+1","Backstab+1","Mind Blast+1","Prepared+1","Quick Slash+1","Tactician+1","Riddle With Holes+1","Adrenaline+1","Skewer+1","Underhanded Strike+1","Adrenaline+1","Bane+1","Infinite Blades+1","Acrobatics+1","Dodge and Roll+1","Slice+1","Bane+1","Blade Dance+1","Acrobatics+1","Dagger Throw+1","Dagger Throw+1","Skewer+1","Bandage Up+1","Accuracy+1","Deadly Poison+1","Poisoned Stab+1","Blade Dance+1","Cloak And Dagger+1","Backstab+1","Quick Slash+1","Cloak And Dagger+1","RitualDagger+1","Well Laid Plans+1","Caltrops+1","Underhanded Strike+1","Venomology+1","Blade Dance+1","Deep Breath+1","Sucker Punch+1","Poisoned Stab+1","Dagger Spray+1","Crippling Poison+1","Bane+1","PiercingWail+1","Madness+1","Madness+1"],"relics":["Ring of the Snake","NeowsBlessing","SsserpentHead","War Paint","Strawberry","Orichalcum","Calipers","Pandora\u0027s Box","MutagenicStrength","Bag of Marbles","Kunai","Bottled Tornado","Happy Flower","Busted Crown","TwistedFunnel","Blood Vial","Matryoshka","Mark of the Bloom"],"potions_floor_usage":[13,16,16,16,23,31,44,44,45,45,50,50],"damage_taken":[{"damage":0,"enemies":"Small Slimes","floor":1,"turns":1},{"damage":0,"enemies":"2 Louse","floor":5,"turns":1},{"damage":0,"enemies":"Gremlin Nob","floor":8,"turns":1},{"damage":16,"enemies":"Lagavulin","floor":10,"turns":8},{"damage":2,"enemies":"Jaw Worm","floor":11,"turns":2},{"damage":14,"enemies":"3 Sentries","floor":13,"turns":10},{"damage":51,"enemies":"The Guardian","floor":16,"turns":17},{"damage":0,"enemies":"3 Byrds","floor":18,"turns":4},{"damage":0,"enemies":"Spheric Guardian","floor":21,"turns":2},{"damage":14,"enemies":"Book of Stabbing","floor":23,"turns":3},{"damage":1,"enemies":"Slavers","floor":25,"turns":3},{"damage":0,"enemies":"Snecko","floor":29,"turns":2},{"damage":0,"enemies":"Centurion and Healer","floor":30,"turns":1},{"damage":0,"enemies":"Cultist and Chosen","floor":31,"turns":2},{"damage":51,"enemies":"Champ","floor":33,"turns":8},{"damage":13,"enemies":"3 Darklings","floor":35,"turns":2},{"damage":18,"enemies":"3 Shapes","floor":37,"turns":4},{"damage":0,"enemies":"Spire Growth","floor":38,"turns":1},{"damage":9,"enemies":"Giant Head","floor":41,"turns":5},{"damage":0,"enemies":"Reptomancer","floor":44,"turns":2},{"damage":12,"enemies":"Sphere and 2 Shapes","floor":45,"turns":3},{"damage":67,"enemies":"Time Eater","floor":50,"turns":8}],"seed_played":"-641597605957379117","potions_obtained":[{"floor":1,"key":"Dexterity Potion"},{"floor":5,"key":"Swift Potion"},{"floor":11,"key":"Energy Potion"},{"floor":13,"key":"Dexterity Potion"},{"floor":18,"key":"Fire Potion"},{"floor":21,"key":"Block Potion"},{"floor":41,"key":"Regen Potion"},{"floor":44,"key":"Poison Potion"},{"floor":45,"key":"Strength Potion"}],"is_trial":false,"path_per_floor":["M","$","?","$","M","R","?","E","T","E","M","R","E","?","R","B",null,"M","?","$","M","$","E","R","E","T","?","R","M","M","M","R","B",null,"M","$","M","M","?","R","E","R","T","M","M","?","R","?","R"],"character_chosen":"THE_SILENT","items_purchased":["Mind Blast","Prepared","Quick Slash","Bandage Up","Bag of Marbles","Accuracy","Deadly Poison","Poisoned Stab","Cloak And Dagger","Backstab","TwistedFunnel","Deep Breath","Sucker Punch","Well Laid Plans"],"campfire_rested":3,"item_purchase_floors":[2,4,4,20,20,20,20,20,22,22,36,36,36,36],"current_hp_per_floor":[70,70,70,70,70,70,70,70,77,61,59,59,45,45,68,17,77,77,77,77,77,77,63,63,66,66,60,60,60,60,60,60,13,77,64,64,50,50,50,50,41,41,41,48,44,34,57,57,57,0],"gold":298,"neow_bonus":"THREE_ENEMY_KILL","is_prod":false,"is_daily":false,"chose_seed":false,"campfire_upgraded":7,"win_rate":0,"timestamp":1536645946,"path_taken":["M","$","?","$","M","R","?","E","T","E","?","R","E","?","R","BOSS","M","?","$","M","?","E","R","E","T","?","R","M","?","M","R","BOSS","M","$","M","M","?","R","E","R","T","M","?","?","R","?","R","BOSS"],"build_version":"2018-09-06","purchased_purges":1,"victory":false,"max_hp_per_floor":[70,70,70,70,70,70,70,70,77,77,77,77,77,77,77,77,77,77,77,77,77,77,77,77,77,77,77,77,77,77,77,77,77,77,77,77,77,77,77,77,77,77,77,77,77,77,77,77,77,77],"card_choices":[{"not_picked":["Endless Agony","Sucker Punch"],"picked":"Backstab","floor":1},{"not_picked":["Prepared","Accuracy"],"picked":"Tactician","floor":5},{"not_picked":["Bouncing Flask","Predator"],"picked":"Riddle With Holes","floor":8},{"not_picked":["PiercingWail","Blade Dance"],"picked":"Adrenaline","floor":10},{"not_picked":["Concentrate","Bane"],"picked":"Skewer","floor":11},{"not_picked":["Quick Slash","PiercingWail"],"picked":"Underhanded Strike","floor":13},{"not_picked":["Night Terror","Venomology"],"picked":"Adrenaline","floor":16},{"not_picked":["Calculated Gamble","Escape Plan"],"picked":"Skewer","floor":18},{"not_picked":["Flying Knee+1","Finisher+1"],"picked":"Blade Dance","floor":21},{"not_picked":["Heel Hook","Leg Sweep"],"picked":"Quick Slash","floor":23},{"not_picked":["PiercingWail","Flying Knee"],"picked":"Cloak And Dagger","floor":25},{"not_picked":["Doppelganger","Acrobatics"],"picked":"Well Laid Plans+1","floor":29},{"not_picked":["Quick Slash","Prepared+1"],"picked":"Caltrops+1","floor":30},{"not_picked":["Deflect","Blade Dance"],"picked":"Underhanded Strike+1","floor":31},{"not_picked":["Storm of Steel","Burst"],"picked":"Venomology","floor":33},{"not_picked":[],"picked":"Blade Dance+1","floor":35},{"not_picked":[],"picked":"Poisoned Stab+1","floor":37},{"not_picked":[],"picked":"Dagger Spray+1","floor":38},{"not_picked":[],"picked":"Crippling Poison+1","floor":41},{"not_picked":[],"picked":"Bane","floor":44},{"not_picked":[],"picked":"PiercingWail","floor":45}],"player_experience":499437,"relics_obtained":[{"floor":8,"key":"War Paint"},{"floor":9,"key":"Strawberry"},{"floor":10,"key":"Orichalcum"},{"floor":13,"key":"Calipers"},{"floor":23,"key":"Kunai"},{"floor":25,"key":"Bottled Tornado"},{"floor":26,"key":"Happy Flower"},{"floor":41,"key":"Blood Vial"},{"floor":43,"key":"Matryoshka"}],"event_choices":[{"event_name":"Liars Game","player_choice":"agreed","floor":3,"damage_taken":0},{"event_name":"FaceTrader","player_choice":"Trade","floor":7,"damage_taken":0},{"event_name":"Accursed Blacksmith","player_choice":"Forge","floor":14,"damage_taken":0},{"event_name":"Drug Dealer","player_choice":"Inject Mutagens","floor":19,"damage_taken":0},{"event_name":"Nest","player_choice":"Joined the Cult","floor":27,"damage_taken":0},{"event_name":"Purifier","player_choice":"One Purge","floor":39,"damage_taken":0},{"event_name":"Winding Halls","player_choice":"Embrace Madness","floor":46,"damage_taken":0},{"event_name":"MindBloom","player_choice":"Upgrade","floor":48,"damage_taken":0}],"is_beta":false,"boss_relics":[{"not_picked":["Astrolabe","Calling Bell"],"picked":"Pandora\u0027s Box"},{"not_picked":["Philosopher\u0027s Stone","Sozu"],"picked":"Busted Crown"}],"items_purged_floors":[4],"is_endless":false,"potions_floor_spawned":[1,5,11,13,18,21,41,44,45],"killed_by":"Time Eater","ascension_level":3}