{"gold_per_floor":[113,113,127,147,147,147,164,179,179,179,179,190,204,214,214,313,313,329,172,272,272,272,272,54,54,54,82,101,101,114,114,114,212,212,229,246,346,362,362,362,362,381,381,381,481,481,531,531,531,531],"floor_reached":51,"playtime":3580,"items_purged":["Strike_B"],"score":729,"play_id":"a40753e9-71a6-453f-a423-1b5391844975","local_time":"20190101002643","is_ascension_mode":false,"campfire_choices":[{"data":"Dualcast","floor":6,"key":"SMITH"},{"data":"Buffer","floor":15,"key":"SMITH"},{"floor":23,"key":"REST"},{"data":"Creative AI","floor":29,"key":"SMITH"},{"floor":32,"key":"REST"},{"floor":41,"key":"REST"},{"data":"Electrodynamics","floor":49,"key":"SMITH"}],"neow_cost":"TEN_PERCENT_HP_LOSS","seed_source_timestamp":119538700822234,"circlet_count":0,"master_deck":["Strike_B","Strike_B","Strike_B","Defend_B","Defend_B","Defend_B","Defend_B","Zap","Dualcast+1","Ball Lightning","Barrage","Leap","Auto Shields","Cold Snap+1","Go for the Eyes","Buffer+1","Hologram","Creative AI+1","Conserve Battery","Enlightenment","BootSequence","RitualDagger+1","Self Repair","Electrodynamics+1","Cold Snap+1","Reboot","Go for the Eyes+1","Leap+1","Barrage+1","Consume+1","Flash of Steel+1","Hologram+1","Madness","Madness","FTL+1"],"relics":["Cracked Core","FossilizedHelix","WarpedTongs","Unceasing Top","Ginger","Spirit Poop","Lizard Tail","Pocketwatch","Molten Egg 2","Du-Vu Doll","Juzu Bracelet","Mercury Hourglass","Mango","Enchiridion","Inserter","WingedGreaves","Potion Belt","Torii"],"potions_floor_usage":[27,27,33,50,50,50],"damage_taken":[{"damage":0,"enemies":"Small Slimes","floor":1,"turns":4},{"damage":2,"enemies":"Cultist","floor":3,"turns":2},{"damage":2,"enemies":"2 Louse","floor":4,"turns":2},{"damage":1,"enemies":"Looter","floor":7,"turns":3},{"damage":1,"enemies":"Large Slime","floor":8,"turns":3},{"damage":0,"enemies":"Lots of Slimes","floor":12,"turns":4},{"damage":8,"enemies":"Gremlin Gang","floor":13,"turns":4},{"damage":0,"enemies":"Large Slime","floor":14,"turns":4},{"damage":0,"enemies":"The Guardian","floor":16,"turns":13},{"damage":0,"enemies":"Spheric Guardian","floor":18,"turns":4},{"damage":1,"enemies":"Colosseum Slavers","floor":20,"turns":6},{"damage":47,"enemies":"Colosseum Nobs","floor":20,"turns":7},{"damage":18,"enemies":"Book of Stabbing","floor":27,"turns":7},{"damage":0,"enemies":"Shell Parasite","floor":28,"turns":8},{"damage":7,"enemies":"Cultist and Chosen","floor":30,"turns":7},{"damage":38,"enemies":"Automaton","floor":33,"turns":13},{"damage":0,"enemies":"3 Darklings","floor":35,"turns":4},{"damage":0,"enemies":"Orb Walker","floor":36,"turns":4},{"damage":7,"enemies":"Mind Bloom Boss Battle","floor":37,"turns":9},{"damage":41,"enemies":"Transient","floor":38,"turns":5},{"damage":12,"enemies":"Jaw Worm Horde","floor":42,"turns":3},{"damage":26,"enemies":"2 Orb Walkers","floor":47,"turns":5},{"damage":68,"enemies":"Time Eater","floor":50,"turns":14}],"seed_played":"-3815549548866920436","potions_obtained":[{"floor":3,"key":"SkillPotion"},{"floor":12,"key":"FairyPotion"},{"floor":13,"key":"Explosive Potion"},{"floor":20,"key":"Strength Potion"},{"floor":28,"key":"Weak Potion"},{"floor":35,"key":"Strength Potion"},{"floor":37,"key":"Dexterity Potion"},{"floor":47,"key":"Poison Potion"}],"is_trial":false,"path_per_floor":["M","?","M","M","?","R","M","M","T","?","?","M","M","M","R","B",null,"M","$","?","?","T","R","$","?","T","E","M","R","M","?","R","B",null,"M","M","?","M","?","?","R","M","T","?","?","?","?","?","R","B",null],"character_chosen":"DEFECT","items_purchased":["Enlightenment","Self Repair","Juzu Bracelet"],"campfire_rested":3,"item_purchase_floors":[19,24,24],"current_hp_per_floor":[68,68,66,64,61,61,60,59,59,59,59,59,51,51,51,51,68,68,68,20,14,14,34,34,34,34,37,44,44,47,31,55,27,82,82,82,82,41,41,41,65,63,63,63,63,53,27,72,72,4],"gold":531,"neow_bonus":"ONE_RARE_RELIC","is_prod":false,"is_daily":false,"chose_seed":false,"campfire_upgraded":4,"win_rate":0.0,"timestamp":1546331203,"path_taken":["M","?","?","M","?","R","M","M","T","?","?","M","?","?","R","BOSS","M","$","?","?","?","R","?","?","T","E","M","R","M","?","R","BOSS","M","M","?","M","?","?","R","M","T","?","?","?","?","?","R","BOSS"],"build_version":"2018-12-20","purchased_purges":1,"victory":true,"max_hp_per_floor":[68,68,68,68,68,68,68,68,68,68,68,68,68,68,68,68,68,68,68,68,68,68,68,68,68,68,82,82,82,82,82,82,82,82,82,82,82,82,82,82,82,82,82,82,82,82,82,72,72,72],"card_choices":[{"not_picked":["Sweeping Beam","Gash"],"picked":"Ball Lightning","floor":1},{"not_picked":["Steam","Redo"],"picked":"Barrage","floor":3},{"not_picked":["Redo","Lockon"],"picked":"Leap","floor":4},{"not_picked":["Go for the Eyes","Sweeping Beam"],"picked":"Auto Shields","floor":7},{"not_picked":["Redo","Lockon"],"picked":"Cold Snap","floor":8},{"not_picked":["Skim","Leap"],"picked":"Go for the Eyes","floor":12},{"not_picked":["Leap","Storm"],"picked":"Buffer","floor":13},{"not_picked":["Heatsinks","Skim"],"picked":"Hologram","floor":14},{"not_picked":["Seek","Biased Cognition"],"picked":"Creative AI","floor":16},{"not_picked":["Compile Driver","Coolheaded"],"picked":"Conserve Battery","floor":18},{"not_picked":["Stack","Gash"],"picked":"BootSequence","floor":20},{"not_picked":["Multi-Cast","Steam","Sweeping Beam+1"],"picked":"SKIP","floor":27},{"not_picked":["Compile Driver+1","Redo"],"picked":"Cold Snap+1","floor":28},{"not_picked":["Machine Learning","Barrage+1"],"picked":"Defragment","floor":30},{"not_picked":["Creative AI","Multi-Cast"],"picked":"Reboot","floor":33},{"not_picked":["Beam Cell+1","Barrage+1"],"picked":"Go for the Eyes+1","floor":35},{"not_picked":["Self Repair","Doom and Gloom+1"],"picked":"Leap+1","floor":36},{"not_picked":["Gash+1","Redo"],"picked":"Barrage+1","floor":37},{"not_picked":["Gash+1","Chaos+1"],"picked":"Consume+1","floor":38},{"not_picked":["The Bomb","Magnetism"],"picked":"Flash of Steel+1","floor":39},{"not_picked":["Steam+1","Sweeping Beam+1"],"picked":"Hologram+1","floor":42},{"not_picked":["Beam Cell+1","Lockon+1"],"picked":"FTL+1","floor":47}],"player_experience":26569,"relics_obtained":[{"floor":9,"key":"Ginger"},{"floor":20,"key":"Pocketwatch"},{"floor":20,"key":"Molten Egg 2"},{"floor":22,"key":"Du-Vu Doll"},{"floor":26,"key":"Mercury Hourglass"},{"floor":27,"key":"Mango"},{"floor":31,"key":"Enchiridion"},{"floor":37,"key":"WingedGreaves"},{"floor":43,"key":"Potion Belt"},{"floor":47,"key":"Torii"}],"event_choices":[{"damage_healed":0,"gold_gain":0,"player_choice":"Rummage","damage_taken":0,"relics_obtained":["WarpedTongs"],"max_hp_gain":0,"max_hp_loss":0,"event_name":"Accursed Blacksmith","floor":2,"gold_loss":0,"cards_obtained":["Pain"]},{"damage_healed":0,"gold_gain":0,"player_choice":"Success","damage_taken":3,"relics_obtained":["Unceasing Top"],"max_hp_gain":0,"max_hp_loss":0,"event_name":"Scrap Ooze","floor":5,"gold_loss":0},{"damage_healed":0,"gold_gain":0,"player_choice":"Grow","damage_taken":0,"max_hp_gain":0,"max_hp_loss":0,"event_name":"Living Wall","floor":10,"gold_loss":0,"cards_upgraded":["Cold Snap"]},{"cards_removed":["Pain"],"damage_healed":0,"gold_gain":0,"player_choice":"Offered Curse","damage_taken":0,"relics_obtained":["Spirit Poop"],"max_hp_gain":0,"max_hp_loss":0,"event_name":"Bonfire Elementals","floor":11,"gold_loss":0},{"damage_healed":0,"gold_gain":0,"player_choice":"Fight","damage_taken":0,"max_hp_gain":0,"max_hp_loss":0,"event_name":"Colosseum","floor":20,"gold_loss":0},{"damage_healed":0,"gold_gain":0,"player_choice":"Fought Nobs","damage_taken":0,"max_hp_gain":0,"max_hp_loss":0,"event_name":"Colosseum","floor":20,"gold_loss":0},{"damage_healed":0,"gold_gain":0,"player_choice":"Joined the Cult","damage_taken":6,"max_hp_gain":0,"max_hp_loss":0,"event_name":"Nest","floor":21,"gold_loss":0,"cards_obtained":["RitualDagger"]},{"damage_healed":0,"gold_gain":0,"player_choice":"Read","damage_taken":0,"max_hp_gain":0,"max_hp_loss":0,"event_name":"The Library","floor":25,"gold_loss":0,"cards_obtained":["Electrodynamics"]},{"damage_healed":0,"gold_gain":0,"player_choice":"Obtained Book","damage_taken":16,"max_hp_gain":0,"max_hp_loss":0,"event_name":"Cursed Tome","floor":31,"gold_loss":0},{"damage_healed":0,"gold_gain":0,"player_choice":"Fight","damage_taken":0,"max_hp_gain":0,"max_hp_loss":0,"event_name":"MindBloom","floor":37,"gold_loss":0},{"damage_healed":0,"gold_gain":0,"player_choice":"Memory 1","damage_taken":0,"max_hp_gain":0,"max_hp_loss":0,"event_name":"SensoryStone","floor":39,"gold_loss":0},{"cards_removed":["Defragment"],"damage_healed":0,"gold_gain":0,"player_choice":"Removed Power","damage_taken":0,"max_hp_gain":0,"max_hp_loss":0,"event_name":"Falling","floor":40,"gold_loss":0},{"damage_healed":0,"gold_gain":0,"player_choice":"Ignored","damage_taken":0,"max_hp_gain":0,"max_hp_loss":0,"event_name":"Tomb of Lord Red Mask","floor":44,"gold_loss":0},{"damage_healed":0,"gold_gain":100,"player_choice":"Pray","damage_taken":0,"max_hp_gain":0,"max_hp_loss":0,"event_name":"Golden Shrine","floor":45,"gold_loss":0},{"damage_healed":0,"gold_gain":0,"player_choice":"Embrace Madness","damage_taken":10,"max_hp_gain":0,"max_hp_loss":0,"event_name":"Winding Halls","floor":46,"gold_loss":0,"cards_obtained":["Madness","Madness"]},{"damage_healed":0,"gold_gain":0,"player_choice":"Fight","damage_taken":0,"max_hp_gain":0,"max_hp_loss":0,"event_name":"Mysterious Sphere","floor":47,"gold_loss":0},{"damage_healed":72,"gold_gain":0,"player_choice":"Heal","damage_taken":0,"max_hp_gain":0,"max_hp_loss":10,"event_name":"The Moai Head","floor":48,"gold_loss":0}],"is_beta":false,"boss_relics":[{"not_picked":["Empty Cage","Philosopher\u0027s Stone"],"picked":"Lizard Tail"},{"not_picked":["Calling Bell","Black Star"],"picked":"Inserter"}],"items_purged_floors":[19],"is_endless":false,"potions_floor_spawned":[3,12,13,18,20,28,35,37,47],"ascension_level":0}