{"gold_per_floor":[109,34,34,34,53,53,65,65,65,96,109,129,139,14,14,85,85,95,69,51,71,83,83,409,409,433,449,460,476,476,154,154,154],"floor_reached":33,"playtime":1760,"items_purged":["Strike_G","Strike_G"],"score":501,"play_id":"4168bf1e-7ba2-47c8-a714-fb99507f2fd4","local_time":"20190406201510","is_ascension_mode":true,"campfire_choices":[{"data":"Neutralize","floor":6.0,"key":"SMITH"},{"data":"Noxious Fumes","floor":8.0,"key":"SMITH"},{"data":"Footwork","floor":15.0,"key":"SMITH"},{"data":"Bouncing Flask","floor":23.0,"key":"SMITH"},{"data":"Night Terror","floor":25.0,"key":"SMITH"},{"data":"Calculated Gamble","floor":30,"key":"SMITH"},{"data":"Concentrate","floor":32,"key":"SMITH"}],"neow_cost":"TEN_PERCENT_HP_LOSS","seed_source_timestamp":663293914247900,"circlet_count":0,"master_deck":["AscendersBane","Defend_G","Defend_G","Defend_G","Defend_G","Defend_G","Strike_G","Strike_G","Strike_G","Survivor","Neutralize+1","Deadly Poison","Noxious Fumes+1","Calculated Gamble+1","Footwork+1","Leg Sweep","Acrobatics","PiercingWail","Grand Finale","Escape Plan","Acrobatics","Acrobatics+1","Concentrate+1","Bouncing Flask+1","Night Terror+1","Escape Plan"],"special_seed":0,"relics":["Ring of the Snake","Torii","Ninja Scroll","SsserpentHead","Letter Opener","Coffee Dripper","Old Coin","Bag of Marbles","Frozen Eye"],"potions_floor_usage":[29],"damage_taken":[{"damage":1.0,"enemies":"Small Slimes","floor":1.0,"turns":4.0},{"damage":0.0,"enemies":"Jaw Worm","floor":5.0,"turns":4.0},{"damage":0.0,"enemies":"Cultist","floor":7.0,"turns":3.0},{"damage":17.0,"enemies":"Lagavulin","floor":10.0,"turns":6.0},{"damage":19.0,"enemies":"Exordium Wildlife","floor":11.0,"turns":8.0},{"damage":0.0,"enemies":"Lots of Slimes","floor":12.0,"turns":5.0},{"damage":1.0,"enemies":"Blue Slaver","floor":13.0,"turns":4.0},{"damage":14.0,"enemies":"The Guardian","floor":16.0,"turns":12.0},{"damage":0.0,"enemies":"Shell Parasite","floor":18.0,"turns":10.0},{"damage":9.0,"enemies":"2 Thieves","floor":20.0,"turns":5.0},{"damage":6.0,"enemies":"Sentry and Sphere","floor":21.0,"turns":6.0},{"damage":9.0,"enemies":"Snecko","floor":22.0,"turns":9.0},{"damage":10.0,"enemies":"Gremlin Leader","floor":24.0,"turns":7.0},{"damage":9.0,"enemies":"3 Cultists","floor":27.0,"turns":5.0},{"damage":0,"enemies":"Snake Plant","floor":28,"turns":3},{"damage":16,"enemies":"Cultist and Chosen","floor":29,"turns":6},{"damage":19,"enemies":"Collector","floor":33,"turns":2}],"seed_played":"-2704223321019988969","potions_obtained":[{"floor":7.0,"key":"LiquidBronze"},{"floor":11.0,"key":"GamblersBrew"},{"floor":12.0,"key":"Regen Potion"},{"floor":18.0,"key":"GamblersBrew"},{"floor":27,"key":"Fire Potion"},{"floor":28,"key":"Regen Potion"},{"floor":29,"key":"Strength Potion"}],"is_trial":false,"path_per_floor":["M","$","?","?","M","R","M","R","T","E","M","M","M","$","R","B",null,"M","$","M","M","M","R","E","R","T","M","M","M","R","$","R","B"],"character_chosen":"THE_SILENT","items_purchased":["Noxious Fumes","PiercingWail","Acrobatics","Frozen Eye"],"campfire_rested":0,"item_purchase_floors":[2,14,19,31],"current_hp_per_floor":[58,58,47,47,47,47,47,47,47,30,11,11,10,10,10,11,48,48,48,39,33,24,24,14,14,14,5,5,4,4,4,4,0],"gold":154,"neow_bonus":"ONE_RARE_RELIC","is_prod":false,"is_daily":false,"chose_seed":false,"campfire_upgraded":7,"win_rate":0,"timestamp":1554606910,"path_taken":["M","$","?","?","M","R","M","R","T","E","M","M","M","$","R","BOSS","M","$","M","M","M","R","E","R","T","M","M","M","R","$","R","BOSS"],"build_version":"2019-01-23","purchased_purges":2,"victory":false,"max_hp_per_floor":[60,60,60,60,60,60,60,60,60,60,60,60,60,60,60,60,60,60,60,60,60,60,60,60,60,60,60,60,60,60,60,60,60],"card_choices":[{"not_picked":["Dagger Spray","Infinite Blades"],"picked":"Deadly Poison","floor":1.0},{"not_picked":["Prepared","Deflect","Slice"],"picked":"SKIP","floor":5.0},{"not_picked":["Outmaneuver","Flying Knee"],"picked":"Calculated Gamble","floor":7.0},{"not_picked":["Blade Dance","Choke","Noxious Fumes"],"picked":"SKIP","floor":10.0},{"not_picked":["Quick Slash","Blade Dance"],"picked":"Footwork","floor":11.0},{"not_picked":["Infinite Blades","Deflect"],"picked":"Leg Sweep","floor":12.0},{"not_picked":["Cloak And Dagger","Tactician"],"picked":"Acrobatics","floor":13.0},{"not_picked":["Bullet Time","Wraith Form v2"],"picked":"Grand Finale","floor":16.0},{"not_picked":["Flying Knee","Backstab"],"picked":"Escape Plan","floor":18.0},{"not_picked":["Dagger Spray","Setup"],"picked":"Acrobatics+1","floor":20.0},{"not_picked":["Deadly Poison","Eviscerate"],"picked":"Concentrate","floor":21.0},{"not_picked":["Sucker Punch","Dagger Spray"],"picked":"Bouncing Flask","floor":22.0},{"not_picked":["Deadly Poison","PiercingWail"],"picked":"Night Terror","floor":24.0},{"not_picked":["Slice","Deadly Poison","Dodge and Roll"],"picked":"SKIP","floor":27},{"not_picked":["Riddle With Holes","Dodge and Roll"],"picked":"Escape Plan","floor":28},{"not_picked":["Blade Dance","Bullet Time","Outmaneuver"],"picked":"SKIP","floor":29}],"player_experience":481129,"relics_obtained":[{"floor":10.0,"key":"Letter Opener"},{"floor":24.0,"key":"Old Coin"},{"floor":26.0,"key":"Bag of Marbles"}],"event_choices":[{"damage_healed":0.0,"max_hp_gain":0.0,"max_hp_loss":0.0,"gold_gain":0.0,"event_name":"Scrap Ooze","player_choice":"Success","floor":3.0,"gold_loss":0.0,"damage_taken":11.0,"relics_obtained":["Ninja Scroll"]},{"damage_healed":0.0,"max_hp_gain":0.0,"max_hp_loss":0.0,"gold_gain":0.0,"event_name":"FaceTrader","player_choice":"Trade","floor":4.0,"gold_loss":0.0,"damage_taken":0.0,"relics_obtained":["SsserpentHead"]}],"is_beta":false,"boss_relics":[{"not_picked":["Fusion Hammer","Runic Pyramid"],"picked":"Coffee Dripper"}],"items_purged_floors":[14,31],"is_endless":false,"potions_floor_spawned":[7,11,12,13,18,20,27,28,29],"killed_by":"Collector","ascension_level":17}