{"gold_per_floor":[119,135,149,7,7,7,7,7,33,45,69,84,104,133,133,237,237,247,260,271,287,301,301,60,74,74,74,74],"floor_reached":28,"playtime":841,"items_purged":[],"score":224,"play_id":"e46a2a11-072f-4a92-882f-c8d25c89cf7a","local_time":"20190226124034","is_ascension_mode":false,"campfire_choices":[{"data":"Perfected Strike","floor":6.0,"key":"SMITH"},{"data":"Bash","floor":8.0,"key":"SMITH"},{"floor":15.0,"key":"REST"},{"floor":23,"key":"REST"},{"floor":27,"key":"REST"}],"neow_cost":"NONE","seed_source_timestamp":931510851617474,"circlet_count":0,"master_deck":["Strike_R","Strike_R","Strike_R","Strike_R","Defend_R","Defend_R","Defend_R+1","Defend_R","Bash+1","Pummel+1","Heavy Blade","Perfected Strike","Perfected Strike+1","True Grit+1","Battle Trance","Iron Wave","Flex","Wild Strike","Bludgeon","Twin Strike+1","Intimidate","Body Slam+1","Warcry+1","Demon Form","Dual Wield","Spot Weakness"],"special_seed":0,"relics":["Burning Blood"],"potions_floor_usage":[16,20,21,21,25],"damage_taken":[{"damage":8.0,"enemies":"Cultist","floor":1.0,"turns":5.0},{"damage":1.0,"enemies":"2 Louse","floor":2.0,"turns":3.0},{"damage":14.0,"enemies":"Jaw Worm","floor":3.0,"turns":4.0},{"damage":16.0,"enemies":"Gremlin Gang","floor":10.0,"turns":5.0},{"damage":16.0,"enemies":"Large Slime","floor":12.0,"turns":6.0},{"damage":10.0,"enemies":"Exordium Thugs","floor":13.0,"turns":4.0},{"damage":10.0,"enemies":"Gremlin Nob","floor":14.0,"turns":3.0},{"damage":18,"enemies":"Slime Boss","floor":16,"turns":9},{"damage":13,"enemies":"3 Byrds","floor":18,"turns":7},{"damage":10,"enemies":"Chosen","floor":19,"turns":3},{"damage":23,"enemies":"Shelled Parasite and Fungi","floor":20,"turns":6},{"damage":19,"enemies":"Snake Plant","floor":21,"turns":3},{"damage":15,"enemies":"Snecko","floor":22,"turns":4},{"damage":29,"enemies":"Shelled Parasite and Fungi","floor":25,"turns":5},{"damage":62,"enemies":"3 Cultists","floor":28,"turns":5}],"seed_played":"4335804606670420422","potions_obtained":[{"floor":10.0,"key":"Strength Potion"},{"floor":12.0,"key":"EssenceOfSteel"},{"floor":14.0,"key":"FearPotion"},{"floor":16,"key":"Poison Potion"},{"floor":19,"key":"LiquidBronze"},{"floor":20,"key":"LiquidBronze"},{"floor":21,"key":"EssenceOfSteel"}],"is_trial":false,"path_per_floor":["M","M","M","$","?","R","?","R","T","M","T","M","M","E","R","B",null,"M","M","M","M","M","R","$","M","T","R","M"],"character_chosen":"IRONCLAD","items_purchased":["Perfected Strike","True Grit","Battle Trance","Demon Form","Dual Wield"],"campfire_rested":3,"item_purchase_floors":[4,4,4,24,24],"current_hp_per_floor":[78,80,72,72,72,72,56,56,56,46,46,36,32,28,52,40,80,73,69,52,39,30,54,54,31,31,55,0],"gold":74,"neow_bonus":"REMOVE_CARD","is_prod":false,"is_daily":false,"chose_seed":false,"campfire_upgraded":2,"win_rate":0,"timestamp":1551210034,"path_taken":["M","M","M","$","?","R","?","R","T","M","?","?","M","E","R","BOSS","M","?","M","M","M","R","$","M","T","R","M"],"build_version":"2019-01-23","purchased_purges":0,"victory":false,"max_hp_per_floor":[80,80,80,80,80,80,80,80,80,80,80,80,80,80,80,80,80,80,80,80,80,80,80,80,80,80,80,80],"card_choices":[{"not_picked":["Armaments","Thunderclap"],"picked":"Pummel","floor":1.0},{"not_picked":["Cleave","Body Slam"],"picked":"Heavy Blade","floor":2.0},{"not_picked":["Thunderclap","Metallicize"],"picked":"Perfected Strike","floor":3.0},{"not_picked":["Juggernaut","Clash"],"picked":"Iron Wave","floor":10.0},{"not_picked":["Cleave","Heavy Blade"],"picked":"Flex","floor":12.0},{"not_picked":["Entrench","Inflame","Cleave"],"picked":"SKIP","floor":13.0},{"not_picked":["Dropkick","Searing Blow"],"picked":"Wild Strike","floor":14.0},{"not_picked":["Demon Form","Limit Break"],"picked":"Bludgeon","floor":16},{"not_picked":["Blood for Blood+1","Intimidate"],"picked":"Twin Strike+1","floor":18},{"not_picked":["Infernal Blade","Anger"],"picked":"Intimidate","floor":19},{"not_picked":["Headbutt+1","Rampage","Blood for Blood+1"],"picked":"SKIP","floor":20},{"not_picked":["Dropkick","Havoc"],"picked":"Body Slam+1","floor":21},{"not_picked":["Exhume","Clothesline"],"picked":"Warcry+1","floor":22},{"not_picked":["Rupture","Fire Breathing"],"picked":"Spot Weakness","floor":25}],"player_experience":1604212,"relics_obtained":[],"event_choices":[{"damage_healed":0.0,"max_hp_gain":0.0,"max_hp_loss":0.0,"gold_gain":0.0,"event_name":"Living Wall","player_choice":"Grow","floor":5.0,"gold_loss":0.0,"damage_taken":0.0,"cards_upgraded":["True Grit"]},{"damage_healed":0.0,"max_hp_gain":0.0,"max_hp_loss":0.0,"gold_gain":0.0,"event_name":"Shining Light","player_choice":"Entered Light","floor":7.0,"gold_loss":0.0,"damage_taken":16.0,"cards_upgraded":["Pummel","Defend_R"]}],"is_beta":false,"boss_relics":[{"not_picked":["Tiny House","Lizard Tail","Snecko Eye"]}],"items_purged_floors":[],"is_endless":false,"potions_floor_spawned":[10,12,14,16,19,20,21],"killed_by":"3 Cultists","ascension_level":0}