{"gold_per_floor":[118,138,88,104,123,123,139,166,246,260,290,349,349,359,359,464,464,476,399,412,511,511,511,543,543,567,584,609,64,83,99,99,198,198,210,227,237,237],"floor_reached":38,"playtime":2090,"items_purged":[],"score":501,"play_id":"7d73ed5c-e562-41fa-bc3c-2b191c0d92b7","local_time":"20180820213551","is_ascension_mode":true,"campfire_choices":[{"data":"Backstab","floor":6,"key":"SMITH"},{"floor":15,"key":"REST"},{"data":"A Thousand Cuts","floor":23,"key":"SMITH"},{"data":"Terror","floor":25,"key":"SMITH"},{"floor":32,"key":"REST"}],"neow_cost":"TEN_PERCENT_HP_LOSS","seed_source_timestamp":117982169616401,"circlet_count":0,"master_deck":["Defend_G","Defend_G","Defend_G","Defend_G","Strike_G","Strike_G","Strike_G","Survivor","Neutralize","Backstab+1","Blur","Backflip","Backstab","Terror+1","Tools of the Trade","Acrobatics","Reflex","Dagger Spray","Dagger Throw","A Thousand Cuts+1","Reflex","J.A.X.","Dagger Spray+1","Reflex","Dagger Spray+1","Secret Technique","Slice+1","Well Laid Plans","A Thousand Cuts","Prepared+1","Escape Plan+1","Acrobatics+1"],"relics":["Ring of the Snake","Bag of Marbles","Bottled Flame","Du-Vu Doll","Art of War","Sozu","Snake Skull","Blood Vial","Ancient Tea Set","TheAbacus","Strawberry","HoveringKite"],"potions_floor_usage":[5,11,12,12,16,24,33],"damage_taken":[{"damage":2,"enemies":"Jaw Worm","floor":1,"turns":5},{"damage":0,"enemies":"Cultist","floor":2,"turns":3},{"damage":0,"enemies":"2 Louse","floor":4,"turns":2},{"damage":0,"enemies":"Looter","floor":5,"turns":4},{"damage":12,"enemies":"Large Slime","floor":7,"turns":12},{"damage":11,"enemies":"Gremlin Nob","floor":8,"turns":4},{"damage":0,"enemies":"3 Louse","floor":10,"turns":2},{"damage":12,"enemies":"Lagavulin","floor":11,"turns":8},{"damage":20,"enemies":"Lagavulin Event","floor":12,"turns":6},{"damage":0,"enemies":"Blue Slaver","floor":14,"turns":1},{"damage":4,"enemies":"The Guardian","floor":16,"turns":16},{"damage":12,"enemies":"2 Thieves","floor":18,"turns":4},{"damage":0,"enemies":"3 Byrds","floor":20,"turns":5},{"damage":3,"enemies":"Gremlin Leader","floor":24,"turns":4},{"damage":10,"enemies":"3 Cultists","floor":27,"turns":4},{"damage":28,"enemies":"Book of Stabbing","floor":28,"turns":5},{"damage":3,"enemies":"Cultist and Chosen","floor":30,"turns":4},{"damage":12,"enemies":"Sentry and Sphere","floor":31,"turns":4},{"damage":31,"enemies":"Automaton","floor":33,"turns":7},{"damage":33,"enemies":"3 Darklings","floor":35,"turns":3},{"damage":3,"enemies":"3 Shapes","floor":36,"turns":4},{"damage":26,"enemies":"Sphere and 2 Shapes","floor":37,"turns":4},{"damage":23,"enemies":"Spire Growth","floor":38,"turns":3}],"seed_played":"6615031476859203804","potions_obtained":[{"floor":1,"key":"SneckoOil"},{"floor":2,"key":"SpeedPotion"},{"floor":4,"key":"Strength Potion"},{"floor":7,"key":"GhostInAJar"},{"floor":12,"key":"LiquidBronze"},{"floor":14,"key":"PowerPotion"},{"floor":16,"key":"Regen Potion"}],"is_trial":false,"path_per_floor":["M","M","?","M","M","R","M","E","T","M","E","?","?","M","R","B",null,"M","?","M","?","?","R","E","R","T","M","E","$","M","M","R","B",null,"M","M","M"],"character_chosen":"THE_SILENT","items_purchased":["TheAbacus","Secret Technique","Strawberry"],"campfire_rested":2,"item_purchase_floors":[29,29,29],"current_hp_per_floor":[61,61,61,61,61,61,49,38,38,38,26,6,6,6,24,20,63,51,51,51,51,51,51,60,60,60,52,26,33,32,22,43,14,70,37,36,12,0],"gold":237,"neow_bonus":"REMOVE_TWO","is_prod":false,"is_daily":false,"chose_seed":false,"campfire_upgraded":3,"win_rate":0,"timestamp":1534815351,"path_taken":["M","M","?","M","M","R","M","E","T","?","E","?","?","M","R","BOSS","M","?","M","?","?","R","E","R","T","M","E","$","M","M","R","BOSS","M","M","M","M"],"build_version":"2018-08-16","purchased_purges":0,"victory":false,"max_hp_per_floor":[63,63,63,63,63,63,63,63,63,63,63,63,63,63,63,63,63,63,63,63,63,63,63,63,63,63,63,63,70,70,70,70,70,70,70,70,70,70],"card_choices":[{"not_picked":["Expertise","Flying Knee"],"picked":"Backstab","floor":1},{"not_picked":["Caltrops","Quick Slash"],"picked":"Blur","floor":2},{"not_picked":["Prepared","Accuracy"],"picked":"Backflip","floor":4},{"not_picked":["Prepared","Sucker Punch"],"picked":"Backstab","floor":5},{"not_picked":["Dodge and Roll","Dagger Spray"],"picked":"Terror","floor":7},{"not_picked":["Reflex","Noxious Fumes"],"picked":"Tools of the Trade","floor":8},{"not_picked":["Expertise","Caltrops"],"picked":"Acrobatics","floor":10},{"not_picked":["Slice","Bullet Time"],"picked":"Reflex","floor":11},{"not_picked":["Terror","Sucker Punch"],"picked":"Dagger Spray","floor":12},{"not_picked":["Terror","Outmaneuver"],"picked":"Dagger Throw","floor":14},{"not_picked":["Night Terror","Corpse Explosion"],"picked":"A Thousand Cuts","floor":16},{"not_picked":["Flechettes+1","Prepared+1"],"picked":"Reflex","floor":18},{"not_picked":["Bane","Noxious Fumes","Catalyst"],"picked":"SKIP","floor":20},{"not_picked":["Slice","Blade Dance"],"picked":"Dagger Spray+1","floor":24},{"not_picked":["Riddle With Holes","Quick Slash"],"picked":"Reflex","floor":27},{"not_picked":["Flying Knee","Phantasmal Killer"],"picked":"Dagger Spray+1","floor":28},{"not_picked":["Finisher","Dodge and Roll"],"picked":"Slice+1","floor":30},{"not_picked":["Dagger Throw+1","Prepared"],"picked":"Well Laid Plans","floor":31},{"not_picked":["Bullet Time","Envenom"],"picked":"A Thousand Cuts","floor":33},{"not_picked":["Predator","Underhanded Strike+1"],"picked":"Prepared+1","floor":35},{"not_picked":["Riddle With Holes","Backstab"],"picked":"Escape Plan+1","floor":36},{"not_picked":["Prepared+1","Burst"],"picked":"Acrobatics+1","floor":37}],"player_experience":178056,"relics_obtained":[{"floor":8,"key":"Bag of Marbles"},{"floor":9,"key":"Bottled Flame"},{"floor":11,"key":"Du-Vu Doll"},{"floor":12,"key":"Art of War"},{"floor":24,"key":"Snake Skull"},{"floor":26,"key":"Blood Vial"},{"floor":28,"key":"Ancient Tea Set"}],"event_choices":[{"event_name":"The Cleric","player_choice":"Card Removal","floor":3,"damage_taken":0},{"event_name":"Dead Adventurer","player_choice":"Searched \u00271\u0027 times","floor":12,"damage_taken":0},{"event_name":"Shining Light","player_choice":"Ignored","floor":13,"damage_taken":0},{"event_name":"Drug Dealer","player_choice":"Got JAXXED","floor":19,"damage_taken":0},{"event_name":"Nest","player_choice":"Stole From Cult","floor":21,"damage_taken":0},{"event_name":"Vampires","player_choice":"Ignored","floor":22,"damage_taken":0}],"is_beta":true,"boss_relics":[{"not_picked":["Empty Cage","Velvet Choker"],"picked":"Sozu"},{"not_picked":["Coffee Dripper","Runic Pyramid"],"picked":"HoveringKite"}],"items_purged_floors":[],"is_endless":false,"potions_floor_spawned":[1,2,4,7,12,14,16,20,27,31,33,35],"killed_by":"Spire Growth","ascension_level":2}