{"gold_per_floor":[114,114,129,129,129,129,129,147,147,161,179,179,192,492,492,492],"floor_reached":16,"playtime":521,"items_purged":[],"score":143,"play_id":"a7b1176d-f611-4fc6-8d8c-cdf7b8b8de3d","local_time":"20190213225730","is_ascension_mode":true,"campfire_choices":[{"data":"Dash","floor":6,"key":"SMITH"},{"floor":12,"key":"DIG"},{"floor":15,"key":"REST"}],"neow_cost":"NONE","seed_source_timestamp":966976394077550,"circlet_count":0,"master_deck":["AscendersBane","Defend_G","Defend_G","Defend_G+1","Defend_G","Defend_G","Strike_G","Strike_G","Strike_G+1","Strike_G","Strike_G","Survivor","Neutralize+1","Poisoned Stab","Dash+1","Leg Sweep","Dagger Spray","Escape Plan","Bouncing Flask"],"relics":["Ring of the Snake","Golden Idol","Ornamental Fan","Shovel","Prayer Wheel","Old Coin"],"potions_floor_usage":[11,16],"damage_taken":[{"damage":4,"enemies":"Small Slimes","floor":1,"turns":4},{"damage":0,"enemies":"Jaw Worm","floor":3,"turns":3},{"damage":0,"enemies":"2 Louse","floor":8,"turns":4},{"damage":0,"enemies":"Looter","floor":10,"turns":4},{"damage":4,"enemies":"Gremlin Gang","floor":11,"turns":5},{"damage":1,"enemies":"Exordium Wildlife","floor":13,"turns":4},{"damage":30,"enemies":"Slime Boss","floor":16,"turns":10}],"seed_played":"-295430436365938399","potions_obtained":[{"floor":1,"key":"PowerPotion"},{"floor":13,"key":"GamblersBrew"}],"is_trial":false,"path_per_floor":["M","?","M","?","?","R","T","M","T","M","M","R","M","?","R","B"],"character_chosen":"THE_SILENT","items_purchased":[],"campfire_rested":1,"item_purchase_floors":[],"current_hp_per_floor":[59,45,45,28,33,33,33,33,33,33,29,29,28,10,32,2],"gold":492,"neow_bonus":"UPGRADE_CARD","is_prod":false,"is_daily":false,"chose_seed":false,"campfire_upgraded":1,"win_rate":0,"timestamp":1550127450,"path_taken":["M","?","M","?","?","R","?","?","T","M","M","R","M","?","R","BOSS"],"build_version":"2019-01-23","purchased_purges":0,"victory":false,"max_hp_per_floor":[70,70,70,70,75,75,75,75,75,75,75,75,75,75,75,75],"card_choices":[{"not_picked":["Masterful Stab","Dodge and Roll"],"picked":"Poisoned Stab","floor":1},{"not_picked":["Deflect","Slice"],"picked":"Dash","floor":3},{"not_picked":["Flying Knee","Dagger Spray"],"picked":"Leg Sweep","floor":8},{"not_picked":["Backstab","Bane"],"picked":"Dagger Spray","floor":10},{"not_picked":["Night Terror","Quick Slash","Sucker Punch"],"picked":"SKIP","floor":11},{"not_picked":["Finisher","Leg Sweep"],"picked":"Escape Plan","floor":13},{"not_picked":["Sucker Punch","Flying Knee"],"picked":"Bouncing Flask","floor":13}],"player_experience":393539,"relics_obtained":[{"floor":7,"key":"Ornamental Fan"},{"floor":9,"key":"Shovel"},{"floor":12,"key":"Prayer Wheel"}],"event_choices":[{"damage_healed":0,"gold_gain":0,"player_choice":"Entered Light","damage_taken":14,"max_hp_gain":0,"max_hp_loss":0,"event_name":"Shining Light","floor":2,"gold_loss":0,"cards_upgraded":["Defend_G","Strike_G"]},{"damage_healed":0,"gold_gain":0,"player_choice":"Take Damage","damage_taken":17,"relics_obtained":["Golden Idol"],"max_hp_gain":0,"max_hp_loss":0,"event_name":"Golden Idol","floor":4,"gold_loss":0},{"damage_healed":0,"gold_gain":0,"player_choice":"Donut","damage_taken":0,"max_hp_gain":5,"max_hp_loss":0,"event_name":"Big Fish","floor":5,"gold_loss":0},{"damage_healed":0,"gold_gain":0,"player_choice":"Success","damage_taken":18,"relics_obtained":["Old Coin"],"max_hp_gain":0,"max_hp_loss":0,"event_name":"Scrap Ooze","floor":14,"gold_loss":0}],"is_beta":false,"boss_relics":[],"items_purged_floors":[],"is_endless":false,"potions_floor_spawned":[1,13],"killed_by":"Slime Boss","ascension_level":11}