{"gold_per_floor":[109,124,17,33,43,43,218,218,300,300,310,310,72,87,87,190,190,177,191,73,91,107,107,122,136,136,148,166,166,186,186,186,286,286,297,317,317,333,333,333,333,25,25,25,25,37,37,55,55,55],"floor_reached":50,"playtime":2437,"items_purged":["Doubt"],"score":542,"play_id":"18c9edd8-be6c-43e7-a07f-c4210d3db2f8","local_time":"20190330093131","is_ascension_mode":false,"campfire_choices":[{"data":"Hologram","floor":6.0,"key":"SMITH"},{"data":"Defragment","floor":8.0,"key":"SMITH"},{"data":"Dualcast","floor":10.0,"key":"SMITH"},{"data":"Hologram","floor":12.0,"key":"SMITH"},{"data":"Mayhem","floor":15.0,"key":"SMITH"},{"data":"White Noise","floor":23.0,"key":"SMITH"},{"data":"Capacitor","floor":29.0,"key":"SMITH"},{"data":"FTL","floor":32.0,"key":"SMITH"},{"data":"Self Repair","floor":40.0,"key":"SMITH"},{"data":"Madness","floor":44.0,"key":"SMITH"},{"floor":49.0,"key":"REST"}],"neow_cost":"NONE","seed_source_timestamp":866973294198682,"circlet_count":0,"master_deck":["Strike_B","Strike_B","Strike_B","Defend_B","Defend_B","Defend_B","Defend_B","Zap+1","Dualcast+1","Capacitor+1","Cold Snap","Defragment+1","Hologram+1","Hologram+1","BootSequence","Conserve Battery","Coolheaded","Ball Lightning","Mayhem+1","Compile Driver","Echo Form","White Noise+1","Ball Lightning","FTL+1","Self Repair+1","Barrage+1","Go for the Eyes+1","Hologram+1","Cold Snap","Barrage+1","Electrodynamics","Auto Shields","Biased Cognition","Go for the Eyes+1","Cold Snap","Hologram+1","Swift Strike","Madness+1","Madness","Core Surge","Jack Of All Trades","Leap+1","Barrage+1"],"special_seed":0,"relics":["FrozenCore"],"potions_floor_usage":[50],"damage_taken":[{"damage":0.0,"enemies":"Cultist","floor":1.0,"turns":3.0},{"damage":7.0,"enemies":"Small Slimes","floor":2.0,"turns":3.0},{"damage":6.0,"enemies":"Jaw Worm","floor":4.0,"turns":3.0},{"damage":6.0,"enemies":"2 Fungi Beasts","floor":5.0,"turns":4.0},{"damage":3.0,"enemies":"Blue Slaver","floor":11.0,"turns":4.0},{"damage":1.0,"enemies":"3 Louse","floor":14.0,"turns":3.0},{"damage":0.0,"enemies":"The Guardian","floor":16.0,"turns":11.0},{"damage":2.0,"enemies":"2 Thieves","floor":18.0,"turns":5.0},{"damage":0.0,"enemies":"Chosen","floor":19.0,"turns":6.0},{"damage":12.0,"enemies":"3 Cultists","floor":21.0,"turns":4.0},{"damage":7.0,"enemies":"Snecko","floor":22.0,"turns":5.0},{"damage":15.0,"enemies":"Snake Plant","floor":24.0,"turns":5.0},{"damage":0.0,"enemies":"Sentry and Sphere","floor":25.0,"turns":6.0},{"damage":4.0,"enemies":"Centurion and Healer","floor":27.0,"turns":6.0},{"damage":1.0,"enemies":"Cultist and Chosen","floor":28.0,"turns":4.0},{"damage":2.0,"enemies":"Shelled Parasite and Fungi","floor":30.0,"turns":5.0},{"damage":46.0,"enemies":"Collector","floor":33.0,"turns":9.0},{"damage":27.0,"enemies":"3 Darklings","floor":35.0,"turns":6.0},{"damage":11.0,"enemies":"Orb Walker","floor":36.0,"turns":4.0},{"damage":3.0,"enemies":"Maw","floor":38.0,"turns":8.0},{"damage":15.0,"enemies":"Jaw Worm Horde","floor":46.0,"turns":4.0},{"damage":0.0,"enemies":"Sphere and 2 Shapes","floor":47.0,"turns":1.0},{"damage":8.0,"enemies":"3 Darklings","floor":48.0,"turns":5.0},{"damage":58,"enemies":"Awakened One","floor":50,"turns":4}],"seed_played":"1352569566594669474","potions_obtained":[{"floor":1.0,"key":"PowerPotion"},{"floor":4.0,"key":"LiquidBronze"},{"floor":16.0,"key":"Dexterity Potion"},{"floor":19.0,"key":"Ancient Potion"},{"floor":25.0,"key":"Block Potion"},{"floor":28.0,"key":"EntropicBrew"},{"floor":30.0,"key":"Strength Potion"},{"floor":38.0,"key":"FocusPotion"},{"floor":46.0,"key":"Energy Potion"},{"floor":48.0,"key":"Fire Potion"}],"is_trial":false,"path_per_floor":["M","M","$","M","M","R","?","R","T","R","M","R","$","M","R","B",null,"M","M","$","M","M","R","M","M","T","M","M","R","M","?","R","B",null,"M","M","?","M","?","R","?","$","T","R","?","M","M","M","R","B"],"character_chosen":"DEFECT","items_purchased":["Defragment","Hologram","Coolheaded","Ball Lightning","Mayhem","FTL","Self Repair","Core Surge","Jack Of All Trades"],"campfire_rested":1,"item_purchase_floors":[3,3,13,13,13,20,20,42,42],"current_hp_per_floor":[75,68,68,62,56,56,56,56,56,56,53,53,53,52,52,52,75,73,73,73,68,68,68,67,74,74,75,75,75,75,75,75,29,75,55,51,51,55,55,55,46,46,46,46,46,31,31,33,55,0],"gold":55,"neow_bonus":"UPGRADE_CARD","is_prod":false,"is_daily":false,"chose_seed":false,"campfire_upgraded":10,"win_rate":0,"timestamp":1553959891,"path_taken":["M","M","$","M","M","R","?","R","T","R","M","R","$","M","R","BOSS","M","M","$","M","M","R","M","M","T","M","M","R","M","?","R","BOSS","M","M","?","M","?","R","?","?","T","R","?","M","M","M","R","BOSS"],"build_version":"2019-01-23","purchased_purges":1,"victory":false,"max_hp_per_floor":[75,75,75,75,75,75,75,75,75,75,75,75,75,75,75,75,75,75,75,75,75,75,75,75,75,75,75,75,75,75,75,75,75,75,75,75,75,75,75,75,75,75,75,75,75,75,75,75,75,75],"card_choices":[{"not_picked":["Sunder","Go for the Eyes"],"picked":"Capacitor","floor":1.0},{"not_picked":["Coolheaded","Compile Driver"],"picked":"Cold Snap","floor":2.0},{"not_picked":["Gash","Sweeping Beam"],"picked":"Hologram","floor":4.0},{"not_picked":["Genetic Algorithm","Rainbow"],"picked":"BootSequence","floor":5.0},{"not_picked":["Redo","Beam Cell"],"picked":"Conserve Battery","floor":11.0},{"not_picked":["Sweeping Beam","Doom and Gloom"],"picked":"Compile Driver","floor":14.0},{"not_picked":["Seek","Reboot"],"picked":"Echo Form","floor":16.0},{"not_picked":["Stack","Leap"],"picked":"White Noise","floor":18.0},{"not_picked":["Lockon","Go for the Eyes"],"picked":"Ball Lightning","floor":19.0},{"not_picked":["Sweeping Beam","Multi-Cast"],"picked":"Barrage+1","floor":21.0},{"not_picked":["Hologram","Chaos"],"picked":"Go for the Eyes+1","floor":22.0},{"not_picked":["Rip and Tear+1","Go for the Eyes"],"picked":"Hologram+1","floor":24.0},{"not_picked":["Gash","Compile Driver"],"picked":"Cold Snap","floor":25.0},{"not_picked":["Reinforced Body+1","Hologram"],"picked":"Barrage+1","floor":27.0},{"not_picked":["FTL","Self Repair"],"picked":"Electrodynamics","floor":28.0},{"not_picked":["Stack","Steam+1"],"picked":"Auto Shields","floor":30.0},{"not_picked":["Thunder Strike","Electrodynamics"],"picked":"Biased Cognition","floor":33.0},{"not_picked":["Conserve Battery","Steam+1"],"picked":"Go for the Eyes+1","floor":35.0},{"not_picked":["Rebound","Turbo+1"],"picked":"Cold Snap","floor":36.0},{"not_picked":["Hyperbeam","Streamline"],"picked":"Hologram+1","floor":38.0},{"not_picked":["Dark Shackles","Thinking Ahead"],"picked":"Swift Strike","floor":39.0},{"not_picked":["Rebound","Chaos+1"],"picked":"Leap+1","floor":46.0},{"not_picked":["Hologram+1","Leap+1"],"picked":"Barrage+1","floor":48.0}],"player_experience":1723506,"relics_obtained":[],"event_choices":[{"damage_healed":0.0,"max_hp_gain":0.0,"max_hp_loss":0.0,"gold_gain":175.0,"event_name":"Liars Game","player_choice":"AGREE","floor":7.0,"gold_loss":0.0,"damage_taken":0.0,"cards_obtained":["Doubt"]},{"damage_healed":0.0,"max_hp_gain":0.0,"max_hp_loss":0.0,"gold_gain":0.0,"event_name":"Mysterious Sphere","player_choice":"Ignored","floor":37.0,"gold_loss":0.0,"damage_taken":0.0},{"damage_healed":0.0,"max_hp_gain":0.0,"max_hp_loss":0.0,"gold_gain":0.0,"event_name":"SensoryStone","player_choice":"Memory 1","floor":39.0,"gold_loss":0.0,"damage_taken":0.0},{"damage_healed":0.0,"max_hp_gain":0.0,"max_hp_loss":0.0,"gold_gain":0.0,"event_name":"Winding Halls","player_choice":"Embrace Madness","floor":41.0,"gold_loss":0.0,"damage_taken":9.0,"cards_obtained":["Madness","Madness"]},{"cards_removed":["Strike_B"],"damage_healed":0.0,"max_hp_gain":0.0,"max_hp_loss":0.0,"gold_gain":0.0,"event_name":"Falling","player_choice":"Removed Attack","floor":45.0,"gold_loss":0.0,"damage_taken":0.0}],"is_beta":false,"boss_relics":[{"not_picked":["Black Star","Cursed Key"],"picked":"FrozenCore"},{"not_picked":["Snecko Eye","White Beast Statue","Philosopher\u0027s Stone"]}],"items_purged_floors":[42],"is_endless":false,"potions_floor_spawned":[1,4,16,19,22,25,28,30,38,46,47,48],"killed_by":"Awakened One","ascension_level":0}