{"gold_per_floor":[113,124,144,17,31,44,44,44,126,136,146,146,161,161,161,257,257,246,47,47,58,157,187,14,14,14,14,14],"floor_reached":28,"playtime":2915,"items_purged":["Strike_G","Strike_G","Strike_G"],"score":318,"play_id":"eab8028d-6e4c-47eb-9343-35f758202300","local_time":"20190408082732","is_ascension_mode":true,"campfire_choices":[{"floor":7.0,"key":"REST"},{"data":"Footwork","floor":12.0,"key":"SMITH"},{"data":"Well Laid Plans","floor":15.0,"key":"SMITH"},{"data":"Calculated Gamble","floor":25,"key":"SMITH"},{"data":"Cloak And Dagger","floor":27,"key":"SMITH"}],"neow_cost":"NONE","seed_source_timestamp":0,"circlet_count":0,"master_deck":["Defend_G","Defend_G","Defend_G","Defend_G","Defend_G","Strike_G","Strike_G","Survivor","Neutralize+1","Well Laid Plans+1","Calculated Gamble+1","Terror","Dagger Spray+1","Footwork+1","After Image","Backflip","Tactician+1","Cloak And Dagger+1"],"special_seed":0,"relics":["Ring of the Snake","Pantograph","Coffee Dripper","Mango","Anchor","Singing Bowl"],"potions_floor_usage":[19,23],"damage_taken":[{"damage":5.0,"enemies":"Cultist","floor":1.0,"turns":5.0},{"damage":11.0,"enemies":"Jaw Worm","floor":2.0,"turns":5.0},{"damage":6.0,"enemies":"2 Louse","floor":3.0,"turns":2.0},{"damage":19.0,"enemies":"Lots of Slimes","floor":5.0,"turns":4.0},{"damage":3.0,"enemies":"2 Fungi Beasts","floor":6.0,"turns":3.0},{"damage":1.0,"enemies":"Large Slime","floor":10.0,"turns":7.0},{"damage":0.0,"enemies":"3 Louse","floor":11.0,"turns":3.0},{"damage":0.0,"enemies":"2 Fungi Beasts","floor":13.0,"turns":4.0},{"damage":15.0,"enemies":"The Guardian","floor":16.0,"turns":13.0},{"damage":19,"enemies":"2 Thieves","floor":18,"turns":4},{"damage":0,"enemies":"Chosen","floor":21,"turns":6},{"damage":0,"enemies":"Book of Stabbing","floor":23,"turns":8},{"damage":87,"enemies":"Gremlin Leader","floor":28,"turns":9}],"seed_played":"-2962469373137202064","potions_obtained":[{"floor":1.0,"key":"SteroidPotion"},{"floor":3.0,"key":"Weak Potion"},{"floor":5.0,"key":"Strength Potion"},{"floor":10.0,"key":"GhostInAJar"},{"floor":11.0,"key":"Energy Potion"},{"floor":18,"key":"Energy Potion"}],"is_trial":false,"path_per_floor":["M","M","M","$","M","M","R","?","T","M","M","R","M","?","R","B",null,"M","$","?","M","?","E","$","R","T","R","E"],"character_chosen":"THE_SILENT","items_purchased":["Fire Potion","Fruit Juice","Cloak And Dagger"],"campfire_rested":1,"item_purchase_floors":[4,19,24],"current_hp_per_floor":[72,61,55,55,36,33,56,56,56,55,55,55,55,55,55,62,77,58,63,77,77,77,77,77,77,77,77,0],"gold":14,"neow_bonus":"TEN_PERCENT_HP_BONUS","is_prod":false,"is_daily":false,"chose_seed":false,"campfire_upgraded":4,"win_rate":0,"timestamp":1554726452,"path_taken":["M","?","M","$","M","M","R","?","T","M","?","R","M","?","R","BOSS","M","?","?","M","?","E","$","R","T","R","E"],"build_version":"2019-01-23","purchased_purges":3,"victory":false,"max_hp_per_floor":[77,77,77,77,77,77,77,77,77,77,77,77,77,77,77,77,77,77,82,96,96,96,96,96,96,96,96,96],"card_choices":[{"not_picked":["Calculated Gamble","Masterful Stab"],"picked":"Well Laid Plans","floor":1.0},{"not_picked":["Deadly Poison","Prepared"],"picked":"Calculated Gamble","floor":2.0},{"not_picked":["Crippling Poison","Catalyst"],"picked":"Terror","floor":3.0},{"not_picked":["PiercingWail","Dagger Throw","Accuracy"],"picked":"SKIP","floor":5.0},{"not_picked":["Poisoned Stab","Outmaneuver"],"picked":"Dagger Spray","floor":6.0},{"not_picked":["Skewer","Outmaneuver"],"picked":"Footwork","floor":10.0},{"not_picked":["Sucker Punch","Flying Knee","Prepared"],"picked":"SKIP","floor":11.0},{"not_picked":["Dodge and Roll","Deflect","Concentrate"],"picked":"SKIP","floor":13.0},{"not_picked":["Night Terror","Glass Knife"],"picked":"After Image","floor":16.0},{"not_picked":["Deflect","Sucker Punch+1"],"picked":"Backflip","floor":18},{"not_picked":["Eviscerate","Heel Hook","Dagger Spray"],"picked":"SKIP","floor":21},{"not_picked":["Choke","Deflect"],"picked":"Tactician+1","floor":23}],"player_experience":246283,"relics_obtained":[{"floor":9.0,"key":"Pantograph"},{"floor":23,"key":"Anchor"},{"floor":26,"key":"Singing Bowl"}],"event_choices":[{"damage_healed":0.0,"max_hp_gain":0.0,"max_hp_loss":0.0,"gold_gain":0.0,"event_name":"Upgrade Shrine","player_choice":"Upgraded","floor":8.0,"gold_loss":0.0,"damage_taken":0.0,"cards_upgraded":["Neutralize"]},{"damage_healed":0.0,"max_hp_gain":0.0,"max_hp_loss":0.0,"gold_gain":0.0,"event_name":"Accursed Blacksmith","player_choice":"Forge","floor":14.0,"gold_loss":0.0,"damage_taken":0.0,"cards_upgraded":["Dagger Spray"]},{"damage_healed":0,"gold_gain":0,"player_choice":"Opened","damage_taken":0,"relics_obtained":["Mango"],"max_hp_gain":0,"max_hp_loss":0,"event_name":"The Mausoleum","floor":20,"gold_loss":0},{"damage_healed":0,"gold_gain":99,"player_choice":"Stole From Cult","damage_taken":0,"max_hp_gain":0,"max_hp_loss":0,"event_name":"Nest","floor":22,"gold_loss":0}],"is_beta":false,"boss_relics":[{"not_picked":["Orrery","HoveringKite"],"picked":"Coffee Dripper"}],"items_purged_floors":[4,19,24],"is_endless":false,"potions_floor_spawned":[1,3,5,10,11,18],"killed_by":"Gremlin Leader","ascension_level":3}