{"gold_per_floor":[116,116,135,135,135,167,186,186,186,206,225,45,45,61,61,163,163,181,106,117,128,128,128,153,153,199,216,226,126,1,1,1,97,97,116,116,116,129,129,129,155,47,47,72,72,72,72,92,92,92],"floor_reached":50,"playtime":4065,"items_purged":["Strike_G","Strike_G","Strike_G+1"],"score":622,"play_id":"a06e75df-1de7-45f3-9ce3-33b2267c9d00","local_time":"20190406173637","is_ascension_mode":true,"campfire_choices":[{"data":"Dagger Spray","floor":8.0,"key":"SMITH"},{"data":"Sucker Punch","floor":15.0,"key":"SMITH"},{"data":"Glass Knife","floor":23.0,"key":"SMITH"},{"floor":25.0,"key":"REST"},{"floor":32.0,"key":"RECALL"},{"floor":40.0,"key":"REST"},{"floor":46,"key":"REST"},{"floor":49,"key":"REST"}],"neow_cost":"NONE","seed_source_timestamp":624125428147700,"circlet_count":0,"master_deck":["Survivor","Neutralize+1","Flying Knee","After Image","Dagger Spray+1","Quick Slash","Backflip","Sucker Punch+1","Blur","Glass Knife+1","Infinite Blades","Cloak And Dagger+1","Clumsy","Accuracy+1","After Image+1","All Out Attack","Slice","Die Die Die","Flechettes","Terror","Crippling Poison","Madness+1","Madness","Infinite Blades+1","Mayhem+1","Choke","Noxious Fumes+1","Backflip","Blade Dance+1","Dagger Throw+1"],"special_seed":0,"relics":["Ring of the Snake","NeowsBlessing","StoneCalendar","Nunchaku","Oddly Smooth Stone","Cursed Key","Frozen Egg 2","Pandora\u0027s Box","Snake Skull","Prayer Wheel"],"potions_floor_usage":[44,50],"damage_taken":[{"damage":0.0,"enemies":"Small Slimes","floor":1.0,"turns":1.0},{"damage":0.0,"enemies":"Cultist","floor":3.0,"turns":1.0},{"damage":0.0,"enemies":"Lagavulin","floor":6.0,"turns":1.0},{"damage":0.0,"enemies":"Jaw Worm","floor":7.0,"turns":4.0},{"damage":5.0,"enemies":"Large Slime","floor":10.0,"turns":4.0},{"damage":2.0,"enemies":"Exordium Thugs","floor":11.0,"turns":5.0},{"damage":0.0,"enemies":"2 Fungi Beasts","floor":14.0,"turns":3.0},{"damage":20.0,"enemies":"Slime Boss","floor":16.0,"turns":9.0},{"damage":0.0,"enemies":"3 Byrds","floor":18.0,"turns":5.0},{"damage":3.0,"enemies":"Shell Parasite","floor":20.0,"turns":5.0},{"damage":27.0,"enemies":"Snecko","floor":21.0,"turns":7.0},{"damage":39.0,"enemies":"Slavers","floor":24.0,"turns":6.0},{"damage":1.0,"enemies":"3 Cultists","floor":27.0,"turns":5.0},{"damage":4.0,"enemies":"Centurion and Healer","floor":28.0,"turns":6.0},{"damage":7.0,"enemies":"Collector","floor":33.0,"turns":12.0},{"damage":10.0,"enemies":"Orb Walker","floor":35.0,"turns":3.0},{"damage":43.0,"enemies":"3 Shapes","floor":38.0,"turns":6.0},{"damage":18.0,"enemies":"Giant Head","floor":41.0,"turns":8.0},{"damage":63,"enemies":"Reptomancer","floor":44,"turns":7},{"damage":29,"enemies":"Jaw Worm Horde","floor":48,"turns":4},{"damage":30,"enemies":"Awakened One","floor":50,"turns":2}],"seed_played":"-3810550128569807883","potions_obtained":[{"floor":2.0,"key":"Fruit Juice"},{"floor":2.0,"key":"Fruit Juice"},{"floor":2.0,"key":"Explosive Potion"},{"floor":7.0,"key":"SkillPotion"},{"floor":10.0,"key":"Regen Potion"},{"floor":11.0,"key":"FairyPotion"},{"floor":18.0,"key":"FairyPotion"},{"floor":24.0,"key":"Strength Potion"},{"floor":33.0,"key":"SneckoOil"},{"floor":41.0,"key":"Swift Potion"},{"floor":48,"key":"Poison Potion"}],"is_trial":false,"path_per_floor":["M","?","M","?","?","E","M","R","T","M","M","$","?","M","R","B",null,"M","$","M","M","?","R","E","R","T","M","M","$","$","?","R","B",null,"M","?","?","M","?","R","E","$","T","E","?","R","?","M","R","B"],"character_chosen":"THE_SILENT","items_purchased":["Oddly Smooth Stone","Sucker Punch","Noxious Fumes+1","Backflip"],"campfire_rested":4,"item_purchase_floors":[12,12,42,42],"current_hp_per_floor":[70,80,80,64,64,64,64,64,64,59,57,57,62,62,62,42,85,85,85,82,67,67,67,28,53,53,52,48,48,48,48,48,41,85,75,64,64,21,21,46,28,28,28,8,8,33,33,4,29,0],"gold":92,"neow_bonus":"THREE_ENEMY_KILL","is_prod":false,"is_daily":false,"chose_seed":false,"campfire_upgraded":3,"win_rate":0,"timestamp":1554586597,"path_taken":["M","?","?","?","?","E","M","R","T","M","M","$","?","M","R","BOSS","M","$","M","M","?","R","E","R","T","M","M","?","$","?","R","BOSS","M","?","?","?","?","R","E","$","T","E","?","R","?","M","R","BOSS"],"build_version":"2019-01-23","purchased_purges":3,"victory":false,"max_hp_per_floor":[70,80,80,80,80,80,80,80,80,80,80,80,85,85,85,85,85,85,85,85,85,85,85,85,85,85,85,85,85,85,85,85,85,85,85,85,85,85,85,85,85,85,85,85,85,85,85,85,85,85],"card_choices":[{"not_picked":["Bane","All Out Attack","Slice"],"picked":"SKIP","floor":1.0},{"not_picked":["Poisoned Stab","Infinite Blades"],"picked":"Flying Knee","floor":3.0},{"not_picked":["Quick Slash","Prepared"],"picked":"After Image","floor":6.0},{"not_picked":["Flying Knee","Underhanded Strike"],"picked":"Dagger Spray","floor":7.0},{"not_picked":["Dagger Throw","Acrobatics"],"picked":"Quick Slash","floor":10.0},{"not_picked":["Dagger Throw","Dodge and Roll"],"picked":"Backflip","floor":11.0},{"not_picked":["Escape Plan","Doppelganger"],"picked":"Blur","floor":14.0},{"not_picked":["Corpse Explosion","Bullet Time"],"picked":"Glass Knife","floor":16.0},{"not_picked":["Deflect","Dash","Dagger Throw"],"picked":"SKIP","floor":18.0},{"not_picked":["Sucker Punch","PiercingWail"],"picked":"Infinite Blades","floor":20.0},{"not_picked":["Slice","Dagger Throw"],"picked":"Cloak And Dagger","floor":21.0},{"not_picked":["All Out Attack","Storm of Steel","Predator+1"],"picked":"SKIP","floor":24.0},{"not_picked":["All Out Attack","Quick Slash+1"],"picked":"Accuracy+1","floor":27.0},{"not_picked":["Dagger Spray","PiercingWail","Dagger Throw"],"picked":"SKIP","floor":28.0},{"not_picked":["Dagger Spray","PiercingWail","Dagger Throw"],"picked":"SKIP","floor":28.0},{"not_picked":["Glass Knife","Burst"],"picked":"After Image+1","floor":33.0},{"not_picked":["Endless Agony","Concentrate+1","Masterful Stab+1"],"picked":"SKIP","floor":35.0},{"not_picked":["Flying Knee+1","Poisoned Stab+1"],"picked":"Infinite Blades+1","floor":38.0},{"not_picked":["Flash of Steel","Impatience"],"picked":"Mayhem+1","floor":39.0},{"not_picked":["Backflip","Deflect"],"picked":"Choke","floor":41.0},{"not_picked":["Skewer","Poisoned Stab","Flying Knee+1"],"picked":"SKIP","floor":44},{"not_picked":["Reflex","Quick Slash"],"picked":"Blade Dance+1","floor":48},{"not_picked":["Bane","Deflect+1"],"picked":"Dagger Throw+1","floor":48}],"player_experience":185213,"relics_obtained":[{"floor":6.0,"key":"StoneCalendar"},{"floor":9.0,"key":"Nunchaku"},{"floor":24.0,"key":"Frozen Egg 2"},{"floor":41.0,"key":"Snake Skull"},{"floor":44,"key":"Prayer Wheel"}],"event_choices":[{"damage_healed":0.0,"max_hp_gain":0.0,"max_hp_loss":0.0,"gold_gain":0.0,"event_name":"Lab","player_choice":"Got Potions","floor":2.0,"gold_loss":0.0,"damage_taken":0.0},{"damage_healed":0.0,"max_hp_gain":0.0,"max_hp_loss":0.0,"gold_gain":0.0,"event_name":"Shining Light","player_choice":"Entered Light","floor":4.0,"gold_loss":0.0,"damage_taken":16.0,"cards_upgraded":["Strike_G","Neutralize"]},{"damage_healed":0.0,"max_hp_gain":0.0,"max_hp_loss":0.0,"gold_gain":0.0,"event_name":"Liars Game","player_choice":"Ignored","floor":5.0,"gold_loss":0.0,"damage_taken":0.0},{"damage_healed":0.0,"max_hp_gain":5.0,"max_hp_loss":0.0,"gold_gain":0.0,"event_name":"Big Fish","player_choice":"Donut","floor":13.0,"gold_loss":0.0,"damage_taken":0.0},{"damage_healed":0.0,"max_hp_gain":0.0,"max_hp_loss":0.0,"gold_gain":0.0,"event_name":"Accursed Blacksmith","player_choice":"Forge","floor":22.0,"gold_loss":0.0,"damage_taken":0.0,"cards_upgraded":["Cloak And Dagger"]},{"cards_removed":["Strike_G"],"damage_healed":0.0,"max_hp_gain":0.0,"max_hp_loss":0.0,"gold_gain":0.0,"event_name":"Back to Basics","player_choice":"Elegance","floor":31.0,"gold_loss":0.0,"damage_taken":0.0},{"damage_healed":0.0,"max_hp_gain":0.0,"max_hp_loss":0.0,"gold_gain":0.0,"event_name":"Winding Halls","player_choice":"Embrace Madness","floor":36.0,"gold_loss":0.0,"damage_taken":11.0,"cards_obtained":["Madness","Madness"]},{"damage_healed":0.0,"max_hp_gain":0.0,"max_hp_loss":0.0,"gold_gain":0.0,"event_name":"Upgrade Shrine","player_choice":"Upgraded","floor":37.0,"gold_loss":0.0,"damage_taken":0.0,"cards_upgraded":["Madness"]},{"damage_healed":0.0,"max_hp_gain":0.0,"max_hp_loss":0.0,"gold_gain":0.0,"event_name":"SensoryStone","player_choice":"Memory 1","floor":39.0,"gold_loss":0.0,"damage_taken":0.0},{"damage_healed":0,"gold_gain":0,"player_choice":"Ignored","damage_taken":0,"max_hp_gain":0,"max_hp_loss":0,"event_name":"The Moai Head","floor":45,"gold_loss":0},{"damage_healed":0,"gold_gain":0,"player_choice":"Ignored","damage_taken":0,"max_hp_gain":0,"max_hp_loss":0,"event_name":"Mysterious Sphere","floor":47,"gold_loss":0}],"is_beta":false,"boss_relics":[{"not_picked":["Philosopher\u0027s Stone","WristBlade"],"picked":"Cursed Key"},{"not_picked":["HoveringKite","Busted Crown"],"picked":"Pandora\u0027s Box"}],"items_purged_floors":[19,29,30],"is_endless":false,"potions_floor_spawned":[7,10,11,18,24,33,41,48],"killed_by":"Awakened One","ascension_level":2}