{"gold_per_floor":[13,13,30,30,41,41,53,64,64,90,90,122,19,0,0,101,101,41,41,41,60,5,5],"floor_reached":23,"playtime":1048,"items_purged":[],"score":236,"play_id":"48d0327b-6518-4697-ae3b-0d219bdefa8d","local_time":"20180923145236","is_ascension_mode":true,"campfire_choices":[{"floor":6,"key":"REST"},{"floor":11,"key":"REST"},{"floor":15,"key":"REST"}],"neow_cost":"NO_GOLD","seed_source_timestamp":853395596569398,"circlet_count":0,"master_deck":["Strike_B","Strike_B","Strike_B","Defend_B","Defend_B","Defend_B","Zap","Dualcast","Sweeping Beam","Capacitor","Pain","Redo","Coolheaded","Steam","Self Repair","Conserve Battery","Ball Lightning","Steam","BootSequence","Seek","Gash+1","Gash","Steam"],"relics":["Cracked Core","Girya","WarpedTongs","Shuriken","Bottled Lightning","Boot","Sozu","The Courier"],"potions_floor_usage":[7,8,12],"damage_taken":[{"damage":5,"enemies":"Small Slimes","floor":1,"turns":2},{"damage":1,"enemies":"2 Louse","floor":3,"turns":2},{"damage":3,"enemies":"Cultist","floor":5,"turns":3},{"damage":24,"enemies":"Large Slime","floor":7,"turns":7},{"damage":7,"enemies":"Red Slaver","floor":8,"turns":4},{"damage":29,"enemies":"Lagavulin","floor":10,"turns":9},{"damage":22,"enemies":"3 Sentries","floor":12,"turns":7},{"damage":6,"enemies":"Looter","floor":14,"turns":4},{"damage":23,"enemies":"The Guardian","floor":16,"turns":15},{"damage":9,"enemies":"2 Thieves","floor":18,"turns":4},{"damage":21,"enemies":"3 Byrds","floor":21,"turns":6},{"damage":59,"enemies":"Gremlin Leader","floor":23,"turns":10}],"seed_played":"6307188307005292129","potions_obtained":[{"floor":3,"key":"SpeedPotion"},{"floor":7,"key":"EssenceOfSteel"},{"floor":10,"key":"SkillPotion"}],"is_trial":false,"path_per_floor":["M","?","M","?","M","R","M","M","T","E","R","E","$","M","R","B",null,"M","?","?","M","?"],"character_chosen":"DEFECT","items_purchased":["Ball Lightning","Steam"],"campfire_rested":3,"item_purchase_floors":[13,13],"current_hp_per_floor":[70,45,44,44,41,63,39,32,32,3,25,10,10,14,36,20,75,73,73,73,59,59,0],"gold":5,"neow_bonus":"REMOVE_TWO","is_prod":false,"is_daily":false,"chose_seed":false,"campfire_upgraded":0,"win_rate":0,"timestamp":1537735956,"path_taken":["M","?","M","?","?","R","M","M","T","E","R","E","$","M","R","BOSS","M","?","?","M","?","E"],"build_version":"2018-09-20","purchased_purges":0,"victory":false,"max_hp_per_floor":[75,75,75,75,75,75,75,75,75,75,75,75,75,75,75,75,75,75,75,75,75,75,75],"card_choices":[{"not_picked":["Compile Driver","Leap"],"picked":"Sweeping Beam","floor":1},{"not_picked":["Stack","Hologram"],"picked":"Capacitor","floor":3},{"not_picked":["Beam Cell","Heatsinks"],"picked":"Redo","floor":5},{"not_picked":["Stack","Compile Driver"],"picked":"Coolheaded","floor":7},{"not_picked":["Rip and Tear","Darkness"],"picked":"Steam","floor":8},{"not_picked":["Turbo","Undo"],"picked":"Self Repair","floor":10},{"not_picked":["Barrage","FTL"],"picked":"Conserve Battery","floor":12},{"not_picked":["Biased Cognition","Glacier"],"picked":"BootSequence","floor":14},{"not_picked":["Thunder Strike","All For One"],"picked":"Seek","floor":16},{"not_picked":["Chaos","Ball Lightning"],"picked":"Gash+1","floor":18},{"not_picked":["Rebound","Force Field"],"picked":"Steam","floor":21}],"player_experience":561227,"relics_obtained":[{"floor":9,"key":"Shuriken"},{"floor":10,"key":"Bottled Lightning"},{"floor":12,"key":"Boot"}],"event_choices":[{"event_name":"Scrap Ooze","player_choice":"success","floor":2,"damage_taken":25},{"event_name":"Accursed Blacksmith","player_choice":"Rummage","floor":4,"damage_taken":0},{"event_name":"The Lab","player_choice":"Got Potions","floor":19,"damage_taken":0},{"event_name":"The Library","player_choice":"Read","floor":20,"damage_taken":0},{"event_name":"WeMeetAgain","player_choice":"Gold","floor":22,"damage_taken":0}],"is_beta":false,"boss_relics":[{"not_picked":["Philosopher\u0027s Stone","Calling Bell"],"picked":"Sozu"}],"items_purged_floors":[],"is_endless":false,"potions_floor_spawned":[3,7,10],"killed_by":"Gremlin Leader","ascension_level":4}