{"gold_per_floor":[112,124,124,134,148,148,159,159,183,202,217,217,227,240,240,344,344,356,373,392,342,361,361,283,295,365,365,365,365,381,398,398,398],"floor_reached":33,"playtime":1850,"items_purged":[],"score":247,"play_id":"f27a15fc-6e09-4e7b-aaac-f01abe0160bd","local_time":"20190406180703","is_ascension_mode":false,"campfire_choices":[{"floor":6.0,"key":"REST"},{"data":"After Image","floor":8.0,"key":"SMITH"},{"floor":12.0,"key":"REST"},{"floor":15.0,"key":"REST"},{"floor":23.0,"key":"REST"},{"floor":27.0,"key":"REST"},{"floor":32.0,"key":"REST"}],"neow_cost":"TEN_PERCENT_HP_LOSS","seed_source_timestamp":243114137075428,"circlet_count":0,"master_deck":["Defend_G","Defend_G","Defend_G","Defend_G","Defend_G","Strike_G","Strike_G","Strike_G","Strike_G","Strike_G","Survivor","Neutralize","After Image+1","Catalyst","Dodge and Roll","Endless Agony","Distraction","Poisoned Stab","Calculated Gamble","Adrenaline","Well Laid Plans","Noxious Fumes","Adrenaline","Bane","Escape Plan","Deflect","Crippling Poison+1","Noxious Fumes","Deadly Poison","Cloak And Dagger+1","Backflip"],"special_seed":0,"relics":["Ring of the Serpent"],"potions_floor_usage":[33],"damage_taken":[{"damage":0.0,"enemies":"2 Louse","floor":1.0,"turns":3.0},{"damage":0.0,"enemies":"Jaw Worm","floor":2.0,"turns":6.0},{"damage":0.0,"enemies":"Cultist","floor":4.0,"turns":5.0},{"damage":25.0,"enemies":"Gremlin Gang","floor":5.0,"turns":10.0},{"damage":2.0,"enemies":"Large Slime","floor":7.0,"turns":9.0},{"damage":0.0,"enemies":"Exordium Wildlife","floor":10.0,"turns":4.0},{"damage":29.0,"enemies":"Exordium Thugs","floor":11.0,"turns":8.0},{"damage":9.0,"enemies":"Lots of Slimes","floor":13.0,"turns":8.0},{"damage":4.0,"enemies":"Large Slime","floor":14.0,"turns":8.0},{"damage":12.0,"enemies":"The Guardian","floor":16.0,"turns":10.0},{"damage":0.0,"enemies":"Shell Parasite","floor":18.0,"turns":6.0},{"damage":21.0,"enemies":"Spheric Guardian","floor":19.0,"turns":8.0},{"damage":10.0,"enemies":"Snake Plant","floor":20.0,"turns":6.0},{"damage":17.0,"enemies":"Cultist and Chosen","floor":22.0,"turns":9.0},{"damage":2.0,"enemies":"Shelled Parasite and Fungi","floor":25.0,"turns":5.0},{"damage":3.0,"enemies":"Snecko","floor":30.0,"turns":5.0},{"damage":18.0,"enemies":"Centurion and Healer","floor":31.0,"turns":6.0},{"damage":58,"enemies":"Champ","floor":33,"turns":13}],"seed_played":"8707112599126991979","potions_obtained":[{"floor":1.0,"key":"Energy Potion"},{"floor":2.0,"key":"Strength Potion"},{"floor":7.0,"key":"Ancient Potion"},{"floor":11.0,"key":"Block Potion"},{"floor":22.0,"key":"GamblersBrew"},{"floor":25.0,"key":"SpeedPotion"},{"floor":30.0,"key":"Swift Potion"}],"is_trial":false,"path_per_floor":["M","M","?","M","M","R","M","R","T","M","M","R","M","M","R","B",null,"M","M","M","?","M","R","$","M","T","R","?","T","M","M","R","B"],"character_chosen":"THE_SILENT","items_purchased":["Noxious Fumes"],"campfire_rested":6,"item_purchase_floors":[24],"current_hp_per_floor":[63,63,63,63,38,56,54,54,54,54,25,43,34,30,48,36,63,63,42,32,32,15,33,33,31,31,49,49,49,46,28,46,0],"gold":398,"neow_bonus":"THREE_RARE_CARDS","is_prod":false,"is_daily":false,"chose_seed":false,"campfire_upgraded":1,"win_rate":0,"timestamp":1554595623,"path_taken":["M","M","?","M","M","R","M","R","T","M","M","R","M","M","R","BOSS","M","M","M","?","M","R","?","?","T","R","?","?","M","M","R","BOSS"],"build_version":"2019-01-23","purchased_purges":0,"victory":false,"max_hp_per_floor":[63,63,63,63,63,63,63,63,63,63,63,63,63,63,63,63,63,63,63,63,63,63,63,63,63,63,63,63,63,63,63,63,63],"card_choices":[{"not_picked":["Grand Finale","Storm of Steel"],"picked":"After Image","floor":0.0},{"not_picked":["Acrobatics","Terror"],"picked":"Catalyst","floor":1.0},{"not_picked":["Skewer","All Out Attack"],"picked":"Dodge and Roll","floor":2.0},{"not_picked":["Terror","Slice"],"picked":"Endless Agony","floor":4.0},{"not_picked":["Quick Slash","Bane"],"picked":"Distraction","floor":5.0},{"not_picked":["Outmaneuver","Expertise"],"picked":"Poisoned Stab","floor":7.0},{"not_picked":["Riddle With Holes","Endless Agony"],"picked":"Calculated Gamble","floor":10.0},{"not_picked":["Deflect","Catalyst"],"picked":"Adrenaline","floor":11.0},{"not_picked":["Flying Knee","Dodge and Roll"],"picked":"Well Laid Plans","floor":13.0},{"not_picked":["Quick Slash","All Out Attack"],"picked":"Noxious Fumes","floor":14.0},{"not_picked":["Tools of the Trade","A Thousand Cuts"],"picked":"Adrenaline","floor":16.0},{"not_picked":["Blade Dance","Calculated Gamble"],"picked":"Bane","floor":18.0},{"not_picked":["Quick Slash","Flying Knee"],"picked":"Escape Plan","floor":19.0},{"not_picked":["Eviscerate","Heel Hook"],"picked":"Deflect","floor":20.0},{"not_picked":["Dagger Throw","Skewer"],"picked":"Crippling Poison+1","floor":22.0},{"not_picked":["Flying Knee+1","Outmaneuver"],"picked":"Deadly Poison","floor":25.0},{"not_picked":["Night Terror","Deflect"],"picked":"Cloak And Dagger+1","floor":30.0},{"not_picked":["Blade Dance","Sucker Punch"],"picked":"Backflip","floor":31.0}],"player_experience":1753263,"relics_obtained":[],"event_choices":[{"damage_healed":0.0,"max_hp_gain":0.0,"max_hp_loss":0.0,"gold_gain":0.0,"event_name":"Golden Idol","player_choice":"Ignored","floor":3.0,"gold_loss":0.0,"damage_taken":0.0},{"damage_healed":0.0,"max_hp_gain":0.0,"max_hp_loss":0.0,"gold_gain":0.0,"event_name":"The Joust","player_choice":"Bet on Murderer","floor":21.0,"gold_loss":50.0,"damage_taken":0.0},{"damage_healed":0.0,"max_hp_gain":0.0,"max_hp_loss":0.0,"gold_gain":0.0,"event_name":"Ghosts","player_choice":"Ignored","floor":28.0,"gold_loss":0.0,"damage_taken":0.0}],"is_beta":false,"boss_relics":[{"not_picked":["WristBlade","Snecko Eye"],"picked":"Ring of the Serpent"}],"items_purged_floors":[],"is_endless":false,"potions_floor_spawned":[1,2,7,10,11,13,22,25,30],"killed_by":"Champ","ascension_level":0}