{"gold_per_floor":[116,191,191,207,36,64,164,182,207,234,291,291,307,325,325,429,429,442,442,460,486,497,497,677,692,692,704,738,738,748,760,760,855,855,867,877,891,1191,331,331,348,358,358,375,2,2,22,36,36,36],"floor_reached":51,"playtime":4366,"items_purged":["Defend_B","Defend_B"],"score":793,"play_id":"c3ec2c36-774a-4dc4-bebe-d7e818605176","local_time":"20190202003101","is_ascension_mode":true,"campfire_choices":[{"floor":12,"key":"REST"},{"floor":15,"key":"REST"},{"floor":23,"key":"REST"},{"floor":29,"key":"REST"},{"floor":32,"key":"REST"},{"floor":40,"key":"REST"},{"floor":46,"key":"REST"},{"data":"White Noise","floor":49,"key":"SMITH"}],"neow_cost":"NONE","seed_source_timestamp":348180963528682,"circlet_count":0,"master_deck":["Strike_B","Strike_B","Strike_B","Strike_B","Defend_B","Defend_B","Zap","Beam Cell","Go for the Eyes","Lockon","Conserve Battery","Cold Snap","White Noise+1","Ball Lightning","Ball Lightning","Ball Lightning","Rebound","Beam Cell","Electrodynamics","Rebound","RitualDagger","Beam Cell","Ball Lightning","Scrape+1","FTL","Conserve Battery","Conserve Battery","Conserve Battery","Defragment+1","Rip and Tear","Streamline+1","Conserve Battery+1","Double Energy+1","Chill+1","FTL","RitualDagger","Go for the Eyes+1","Ball Lightning","Flash of Steel","Secret Weapon","Static Discharge+1","Rebound+1","Capacitor+1"],"relics":["Cracked Core","Strawberry","Bronze Scales","Boot","Regal Pillow","Dream Catcher","Symbiotic Virus","Lizard Tail","Red Mask","Vajra","Omamori","Runic Pyramid","Cables","DollysMirror","Kunai","Pantograph"],"potions_floor_usage":[10,25,33,33,50,50],"damage_taken":[{"damage":0,"enemies":"Cultist","floor":1,"turns":4},{"damage":1,"enemies":"Jaw Worm","floor":4,"turns":4},{"damage":19,"enemies":"Lagavulin","floor":6,"turns":6},{"damage":10,"enemies":"Small Slimes","floor":8,"turns":2},{"damage":0,"enemies":"3 Sentries","floor":10,"turns":6},{"damage":19,"enemies":"Lagavulin Event","floor":11,"turns":4},{"damage":1,"enemies":"Exordium Wildlife","floor":13,"turns":2},{"damage":2,"enemies":"Blue Slaver","floor":14,"turns":2},{"damage":40,"enemies":"Hexaghost","floor":16,"turns":7},{"damage":0,"enemies":"Chosen","floor":18,"turns":3},{"damage":10,"enemies":"3 Byrds","floor":20,"turns":2},{"damage":9,"enemies":"Masked Bandits","floor":21,"turns":3},{"damage":28,"enemies":"Shelled Parasite and Fungi","floor":22,"turns":4},{"damage":9,"enemies":"3 Cultists","floor":25,"turns":4},{"damage":19,"enemies":"Centurion and Healer","floor":27,"turns":3},{"damage":18,"enemies":"Book of Stabbing","floor":28,"turns":4},{"damage":1,"enemies":"Snecko","floor":30,"turns":3},{"damage":19,"enemies":"3 Cultists","floor":31,"turns":4},{"damage":47,"enemies":"Champ","floor":33,"turns":7},{"damage":15,"enemies":"Orb Walker","floor":35,"turns":3},{"damage":4,"enemies":"3 Shapes","floor":36,"turns":5},{"damage":33,"enemies":"Sphere and 2 Shapes","floor":37,"turns":6},{"damage":0,"enemies":"Jaw Worm Horde","floor":41,"turns":3},{"damage":14,"enemies":"3 Darklings","floor":42,"turns":5},{"damage":0,"enemies":"Sphere and 2 Shapes","floor":44,"turns":3},{"damage":2,"enemies":"Jaw Worm Horde","floor":47,"turns":4},{"damage":8,"enemies":"Spire Growth","floor":48,"turns":3},{"damage":109,"enemies":"Time Eater","floor":50,"turns":10}],"seed_played":"3057316853622284646","potions_obtained":[{"floor":1,"key":"Poison Potion"},{"floor":4,"key":"Dexterity Potion"},{"floor":6,"key":"FocusPotion"},{"floor":10,"key":"Dexterity Potion"},{"floor":13,"key":"Regen Potion"},{"floor":18,"key":"FocusPotion"},{"floor":25,"key":"FocusPotion"},{"floor":41,"key":"GamblersBrew"},{"floor":42,"key":"Strength Potion"},{"floor":44,"key":"SkillPotion"}],"is_trial":false,"path_per_floor":["?","?","?","M","?","?","?","?","M","?","M"],"character_chosen":"DEFECT","items_purchased":["Bronze Scales","Conserve Battery","FTL","Cables","DollysMirror","Kunai","Flash of Steel","Secret Weapon"],"campfire_rested":7,"item_purchase_floors":[5,5,39,39,39,39,45,45],"current_hp_per_floor":[75,64,64,63,63,44,44,34,34,34,15,54,53,51,82,42,82,82,76,66,57,29,68,44,47,47,28,10,49,48,29,68,21,82,67,63,30,30,30,69,69,55,55,55,55,82,80,72,72,16],"gold":36,"neow_bonus":"TRANSFORM_CARD","is_prod":false,"is_daily":false,"chose_seed":false,"campfire_upgraded":1,"win_rate":0,"timestamp":1549085461,"path_taken":["M","?","?","M","$","E","?","?","T","E","?","R","M","M","R","BOSS","M","?","M","?","M","R","?","M","T","M","E","R","M","M","R","BOSS","M","M","?","?","$","R","M","M","T","?","$","R","M","M","R","BOSS"],"build_version":"2019-01-23","purchased_purges":2,"victory":true,"max_hp_per_floor":[75,75,82,82,82,82,82,82,82,82,82,82,82,82,82,82,82,82,82,82,82,82,82,82,82,82,82,82,82,82,82,82,82,82,82,82,82,82,82,82,82,82,82,82,82,82,82,82,82,82],"card_choices":[{"not_picked":["Rip and Tear","Melter"],"picked":"Go for the Eyes","floor":1},{"not_picked":["Coolheaded","Stack"],"picked":"Lockon","floor":4},{"not_picked":["Leap","Consume"],"picked":"Cold Snap","floor":6},{"not_picked":["BootSequence","Leap"],"picked":"White Noise","floor":8},{"not_picked":["Self Repair","Heatsinks"],"picked":"Ball Lightning","floor":10},{"not_picked":["Conserve Battery","Defragment"],"picked":"Ball Lightning","floor":11},{"not_picked":["Coolheaded","Beam Cell"],"picked":"Ball Lightning","floor":12},{"not_picked":["Stack","Creative AI","Barrage"],"picked":"SKIP","floor":13},{"not_picked":["Defragment","Hologram"],"picked":"Rebound","floor":14},{"not_picked":["Redo","Coolheaded"],"picked":"Beam Cell","floor":15},{"not_picked":["Biased Cognition","Fission"],"picked":"Electrodynamics","floor":16},{"not_picked":["Compile Driver","Steam+1"],"picked":"Rebound","floor":18},{"not_picked":["Chill","Loop"],"picked":"Beam Cell","floor":20},{"not_picked":["Genetic Algorithm","Multi-Cast"],"picked":"Ball Lightning","floor":21},{"not_picked":["Storm","Conserve Battery"],"picked":"Scrape+1","floor":22},{"not_picked":["Sunder","Sweeping Beam"],"picked":"FTL","floor":23},{"not_picked":["Rebound","Blizzard+1"],"picked":"Conserve Battery","floor":25},{"not_picked":["Hello World","Coolheaded"],"picked":"Conserve Battery","floor":27},{"not_picked":["Stack+1","Chaos","Steam"],"picked":"SKIP","floor":28},{"not_picked":["Leap","Turbo"],"picked":"Conserve Battery","floor":29},{"not_picked":["Undo","Streamline"],"picked":"Defragment+1","floor":30},{"not_picked":["Glacier","Machine Learning"],"picked":"Rip and Tear","floor":31},{"not_picked":["Hello World+1","Defragment"],"picked":"Streamline+1","floor":32},{"not_picked":["Glacier","Rebound"],"picked":"Conserve Battery+1","floor":35},{"not_picked":["Consume","Glacier+1"],"picked":"Double Energy+1","floor":36},{"not_picked":["Reprogram","Skim"],"picked":"Chill+1","floor":37},{"not_picked":["Redo+1","Skim"],"picked":"Go for the Eyes+1","floor":41},{"not_picked":["Thunder Strike","Rebound","Redo"],"picked":"SKIP","floor":42},{"not_picked":["Redo+1","Skim"],"picked":"Ball Lightning","floor":44},{"not_picked":["Melter+1","Steam Power"],"picked":"Static Discharge+1","floor":46},{"not_picked":["Cold Snap","Skim+1"],"picked":"Rebound+1","floor":47},{"not_picked":["Conserve Battery","Doom and Gloom+1"],"picked":"Capacitor+1","floor":48}],"player_experience":156085,"relics_obtained":[{"floor":6,"key":"Boot"},{"floor":9,"key":"Regal Pillow"},{"floor":10,"key":"Dream Catcher"},{"floor":21,"key":"Red Mask"},{"floor":26,"key":"Vajra"},{"floor":28,"key":"Omamori"},{"floor":43,"key":"Pantograph"}],"event_choices":[{"damage_healed":0,"gold_gain":75,"player_choice":"Gather Gold","damage_taken":11,"max_hp_gain":0,"max_hp_loss":0,"event_name":"World of Goop","floor":2,"gold_loss":0},{"damage_healed":0,"gold_gain":0,"player_choice":"Success","damage_taken":7,"relics_obtained":["Strawberry"],"max_hp_gain":0,"max_hp_loss":0,"event_name":"Scrap Ooze","floor":3,"gold_loss":0},{"damage_healed":0,"gold_gain":100,"player_choice":"Pray","damage_taken":0,"max_hp_gain":0,"max_hp_loss":0,"event_name":"Golden Shrine","floor":7,"gold_loss":0},{"damage_healed":0,"gold_gain":0,"player_choice":"Searched \u00273\u0027 times","damage_taken":0,"relics_obtained":["Symbiotic Virus"],"max_hp_gain":0,"max_hp_loss":0,"event_name":"Dead Adventurer","floor":11,"gold_loss":0},{"damage_healed":0,"gold_gain":0,"player_choice":"Joined the Cult","damage_taken":6,"max_hp_gain":0,"max_hp_loss":0,"event_name":"Nest","floor":19,"gold_loss":0,"cards_obtained":["RitualDagger"]},{"damage_healed":0,"gold_gain":0,"player_choice":"Fought Bandits","damage_taken":0,"max_hp_gain":0,"max_hp_loss":0,"event_name":"Masked Bandits","floor":21,"gold_loss":0},{"damage_healed":0,"gold_gain":180,"player_choice":"GOLD GOLD ","damage_taken":24,"max_hp_gain":0,"max_hp_loss":0,"event_name":"Knowing Skull","floor":24,"potions_obtained":[],"gold_loss":0,"cards_obtained":[]},{"damage_healed":0,"gold_gain":300,"player_choice":"Gold","damage_taken":0,"max_hp_gain":0,"max_hp_loss":0,"event_name":"Wheel of Change","floor":38,"gold_loss":0}],"is_beta":false,"boss_relics":[{"not_picked":["Runic Dome","Fusion Hammer"],"picked":"Lizard Tail"},{"not_picked":["Empty Cage","Eternal Feather"],"picked":"Runic Pyramid"}],"items_purged_floors":[39,45],"is_endless":false,"potions_floor_spawned":[1,4,6,10,13,18,25,27,31,41,42,44,48],"ascension_level":1}