{"gold_per_floor":[147,147,157,167,178,178,208,226,251,251,267,285,340,372,384,396],"floor_reached":16,"playtime":653,"items_purged":[],"score":127,"play_id":"cb364c57-02e4-4070-9011-723e7f90af77","local_time":"20180922164333","is_ascension_mode":true,"campfire_choices":[{"data":"Self Repair","floor":6,"key":"SMITH"},{"data":"Loop","floor":15,"key":"SMITH"}],"neow_cost":"NONE","seed_source_timestamp":774047414934750,"circlet_count":0,"master_deck":["Strike_B","Strike_B","Strike_B","Defend_B","Defend_B","Defend_B","Defend_B","Zap","Dualcast","Steam","Fusion","Leap","Conserve Battery","Self Repair+1","Consume","Loop+1","Chaos","Stack","Lockon"],"relics":["Cracked Core","Tiny Chest","Bird Faced Urn","Bronze Scales","MawBank"],"potions_floor_usage":[7,8,8,11,11,14,16],"damage_taken":[{"damage":2,"enemies":"Jaw Worm","floor":1,"turns":3},{"damage":1,"enemies":"Cultist","floor":3,"turns":4},{"damage":3,"enemies":"2 Louse","floor":4,"turns":2},{"damage":0,"enemies":"Red Slaver","floor":5,"turns":4},{"damage":6,"enemies":"Lagavulin","floor":7,"turns":11},{"damage":32,"enemies":"Lots of Slimes","floor":8,"turns":3},{"damage":8,"enemies":"Exordium Wildlife","floor":11,"turns":6},{"damage":13,"enemies":"Blue Slaver","floor":12,"turns":4},{"damage":12,"enemies":"Red Slaver","floor":14,"turns":4},{"damage":56,"enemies":"Slime Boss","floor":16,"turns":8}],"seed_played":"-8154285000681058461","potions_obtained":[{"floor":3,"key":"Weak Potion"},{"floor":4,"key":"SneckoOil"},{"floor":7,"key":"LiquidBronze"},{"floor":10,"key":"SpeedPotion"},{"floor":10,"key":"SneckoOil"},{"floor":10,"key":"SpeedPotion"},{"floor":14,"key":"Block Potion"}],"is_trial":false,"path_per_floor":["M","?","M","M","M","R","E","M","T","?","M","M","T","M","R"],"character_chosen":"DEFECT","items_purchased":[],"campfire_rested":0,"item_purchase_floors":[],"current_hp_per_floor":[73,73,72,69,69,69,73,41,41,41,47,48,48,50,50,0],"gold":396,"neow_bonus":"RANDOM_COMMON_RELIC","is_prod":false,"is_daily":false,"chose_seed":false,"campfire_upgraded":2,"win_rate":0,"timestamp":1537656213,"path_taken":["M","?","M","M","M","R","E","M","T","?","?","M","?","M","R","BOSS"],"build_version":"2018-09-20","purchased_purges":0,"victory":false,"max_hp_per_floor":[75,75,75,75,75,75,75,75,75,75,75,75,75,75,75,75],"card_choices":[{"not_picked":["Barrage","Undo"],"picked":"Steam","floor":1},{"not_picked":["Go for the Eyes","Blizzard"],"picked":"Leap","floor":3},{"not_picked":["Auto Shields","Compile Driver"],"picked":"Conserve Battery","floor":4},{"not_picked":["Steam","White Noise"],"picked":"Self Repair","floor":5},{"not_picked":["Reinforced Body","Rebound"],"picked":"Consume","floor":7},{"not_picked":["Turbo","Scrape"],"picked":"Loop","floor":8},{"not_picked":["Turbo","Glacier"],"picked":"Chaos","floor":11},{"not_picked":["Melter","Steam"],"picked":"Stack","floor":12},{"not_picked":["Blizzard","Compile Driver"],"picked":"Lockon","floor":14}],"player_experience":557350,"relics_obtained":[{"floor":7,"key":"Bird Faced Urn"},{"floor":9,"key":"Bronze Scales"},{"floor":13,"key":"MawBank"}],"event_choices":[{"event_name":"Transmorgrifier","player_choice":"Transform","floor":2,"damage_taken":0},{"event_name":"The Lab","player_choice":"Got Potions","floor":10,"damage_taken":0}],"is_beta":false,"boss_relics":[],"items_purged_floors":[],"is_endless":false,"potions_floor_spawned":[3,4,7,14],"killed_by":"Slime Boss","ascension_level":4}