{"gold_per_floor":[116,126,76,151,171,171,189,224,247,247,247],"floor_reached":11,"playtime":1319,"items_purged":[],"score":84,"play_id":"b36c1239-4888-4a16-ae03-c97b55c0394f","local_time":"20190110095227","is_ascension_mode":true,"campfire_choices":[{"data":"Footwork","floor":6,"key":"SMITH"},{"floor":10,"key":"REST"}],"neow_cost":"NONE","seed_source_timestamp":753358490075294,"circlet_count":0,"master_deck":["Defend_G","Defend_G","Defend_G","Defend_G","Strike_G","Strike_G","Strike_G","Strike_G","Strike_G","Survivor","Neutralize+1","Dodge and Roll","Footwork+1","Blur","Prepared","Acrobatics"],"relics":["Ring of the Snake","Lantern","Juzu Bracelet"],"potions_floor_usage":[8,8,8],"damage_taken":[{"damage":0,"enemies":"2 Louse","floor":1,"turns":3},{"damage":1,"enemies":"Small Slimes","floor":2,"turns":5},{"damage":0,"enemies":"Cultist","floor":5,"turns":6},{"damage":7,"enemies":"Large Slime","floor":7,"turns":15},{"damage":48,"enemies":"3 Sentries","floor":8,"turns":18},{"damage":19,"enemies":"Lagavulin","floor":11,"turns":14}],"seed_played":"1983182402953374454","potions_obtained":[{"floor":1,"key":"SkillPotion"},{"floor":2,"key":"SkillPotion"},{"floor":5,"key":"EssenceOfSteel"}],"is_trial":false,"path_per_floor":["M","M","?","?","M","R","M","E","T","R","E"],"character_chosen":"THE_SILENT","items_purchased":[],"campfire_rested":1,"item_purchase_floors":[],"current_hp_per_floor":[70,69,69,58,58,58,51,3,3,24,5],"gold":247,"neow_bonus":"UPGRADE_CARD","is_prod":false,"is_daily":false,"chose_seed":false,"campfire_upgraded":1,"win_rate":0,"timestamp":1547142747,"path_taken":["M","M","?","?","M","R","M","E","T","R","E"],"build_version":"2019-01-03v4","purchased_purges":0,"victory":false,"max_hp_per_floor":[70,70,70,70,70,70,70,70,70,70,70],"card_choices":[{"not_picked":["Skewer","Dash"],"picked":"Dodge and Roll","floor":1},{"not_picked":["Sucker Punch","Slice"],"picked":"Footwork","floor":2},{"not_picked":["Dagger Throw","Acrobatics"],"picked":"Blur","floor":5},{"not_picked":["Crippling Poison","Flying Knee"],"picked":"Prepared","floor":7},{"not_picked":["Expertise","Grand Finale"],"picked":"Acrobatics","floor":8}],"player_experience":188978,"relics_obtained":[{"floor":8,"key":"Lantern"},{"floor":9,"key":"Juzu Bracelet"}],"event_choices":[{"cards_removed":["Defend_G"],"damage_healed":0,"gold_gain":0,"player_choice":"Card Removal","damage_taken":0,"max_hp_gain":0,"max_hp_loss":0,"event_name":"The Cleric","floor":3,"gold_loss":50},{"damage_healed":0,"gold_gain":75,"player_choice":"Gather Gold","damage_taken":11,"max_hp_gain":0,"max_hp_loss":0,"event_name":"World of Goop","floor":4,"gold_loss":0}],"is_beta":false,"boss_relics":[],"items_purged_floors":[],"is_endless":false,"potions_floor_spawned":[1,2,5],"killed_by":"Lagavulin","ascension_level":3}