{"gold_per_floor":[211,226,237,257,267,267,283,283,283,283,283,303,324,44,44,141,141,152,164,177,177,14,14,14,34,34,50,50,17,28,39,39,136,136,154,154,154,165,182,182,202,202,202,202],"floor_reached":44,"playtime":4859,"items_purged":["Strike_B"],"score":524,"play_id":"eb1029fc-cff2-4e49-ba61-173ebee5a46f","local_time":"20190410150308","is_ascension_mode":true,"campfire_choices":[{"data":"Zap","floor":6.0,"key":"SMITH"},{"data":"White Noise","floor":8.0,"key":"SMITH"},{"data":"Dualcast","floor":11.0,"key":"SMITH"},{"data":"Defragment","floor":15.0,"key":"SMITH"},{"data":"Defragment","floor":23.0,"key":"SMITH"},{"data":"Consume","floor":28.0,"key":"SMITH"},{"data":"Defragment","floor":32.0,"key":"SMITH"},{"floor":40,"key":"REST"},{"floor":42,"key":"REST"}],"neow_cost":"NONE","seed_source_timestamp":0,"circlet_count":0,"master_deck":["Defend_B","Defend_B","Defend_B","Defend_B","Zap+1","Dualcast+1","Leap","BootSequence","White Noise+1","Self Repair","Conserve Battery","Defragment+1","Redo","Bandage Up","Go for the Eyes","Beam Cell","Stack","Reboot","Chaos+1","Steam+1","Lockon+1","Cold Snap","Consume+1","Loop","Necronomicurse","Defragment+1","Blind","Ghostly","Ghostly","Ghostly","Ghostly","Ghostly","Go for the Eyes","Doom and Gloom","Loop","Undo+1","Defragment+1","Core Surge","Hologram+1","Doom and Gloom+1","Coolheaded","Parasite","Coolheaded+1"],"special_seed":0,"relics":["Cracked Core","Shuriken","Odd Mushroom","Astrolabe","Necronomicon","Singing Bowl","Inserter","Dead Branch"],"potions_floor_usage":[41,41],"damage_taken":[{"damage":1.0,"enemies":"Cultist","floor":1.0,"turns":3.0},{"damage":0.0,"enemies":"2 Louse","floor":2.0,"turns":3.0},{"damage":0.0,"enemies":"Small Slimes","floor":3.0,"turns":4.0},{"damage":6.0,"enemies":"Looter","floor":4.0,"turns":3.0},{"damage":2.0,"enemies":"Exordium Wildlife","floor":5.0,"turns":4.0},{"damage":24.0,"enemies":"Exordium Thugs","floor":7.0,"turns":4.0},{"damage":0.0,"enemies":"2 Fungi Beasts","floor":12.0,"turns":4.0},{"damage":6.0,"enemies":"The Mushroom Lair","floor":13.0,"turns":4.0},{"damage":21.0,"enemies":"Hexaghost","floor":16.0,"turns":9.0},{"damage":9.0,"enemies":"Shell Parasite","floor":18.0,"turns":5.0},{"damage":14.0,"enemies":"3 Byrds","floor":19.0,"turns":5.0},{"damage":2.0,"enemies":"Cultist and Chosen","floor":20.0,"turns":8.0},{"damage":19.0,"enemies":"Centurion and Healer","floor":25.0,"turns":8.0},{"damage":2.0,"enemies":"Chosen and Byrds","floor":27.0,"turns":6.0},{"damage":2.0,"enemies":"3 Cultists","floor":30.0,"turns":8.0},{"damage":3.0,"enemies":"Snake Plant","floor":31.0,"turns":5.0},{"damage":24.0,"enemies":"Automaton","floor":33.0,"turns":13.0},{"damage":5.0,"enemies":"3 Shapes","floor":35.0,"turns":5.0},{"damage":16,"enemies":"3 Darklings","floor":38,"turns":4},{"damage":32,"enemies":"4 Shapes","floor":39,"turns":5},{"damage":1,"enemies":"Writhing Mass","floor":41,"turns":8},{"damage":38,"enemies":"Transient","floor":44,"turns":5}],"seed_played":"5187811350547630126","potions_obtained":[{"floor":5.0,"key":"Ancient Potion"},{"floor":12.0,"key":"Poison Potion"},{"floor":13.0,"key":"PowerPotion"},{"floor":25.0,"key":"SneckoOil"},{"floor":33.0,"key":"EssenceOfSteel"},{"floor":39,"key":"Strength Potion"}],"is_trial":false,"path_per_floor":["M","M","M","M","M","R","M","R","T","?","R","M","?","$","R","B",null,"M","M","M","?","$","R","?","M","T","M","R","$","M","M","R","B",null,"M","?","?","M","M","R","M","R","T","M"],"character_chosen":"DEFECT","items_purchased":["Bandage Up","Go for the Eyes","Beam Cell","Stack","Defragment","Blind","Loop"],"campfire_rested":2,"item_purchase_floors":[14,14,14,14,22,22,29],"current_hp_per_floor":[74,74,74,68,66,66,49,49,49,54,54,61,62,62,62,52,80,80,77,80,64,64,64,40,25,25,34,34,34,40,37,37,24,40,35,35,35,30,2,14,24,36,36,0],"gold":202,"neow_bonus":"HUNDRED_GOLD","is_prod":false,"is_daily":false,"chose_seed":false,"campfire_upgraded":7,"win_rate":0,"timestamp":1554922988,"path_taken":["M","?","M","?","M","R","M","R","T","?","R","M","?","$","R","BOSS","M","M","M","?","$","R","?","M","T","M","R","?","M","M","R","BOSS","M","?","?","?","M","R","M","R","T","M"],"build_version":"2019-01-23","purchased_purges":1,"victory":false,"max_hp_per_floor":[75,75,75,75,75,75,75,75,75,80,80,80,80,80,80,80,80,80,80,80,80,80,80,40,40,40,40,40,40,40,40,40,40,40,40,40,40,40,40,40,40,40,40,40],"card_choices":[{"not_picked":["Streamline","Sweeping Beam"],"picked":"Leap","floor":1.0},{"not_picked":["Compile Driver","Barrage"],"picked":"Leap","floor":2.0},{"not_picked":["Stack","Cold Snap"],"picked":"BootSequence","floor":3.0},{"not_picked":["Redo","Rebound"],"picked":"White Noise","floor":4.0},{"not_picked":["Go for the Eyes","Turbo"],"picked":"Self Repair","floor":5.0},{"not_picked":["Multi-Cast","Barrage"],"picked":"Conserve Battery","floor":7.0},{"not_picked":["Beam Cell","Lockon"],"picked":"Defragment","floor":12.0},{"not_picked":["Sweeping Beam","Beam Cell"],"picked":"Redo","floor":13.0},{"not_picked":["Meteor Strike","Multi-Cast"],"picked":"Reboot","floor":16.0},{"not_picked":["Steam Power","Beam Cell"],"picked":"Cold Snap","floor":18.0},{"not_picked":["Skim","Barrage"],"picked":"Consume","floor":19.0},{"not_picked":["Heatsinks+1","Turbo+1"],"picked":"Loop","floor":20.0},{"not_picked":["Barrage","Compile Driver+1"],"picked":"Go for the Eyes","floor":25.0},{"not_picked":["Reinforced Body","Beam Cell"],"picked":"Doom and Gloom","floor":27.0},{"not_picked":["Stack","Beam Cell+1"],"picked":"Undo+1","floor":30.0},{"not_picked":["Go for the Eyes","Redo+1"],"picked":"Defragment","floor":31.0},{"not_picked":["Reboot","Multi-Cast"],"picked":"Core Surge","floor":33.0},{"not_picked":["Beam Cell","Streamline"],"picked":"Hologram+1","floor":35.0},{"not_picked":["Beam Cell","Chill+1"],"picked":"Doom and Gloom+1","floor":38},{"not_picked":["Ball Lightning+1","Redo"],"picked":"Coolheaded","floor":39},{"not_picked":["Chaos+1","Aggregate"],"picked":"Coolheaded+1","floor":41}],"player_experience":304470,"relics_obtained":[{"floor":9.0,"key":"Shuriken"},{"floor":13.0,"key":"Odd Mushroom"},{"floor":21.0,"key":"Necronomicon"},{"floor":26.0,"key":"Singing Bowl"},{"floor":37,"key":"Dead Branch"}],"event_choices":[{"damage_healed":0.0,"max_hp_gain":5.0,"max_hp_loss":0.0,"gold_gain":0.0,"event_name":"Big Fish","player_choice":"Donut","floor":10.0,"gold_loss":0.0,"damage_taken":0.0},{"damage_healed":0.0,"max_hp_gain":0.0,"max_hp_loss":0.0,"gold_gain":0.0,"event_name":"Mushrooms","player_choice":"Fought Mushrooms","floor":13.0,"gold_loss":0.0,"damage_taken":0.0},{"damage_healed":0.0,"max_hp_gain":0.0,"max_hp_loss":0.0,"gold_gain":0.0,"event_name":"Cursed Tome","player_choice":"Obtained Book","floor":21.0,"gold_loss":0.0,"damage_taken":16.0},{"damage_healed":0.0,"max_hp_gain":0.0,"max_hp_loss":40.0,"gold_gain":0.0,"event_name":"Ghosts","player_choice":"Became a Ghost","floor":24.0,"gold_loss":0.0,"damage_taken":0.0,"cards_obtained":["Ghostly","Ghostly","Ghostly","Ghostly","Ghostly"]},{"cards_removed":["Leap"],"damage_healed":0.0,"max_hp_gain":0.0,"max_hp_loss":0.0,"gold_gain":0.0,"event_name":"Falling","player_choice":"Removed Skill","floor":36.0,"gold_loss":0.0,"damage_taken":0.0},{"damage_healed":0,"gold_gain":0,"player_choice":"Relic","damage_taken":0,"max_hp_gain":0,"max_hp_loss":0,"event_name":"Wheel of Change","floor":37,"gold_loss":0}],"is_beta":false,"boss_relics":[{"not_picked":["Black Star","Runic Dome"],"picked":"Astrolabe"},{"not_picked":["Pandora\u0027s Box","Eternal Feather"],"picked":"Inserter"}],"items_purged_floors":[14],"is_endless":false,"potions_floor_spawned":[5,12,13,25,33,39],"killed_by":"Transient","ascension_level":2}