{"gold_per_floor":[117,117,131,147,97,123,123,153,153,164,182,194,204,204,204,204],"floor_reached":16,"playtime":1804,"items_purged":[],"score":120,"play_id":"83a669e3-fce4-4b83-ac2f-61eecc9654e9","local_time":"20190405141527","is_ascension_mode":true,"campfire_choices":[{"floor":7,"key":"RECALL"},{"floor":15,"key":"REST"}],"neow_cost":"NONE","seed_source_timestamp":527936431351000,"circlet_count":0,"master_deck":["Strike_R","Strike_R","Strike_R","Strike_R","Defend_R","Defend_R","Defend_R","Defend_R","Bash","Pommel Strike","Whirlwind","Barricade","True Grit","Armaments"],"relics":["Burning Blood","Anchor","Mummified Hand","Question Card"],"potions_floor_usage":[3,4,6,13,13,13,16],"damage_taken":[{"damage":6,"enemies":"2 Louse","floor":1,"turns":3},{"damage":6,"enemies":"Cultist","floor":3,"turns":3},{"damage":1,"enemies":"Jaw Worm","floor":4,"turns":2},{"damage":24,"enemies":"3 Sentries","floor":6,"turns":7},{"damage":65,"enemies":"Lagavulin","floor":8,"turns":10},{"damage":11,"enemies":"Large Slime","floor":10,"turns":6},{"damage":1,"enemies":"2 Fungi Beasts","floor":11,"turns":4},{"damage":4,"enemies":"Blue Slaver","floor":12,"turns":4},{"damage":3,"enemies":"Exordium Wildlife","floor":13,"turns":3},{"damage":45,"enemies":"The Guardian","floor":16,"turns":9}],"seed_played":"8909218161533450212","potions_obtained":[{"floor":0,"key":"PowerPotion"},{"floor":0,"key":"FairyPotion"},{"floor":0,"key":"PowerPotion"},{"floor":3,"key":"Fire Potion"},{"floor":10,"key":"LiquidBronze"},{"floor":11,"key":"Explosive Potion"},{"floor":12,"key":"Block Potion"},{"floor":13,"key":"Fire Potion"}],"is_trial":false,"path_per_floor":["M","?","M","M","?","E","R","E","T","M","M","M","M","?","R","B"],"character_chosen":"IRONCLAD","items_purchased":[],"campfire_rested":1,"item_purchase_floors":[],"current_hp_per_floor":[80,80,80,80,80,62,62,14,14,9,14,16,19,19,43,0],"gold":204,"neow_bonus":"THREE_SMALL_POTIONS","is_prod":false,"is_daily":false,"chose_seed":false,"campfire_upgraded":0,"win_rate":0,"timestamp":1554488127,"path_taken":["M","?","?","M","?","E","R","E","T","M","M","M","M","?","R","BOSS"],"build_version":"2019-01-23","purchased_purges":0,"victory":false,"max_hp_per_floor":[80,80,80,80,80,80,80,80,80,80,80,80,80,80,80,80],"card_choices":[{"not_picked":["True Grit","Armaments"],"picked":"Pommel Strike","floor":1},{"not_picked":["Flex","Hemokinesis","Heavy Blade"],"picked":"SKIP","floor":3},{"not_picked":["Armaments","Ghostly Armor"],"picked":"Whirlwind","floor":4},{"not_picked":["Clash","Pummel"],"picked":"Barricade","floor":6},{"not_picked":["Cleave","Sword Boomerang","Wild Strike"],"picked":"SKIP","floor":8},{"not_picked":["Power Through","Twin Strike"],"picked":"True Grit","floor":10},{"not_picked":["Clash","Anger","Headbutt"],"picked":"SKIP","floor":11},{"not_picked":["Sever Soul","Feed"],"picked":"Armaments","floor":12},{"not_picked":["Sever Soul","Wild Strike","Whirlwind"],"picked":"SKIP","floor":13}],"player_experience":146634,"relics_obtained":[{"floor":6,"key":"Anchor"},{"floor":8,"key":"Mummified Hand"}],"event_choices":[{"damage_healed":0,"gold_gain":0,"player_choice":"Bought 0 Potions","damage_taken":0,"max_hp_gain":0,"max_hp_loss":0,"event_name":"The Woman in Blue","floor":2,"gold_loss":0},{"cards_removed":["Strike_R"],"damage_healed":0,"gold_gain":0,"player_choice":"Card Removal","damage_taken":0,"max_hp_gain":0,"max_hp_loss":0,"event_name":"The Cleric","floor":5,"gold_loss":50},{"damage_healed":0,"gold_gain":0,"player_choice":"Searched \u00271\u0027 times","damage_taken":0,"relics_obtained":["Question Card"],"max_hp_gain":0,"max_hp_loss":0,"event_name":"Dead Adventurer","floor":14,"gold_loss":0}],"is_beta":false,"boss_relics":[],"items_purged_floors":[],"is_endless":false,"potions_floor_spawned":[3,10,11,12,13],"killed_by":"The Guardian","ascension_level":1}