{"gold_per_floor":[118,293,308,324,339,339,402,402,402,402,420,101,117,134,134,238,238,252,265,265,279,279,304,321,331,331,344,355,355,374,385,385,385],"floor_reached":33,"playtime":1173,"items_purged":[],"score":276,"play_id":"7b0f4cc5-d223-43bf-beb0-239403ef9bda","local_time":"20190202092742","is_ascension_mode":false,"campfire_choices":[{"data":"Shrug It Off","floor":6,"key":"SMITH"},{"data":"Body Slam","floor":8,"key":"SMITH"},{"data":"Armaments","floor":15,"key":"SMITH"},{"floor":29,"key":"REST"},{"data":"Perfected Strike","floor":32,"key":"SMITH"}],"neow_cost":"NONE","seed_source_timestamp":334930189450001,"circlet_count":0,"master_deck":["Strike_R+1","Strike_R+1","Strike_R+1","Strike_R+1","Strike_R+1","Defend_R+1","Defend_R+1","Defend_R+1","Defend_R+1","Bash+1","Shrug It Off+1","Iron Wave","Thunderclap","Shrug It Off","Body Slam+1","Wild Strike","True Grit","Cleave","Armaments+1","Cleave","Perfected Strike+1","Perfected Strike+1","Wild Strike","Shrug It Off","Flex","Wild Strike+1"],"relics":["Burning Blood","Tiny Chest","Kunai","Spirit Poop","Meat on the Bone","Sozu","Blue Candle","Mango","Bottled Flame"],"potions_floor_usage":[7,16],"damage_taken":[{"damage":1,"enemies":"2 Louse","floor":1,"turns":3},{"damage":5,"enemies":"Small Slimes","floor":3,"turns":4},{"damage":1,"enemies":"Cultist","floor":4,"turns":3},{"damage":24,"enemies":"Large Slime","floor":5,"turns":7},{"damage":29,"enemies":"Gremlin Nob","floor":7,"turns":5},{"damage":10,"enemies":"Exordium Thugs","floor":11,"turns":4},{"damage":5,"enemies":"Gremlin Gang","floor":13,"turns":5},{"damage":0,"enemies":"Exordium Wildlife","floor":14,"turns":2},{"damage":15,"enemies":"Slime Boss","floor":16,"turns":12},{"damage":7,"enemies":"2 Thieves","floor":18,"turns":4},{"damage":12,"enemies":"Chosen","floor":19,"turns":5},{"damage":33,"enemies":"Centurion and Healer","floor":21,"turns":8},{"damage":31,"enemies":"Book of Stabbing","floor":23,"turns":6},{"damage":18,"enemies":"Chosen and Byrds","floor":24,"turns":5},{"damage":3,"enemies":"3 Cultists","floor":25,"turns":5},{"damage":8,"enemies":"Cultist and Chosen","floor":27,"turns":5},{"damage":9,"enemies":"Snecko","floor":28,"turns":4},{"damage":5,"enemies":"Snake Plant","floor":30,"turns":3},{"damage":25,"enemies":"Centurion and Healer","floor":31,"turns":4},{"damage":72,"enemies":"Collector","floor":33,"turns":6}],"seed_played":"5878401741874863548","potions_obtained":[{"floor":3,"key":"Ancient Potion"},{"floor":4,"key":"BloodPotion"},{"floor":13,"key":"FearPotion"},{"floor":14,"key":"LiquidBronze"}],"is_trial":false,"path_per_floor":["M","?","M","M","M","R","E","R","T","?","M","$","M","M","R","B",null,"M","M","T","M","?","E","M","M","T","M","M","R","M","M","R","B"],"character_chosen":"IRONCLAD","items_purchased":["True Grit","Meat on the Bone","Cleave"],"campfire_rested":1,"item_purchase_floors":[12,12,12],"current_hp_per_floor":[80,80,80,80,62,62,47,47,47,47,43,43,56,62,62,53,80,79,73,73,58,58,59,59,62,62,60,57,85,86,67,67,0],"gold":385,"neow_bonus":"UPGRADE_CARD","is_prod":false,"is_daily":false,"chose_seed":false,"campfire_upgraded":4,"win_rate":0,"timestamp":1549124862,"path_taken":["M","?","M","M","M","R","E","R","T","?","M","$","M","M","R","BOSS","M","M","?","M","?","E","M","M","T","?","M","R","?","M","R","BOSS"],"build_version":"2019-01-23","purchased_purges":0,"victory":false,"max_hp_per_floor":[80,80,80,80,80,80,80,80,80,80,80,80,80,80,80,80,80,80,80,80,80,80,94,94,94,94,94,94,94,94,94,94,94],"card_choices":[{"not_picked":["Headbutt","Havoc"],"picked":"Shrug It Off","floor":1},{"not_picked":["Fire Breathing","Body Slam"],"picked":"Iron Wave","floor":3},{"not_picked":["Sword Boomerang","Warcry"],"picked":"Thunderclap","floor":4},{"not_picked":["Flex","Body Slam"],"picked":"Shrug It Off","floor":5},{"not_picked":["Searing Blow","Metallicize"],"picked":"Body Slam","floor":7},{"not_picked":["Rupture","Clothesline"],"picked":"Wild Strike","floor":11},{"not_picked":["Searing Blow","Disarm","Power Through"],"picked":"SKIP","floor":13},{"not_picked":["Havoc","Juggernaut"],"picked":"Armaments","floor":14},{"not_picked":["Dropkick","Metallicize+1","Second Wind"],"picked":"SKIP","floor":18},{"not_picked":["Carnage+1","Headbutt+1"],"picked":"Cleave","floor":19},{"not_picked":["Sword Boomerang","Intimidate+1"],"picked":"Perfected Strike","floor":21},{"not_picked":["Reaper","Shockwave+1"],"picked":"Perfected Strike+1","floor":23},{"not_picked":["Infernal Blade+1","Sword Boomerang","Dual Wield"],"picked":"SKIP","floor":24},{"not_picked":["Shrug It Off","Cleave"],"picked":"Wild Strike","floor":25},{"not_picked":["Heavy Blade+1","Reaper"],"picked":"Shrug It Off","floor":27},{"not_picked":["Clothesline+1","Hemokinesis"],"picked":"Flex","floor":28},{"not_picked":["Power Through","Disarm","Rampage"],"picked":"SKIP","floor":30},{"not_picked":["Flex","Armaments+1"],"picked":"Wild Strike+1","floor":31}],"player_experience":1369158,"relics_obtained":[{"floor":7,"key":"Tiny Chest"},{"floor":9,"key":"Kunai"},{"floor":20,"key":"Blue Candle"},{"floor":23,"key":"Mango"},{"floor":26,"key":"Bottled Flame"}],"event_choices":[{"damage_healed":0,"gold_gain":175,"player_choice":"AGREE","damage_taken":0,"max_hp_gain":0,"max_hp_loss":0,"event_name":"Liars Game","floor":2,"gold_loss":0,"cards_obtained":["Doubt"]},{"cards_removed":["Doubt"],"damage_healed":0,"gold_gain":0,"player_choice":"Offered Curse","damage_taken":0,"relics_obtained":["Spirit Poop"],"max_hp_gain":0,"max_hp_loss":0,"event_name":"Bonfire Elementals","floor":10,"gold_loss":0},{"damage_healed":0,"gold_gain":0,"player_choice":"Simplicity","damage_taken":0,"max_hp_gain":0,"max_hp_loss":0,"event_name":"Back to Basics","floor":22,"gold_loss":0,"cards_upgraded":["Strike_R","Strike_R","Strike_R","Strike_R","Strike_R","Defend_R","Defend_R","Defend_R","Defend_R"]}],"is_beta":false,"boss_relics":[{"not_picked":["Runic Pyramid","Philosopher\u0027s Stone"],"picked":"Sozu"}],"items_purged_floors":[],"is_endless":false,"potions_floor_spawned":[3,4,13,14,19,23,25],"killed_by":"Collector","ascension_level":0}