{"gold_per_floor":[110,59,73,73,83,111,111,36,36,77,89,118,192,218,230,347,359,383,405,432,4,18,18,18,18,18,18,28,28,28,44,44,140,140,160,180,180,180,180,180,199,59,59,59,0,11,11,22,22,22],"floor_reached":50,"playtime":1329,"items_purged":["Regret"],"score":487,"play_id":"ad897edd-a865-4230-845e-8ebfff653e2a","local_time":"20181118184717","is_ascension_mode":false,"campfire_choices":[{"data":"Perfected Strike","floor":7,"key":"SMITH"},{"floor":15,"key":"REST"},{"floor":23,"key":"RECALL"},{"floor":25,"key":"REST"},{"data":"Limit Break","floor":30,"key":"SMITH"},{"floor":32,"key":"REST"},{"data":"Limit Break","floor":40,"key":"SMITH"},{"data":"Pummel","floor":44,"key":"SMITH"},{"floor":49,"key":"REST"}],"neow_cost":"NONE","seed_source_timestamp":434792979827841,"circlet_count":0,"master_deck":["Strike_R","Strike_R","Strike_R","Strike_R","Strike_R","Defend_R","Defend_R","Defend_R","Defend_R","Bash","Perfected Strike+1","Flex","Perfected Strike","Flex","Perfected Strike","Dual Wield","Demon Form+1","Twin Strike","Limit Break+1","Heavy Blade","Thunderclap+1","Wild Strike","Limit Break+1","Twin Strike+1","Iron Wave","Reaper","Wild Strike+1","Good Instincts","Heavy Blade","Pummel+1","Dual Wield","Iron Wave"],"relics":["Burning Blood","Meat on the Bone","Mango","MawBank","Frozen Egg 2","Tiny Chest","Mark of Pain","Oddly Smooth Stone","Pen Nib","MutagenicStrength","Busted Crown","Self Forming Clay","Singing Bowl","Red Mask"],"potions_floor_usage":[16,18,19,22,33,48,48,50,50],"damage_taken":[{"damage":6,"enemies":"Cultist","floor":1,"turns":3},{"damage":6,"enemies":"Jaw Worm","floor":3,"turns":2},{"damage":2,"enemies":"2 Louse","floor":5,"turns":2},{"damage":30,"enemies":"Gremlin Nob","floor":6,"turns":4},{"damage":26,"enemies":"Lagavulin","floor":10,"turns":5},{"damage":8,"enemies":"Gremlin Gang","floor":12,"turns":4},{"damage":27,"enemies":"Gremlin Nob","floor":13,"turns":4},{"damage":10,"enemies":"Looter","floor":14,"turns":2},{"damage":52,"enemies":"Slime Boss","floor":16,"turns":8},{"damage":5,"enemies":"Chosen","floor":18,"turns":3},{"damage":25,"enemies":"Spheric Guardian","floor":19,"turns":4},{"damage":32,"enemies":"Centurion and Healer","floor":20,"turns":4},{"damage":18,"enemies":"Snake Plant","floor":22,"turns":3},{"damage":9,"enemies":"Chosen and Byrds","floor":28,"turns":3},{"damage":30,"enemies":"Centurion and Healer","floor":31,"turns":4},{"damage":61,"enemies":"Collector","floor":33,"turns":6},{"damage":70,"enemies":"3 Darklings","floor":35,"turns":5},{"damage":16,"enemies":"3 Shapes","floor":36,"turns":5},{"damage":20,"enemies":"Transient","floor":41,"turns":5},{"damage":15,"enemies":"Sphere and 2 Shapes","floor":46,"turns":5},{"damage":34,"enemies":"Writhing Mass","floor":48,"turns":6},{"damage":108,"enemies":"Awakened One","floor":50,"turns":9}],"seed_played":"9067906325647923642","potions_obtained":[{"floor":6,"key":"Explosive Potion"},{"floor":13,"key":"Regen Potion"},{"floor":14,"key":"BloodPotion"},{"floor":16,"key":"Weak Potion"},{"floor":18,"key":"Fruit Juice"},{"floor":22,"key":"FearPotion"},{"floor":31,"key":"Strength Potion"},{"floor":36,"key":"SpeedPotion"},{"floor":41,"key":"Weak Potion"},{"floor":48,"key":"Block Potion"}],"is_trial":false,"path_per_floor":["M","$","M","?","M","E","R","$","T","E","?","M","E","M","R","B",null,"M","M","M","$","M","R","$","R","T","?","M","?","R","M","R","B",null,"M","M","T","?","?","R","M","$","T","R","?","M","?","M","R","B"],"character_chosen":"IRONCLAD","items_purchased":["Flex","Oddly Smooth Stone","Pen Nib","Limit Break","Pummel","Dual Wield"],"campfire_rested":4,"item_purchase_floors":[2,21,21,21,42,42],"current_hp_per_floor":[80,80,80,80,80,70,70,70,70,62,94,92,71,67,94,62,94,99,89,63,63,63,63,63,92,92,92,89,89,89,65,94,51,99,66,56,56,56,56,56,66,66,66,66,66,59,59,45,75,0],"gold":22,"neow_bonus":"RANDOM_COLORLESS","is_prod":false,"is_daily":false,"chose_seed":false,"campfire_upgraded":4,"win_rate":0,"timestamp":1542592037,"path_taken":["M","?","M","?","M","E","R","$","T","E","?","M","E","M","R","BOSS","M","?","?","$","M","R","$","R","T","?","M","?","R","M","R","BOSS","M","?","?","?","?","R","?","$","T","R","?","M","?","M","R","BOSS"],"build_version":"2018-11-15","purchased_purges":1,"victory":false,"max_hp_per_floor":[80,80,80,80,80,94,94,94,94,94,94,94,94,94,94,94,94,99,99,99,99,99,99,99,99,99,99,99,99,99,99,99,99,99,99,99,99,99,99,99,99,99,99,99,99,101,101,103,103,103],"card_choices":[{"not_picked":["Clash","Wild Strike"],"picked":"Perfected Strike","floor":1},{"not_picked":["Havoc","Intimidate"],"picked":"Perfected Strike","floor":3},{"not_picked":["Infernal Blade","Hemokinesis"],"picked":"Flex","floor":5},{"not_picked":["Feel No Pain","Rampage"],"picked":"Inflame","floor":6},{"not_picked":["Iron Wave","Shrug It Off"],"picked":"Perfected Strike","floor":10},{"not_picked":["Sentinel","Dark Embrace+1"],"picked":"Dual Wield","floor":12},{"not_picked":["Second Wind","Dual Wield"],"picked":"Demon Form+1","floor":13},{"not_picked":["Flame Barrier","True Grit"],"picked":"Twin Strike","floor":14},{"not_picked":["Demon Form+1","Bludgeon"],"picked":"Limit Break","floor":16},{"not_picked":["Combust+1","Iron Wave"],"picked":"Heavy Blade","floor":18},{"not_picked":["Anger+1","Clothesline"],"picked":"Thunderclap+1","floor":19},{"not_picked":["Flex","Clash+1"],"picked":"Wild Strike","floor":20},{"not_picked":["Perfected Strike","Body Slam"],"picked":"Twin Strike+1","floor":22},{"not_picked":["Body Slam","Iron Wave"],"picked":"Seeing Red","floor":28},{"not_picked":["Cleave","Flex","Clash"],"picked":"SKIP","floor":31},{"not_picked":["Limit Break","Dark Embrace+1"],"picked":"Reaper","floor":33},{"not_picked":["Cleave"],"picked":"SKIP","floor":35},{"not_picked":[],"picked":"Wild Strike+1","floor":36},{"not_picked":[],"picked":"Heavy Blade","floor":41},{"not_picked":["Rampage"],"picked":"Singing Bowl","floor":46},{"not_picked":["Anger+1"],"picked":"Singing Bowl","floor":48}],"player_experience":1093204,"relics_obtained":[{"floor":6,"key":"Mango"},{"floor":9,"key":"MawBank"},{"floor":10,"key":"Frozen Egg 2"},{"floor":13,"key":"Tiny Chest"},{"floor":37,"key":"Self Forming Clay"},{"floor":43,"key":"Singing Bowl"}],"event_choices":[{"damage_healed":0,"gold_gain":0,"player_choice":"Box","damage_taken":0,"relics_obtained":["Meat on the Bone"],"max_hp_gain":0,"max_hp_loss":0,"event_name":"Big Fish","floor":4,"gold_loss":0,"cards_obtained":["Regret"]},{"cards_removed":["Deep Breath"],"damage_healed":32,"gold_gain":0,"player_choice":"Offered Uncommon","damage_taken":0,"max_hp_gain":0,"max_hp_loss":0,"event_name":"Bonfire Elementals","floor":11,"gold_loss":0},{"damage_healed":0,"gold_gain":0,"player_choice":"Inject Mutagens","damage_taken":0,"relics_obtained":["MutagenicStrength"],"max_hp_gain":0,"max_hp_loss":0,"event_name":"Drug Dealer","floor":27,"gold_loss":0},{"cards_removed":["Inflame"],"damage_healed":0,"gold_gain":0,"player_choice":"Took Card","damage_taken":0,"max_hp_gain":0,"max_hp_loss":0,"event_name":"NoteForYourself","floor":29,"gold_loss":0,"cards_obtained":["Iron Wave"]},{"cards_removed":["Seeing Red"],"damage_healed":0,"gold_gain":0,"player_choice":"Removed Skill","damage_taken":0,"max_hp_gain":0,"max_hp_loss":0,"event_name":"Falling","floor":38,"gold_loss":0},{"damage_healed":0,"gold_gain":0,"player_choice":"2 cards matched","damage_taken":0,"max_hp_gain":0,"max_hp_loss":0,"event_name":"Match and Keep!","floor":39,"gold_loss":0,"cards_obtained":["Cleave","Good Instincts"]},{"damage_healed":0,"gold_gain":0,"player_choice":"Paid","damage_taken":0,"relics_obtained":["Red Mask"],"max_hp_gain":0,"max_hp_loss":0,"event_name":"Tomb of Lord Red Mask","floor":45,"gold_loss":59},{"damage_healed":0,"gold_gain":0,"cards_transformed":["Cleave"],"player_choice":"Transformed","damage_taken":0,"max_hp_gain":0,"max_hp_loss":0,"event_name":"Transmorgrifier","floor":47,"gold_loss":0,"cards_obtained":["Iron Wave"]}],"is_beta":false,"boss_relics":[{"not_picked":["Black Star","Pandora\u0027s Box"],"picked":"Mark of Pain"},{"not_picked":["Sozu","Fusion Hammer"],"picked":"Busted Crown"}],"items_purged_floors":[8],"is_endless":false,"potions_floor_spawned":[6,13,14,16,18,22,31,36,41,48],"killed_by":"Awakened One","ascension_level":0}