{"gold_per_floor":[119,135,135,100,100,115,155,155,155,155,155,168,6,29,29,128,128,144,144,162,180,180],"floor_reached":22,"playtime":829,"items_purged":[],"score":307,"play_id":"0d87f432-56e6-4816-ae19-accf8d2e7eee","local_time":"20190127162416","is_ascension_mode":true,"campfire_choices":[{"floor":8,"key":"REST"},{"data":"Juggernaut","floor":11,"key":"SMITH"},{"floor":15,"key":"REST"}],"neow_cost":"PERCENT_DAMAGE","seed_source_timestamp":527942018197212,"circlet_count":0,"master_deck":["AscendersBane","Strike_R","Strike_R","Strike_R","Strike_R","Strike_R","Defend_R","Defend_R","Defend_R","Defend_R","Bash","Double Tap","Thunderclap+1","Flex","Injury","Ghostly Armor","Juggernaut+1","Sentinel","Apotheosis","Dropkick","Feed","Shrug It Off+1","Double Tap","Twin Strike","Second Wind"],"relics":["Burning Blood","Golden Idol","Meat on the Bone","WingedGreaves","Mark of Pain"],"potions_floor_usage":[16,16,22],"damage_taken":[{"damage":12,"enemies":"Cultist","floor":1,"turns":6},{"damage":11,"enemies":"Jaw Worm","floor":2,"turns":5},{"damage":11,"enemies":"Small Slimes","floor":6,"turns":3},{"damage":45,"enemies":"Gremlin Nob","floor":7,"turns":5},{"damage":16,"enemies":"3 Louse","floor":12,"turns":3},{"damage":12,"enemies":"Looter","floor":14,"turns":4},{"damage":58,"enemies":"Hexaghost","floor":16,"turns":9},{"damage":29,"enemies":"Shell Parasite","floor":18,"turns":7},{"damage":13,"enemies":"Spheric Guardian","floor":20,"turns":5},{"damage":48,"enemies":"Snake Plant","floor":21,"turns":5},{"damage":27,"enemies":"Cultist and Chosen","floor":22,"turns":4}],"seed_played":"7914388105957860637","potions_obtained":[{"floor":1,"key":"Energy Potion"},{"floor":6,"key":"LiquidBronze"},{"floor":18,"key":"Energy Potion"},{"floor":20,"key":"Explosive Potion"}],"is_trial":false,"path_per_floor":["M","M","?","?","?","M","E","R","T","?","R","M","$","M","R","B",null,"M","?","M","M","M"],"character_chosen":"IRONCLAD","items_purchased":["Apotheosis"],"campfire_rested":2,"item_purchase_floors":[13],"current_hp_per_floor":[45,40,40,60,60,55,16,40,40,66,66,56,56,50,74,34,69,58,58,55,25,0],"gold":180,"neow_bonus":"THREE_RARE_CARDS","is_prod":false,"is_daily":false,"chose_seed":false,"campfire_upgraded":1,"win_rate":0,"timestamp":1548631456,"path_taken":["M","M","?","?","?","M","E","R","T","?","R","M","?","M","R","BOSS","M","?","M","?","M"],"build_version":"2019-01-23","purchased_purges":0,"victory":false,"max_hp_per_floor":[80,80,80,80,80,80,80,80,80,80,80,80,80,80,80,80,80,80,80,84,84,84],"card_choices":[{"not_picked":["Offering","Barricade"],"picked":"Double Tap","floor":0},{"not_picked":["Metallicize","Anger"],"picked":"Thunderclap","floor":1},{"not_picked":["Sword Boomerang","Battle Trance"],"picked":"Flex","floor":2},{"not_picked":["Sword Boomerang","Clothesline"],"picked":"Ghostly Armor","floor":6},{"not_picked":["Corruption","Warcry"],"picked":"Juggernaut","floor":7},{"not_picked":["Anger","Feel No Pain"],"picked":"Sentinel","floor":12},{"not_picked":["Body Slam","Battle Trance"],"picked":"Dropkick","floor":14},{"not_picked":["Demon Form","Barricade"],"picked":"Feed","floor":16},{"not_picked":["Metallicize","Perfected Strike"],"picked":"Shrug It Off+1","floor":18},{"not_picked":["Armaments","Pummel"],"picked":"Twin Strike","floor":20},{"not_picked":["Anger","Twin Strike"],"picked":"Second Wind","floor":21}],"player_experience":1310989,"relics_obtained":[{"floor":7,"key":"Meat on the Bone"},{"floor":9,"key":"WingedGreaves"}],"event_choices":[{"damage_healed":0,"gold_gain":0,"player_choice":"Take Wound","damage_taken":0,"relics_obtained":["Golden Idol"],"max_hp_gain":0,"max_hp_loss":0,"event_name":"Golden Idol","floor":3,"gold_loss":0,"cards_obtained":["Injury"]},{"damage_healed":20,"gold_gain":0,"player_choice":"Healed","damage_taken":0,"max_hp_gain":0,"max_hp_loss":0,"event_name":"The Cleric","floor":4,"gold_loss":35},{"damage_healed":0,"gold_gain":0,"player_choice":"Grow","damage_taken":0,"max_hp_gain":0,"max_hp_loss":0,"event_name":"Living Wall","floor":5,"gold_loss":0,"cards_upgraded":["Thunderclap"]},{"damage_healed":26,"gold_gain":0,"player_choice":"Banana","damage_taken":0,"max_hp_gain":0,"max_hp_loss":0,"event_name":"Big Fish","floor":10,"gold_loss":0},{"damage_healed":0,"gold_gain":0,"player_choice":"1 cards matched","damage_taken":0,"max_hp_gain":0,"max_hp_loss":0,"event_name":"Match and Keep!","floor":19,"gold_loss":0,"cards_obtained":["Double Tap"]}],"is_beta":false,"boss_relics":[{"not_picked":["Busted Crown","Ectoplasm"],"picked":"Mark of Pain"}],"items_purged_floors":[],"is_endless":false,"potions_floor_spawned":[1,6,12,18,20],"killed_by":"Cultist and Chosen","ascension_level":13}