{"gold_per_floor":[110,60,78,96,116,116,129,129,156,187,187,212,212,246,246,351,351,366,366,366,376,153,153,186,186,209,226,244,275,290,320,320,320],"floor_reached":33,"playtime":1919,"items_purged":["Writhe"],"score":350,"play_id":"f1e68e9f-88b4-420a-b015-d1ca8fb43db9","local_time":"20190210171251","is_ascension_mode":false,"campfire_choices":[{"data":"Iron Wave","floor":6,"key":"SMITH"},{"floor":8,"key":"REST"},{"floor":11,"key":"REST"},{"floor":15,"key":"REST"},{"data":"Enlightenment","floor":23,"key":"SMITH"},{"floor":25,"key":"REST"},{"floor":32,"key":"REST"}],"neow_cost":"NONE","seed_source_timestamp":274823097212662,"circlet_count":0,"master_deck":["Strike_R","Strike_R","Strike_R","Strike_R","Strike_R","Defend_R","Bash","Iron Wave+1","Shrug It Off+1","Shrug It Off+1","Shrug It Off","Iron Wave","Pommel Strike","Bludgeon","Rampage","Twin Strike+1","Enlightenment+1","Clash","Armaments+1","Cleave","Cleave","Anger","Shrug It Off+1","Anger","Body Slam+1"],"relics":["Burning Blood","Dream Catcher","Centennial Puzzle","Bronze Scales","Red Skull","CultistMask","War Paint","Empty Cage","PreservedInsect","Bottled Lightning","Orichalcum","Question Card","Pen Nib"],"potions_floor_usage":[7,12,21,21,28,30,33],"damage_taken":[{"damage":0,"enemies":"2 Louse","floor":1,"turns":3},{"damage":0,"enemies":"Small Slimes","floor":3,"turns":3},{"damage":6,"enemies":"Cultist","floor":4,"turns":3},{"damage":16,"enemies":"Large Slime","floor":5,"turns":7},{"damage":15,"enemies":"Exordium Thugs","floor":7,"turns":6},{"damage":37,"enemies":"Gremlin Nob","floor":10,"turns":5},{"damage":19,"enemies":"3 Sentries","floor":12,"turns":8},{"damage":23,"enemies":"Lagavulin","floor":14,"turns":7},{"damage":37,"enemies":"Hexaghost","floor":16,"turns":11},{"damage":0,"enemies":"3 Byrds","floor":18,"turns":4},{"damage":10,"enemies":"Shell Parasite","floor":21,"turns":5},{"damage":26,"enemies":"Book of Stabbing","floor":24,"turns":5},{"damage":10,"enemies":"3 Cultists","floor":27,"turns":6},{"damage":14,"enemies":"Shelled Parasite and Fungi","floor":28,"turns":4},{"damage":40,"enemies":"Slavers","floor":29,"turns":7},{"damage":0,"enemies":"Snecko","floor":30,"turns":2},{"damage":11,"enemies":"Gremlin Leader","floor":31,"turns":3},{"damage":62,"enemies":"Automaton","floor":33,"turns":6}],"seed_played":"1924375951782076833","potions_obtained":[{"floor":1,"key":"EssenceOfSteel"},{"floor":5,"key":"AttackPotion"},{"floor":10,"key":"Block Potion"},{"floor":12,"key":"Poison Potion"},{"floor":27,"key":"SkillPotion"},{"floor":28,"key":"Strength Potion"},{"floor":29,"key":"Swift Potion"}],"is_trial":false,"path_per_floor":["?","?","?","?"],"character_chosen":"IRONCLAD","items_purchased":["Enlightenment","Clash"],"campfire_rested":5,"item_purchase_floors":[22,22],"current_hp_per_floor":[80,80,80,80,70,70,61,80,80,49,73,60,60,43,67,36,80,80,80,80,76,76,76,56,80,80,76,68,34,40,35,59,0],"gold":320,"neow_bonus":"RANDOM_COMMON_RELIC","is_prod":false,"is_daily":false,"chose_seed":false,"campfire_upgraded":2,"win_rate":0,"timestamp":1549836771,"path_taken":["M","?","M","M","M","R","M","R","T","E","R","E","?","E","R","BOSS","M","?","?","M","$","R","E","R","T","M","M","E","M","E","R","BOSS"],"build_version":"2019-01-23","purchased_purges":1,"victory":false,"max_hp_per_floor":[80,80,80,80,80,80,80,80,80,80,80,80,80,80,80,80,80,80,80,80,80,80,80,80,80,80,80,80,80,80,80,80,80],"card_choices":[{"not_picked":["Intimidate","Havoc"],"picked":"Iron Wave","floor":1},{"not_picked":["Flex","Ghostly Armor"],"picked":"Shrug It Off","floor":3},{"not_picked":["Twin Strike","Heavy Blade"],"picked":"Shrug It Off","floor":4},{"not_picked":["Juggernaut","Wild Strike"],"picked":"Shrug It Off","floor":5},{"not_picked":["Clothesline","Ghostly Armor","Havoc"],"picked":"SKIP","floor":7},{"not_picked":["Thunderclap","Perfected Strike"],"picked":"Iron Wave","floor":8},{"not_picked":["Feel No Pain","Clothesline","Havoc"],"picked":"SKIP","floor":10},{"not_picked":["Armaments","Heavy Blade"],"picked":"Pommel Strike","floor":11},{"not_picked":["True Grit","Rage","Pummel"],"picked":"SKIP","floor":12},{"not_picked":["Spot Weakness","Limit Break","Headbutt"],"picked":"SKIP","floor":14},{"not_picked":["Exhume","Offering"],"picked":"Bludgeon","floor":16},{"not_picked":["Combust","Spot Weakness"],"picked":"Rampage","floor":18},{"not_picked":["Heavy Blade","Thunderclap+1"],"picked":"Twin Strike+1","floor":21},{"not_picked":["Wild Strike+1","Flex"],"picked":"Armaments+1","floor":24},{"not_picked":["Clothesline","Havoc"],"picked":"Cleave","floor":25},{"not_picked":["Intimidate+1","Offering","Armaments"],"picked":"SKIP","floor":27},{"not_picked":["Flex+1","Headbutt"],"picked":"Cleave","floor":28},{"not_picked":["Twin Strike","Iron Wave"],"picked":"Anger","floor":29},{"not_picked":["Anger","Fire Breathing","Thunderclap+1"],"picked":"Shrug It Off+1","floor":30},{"not_picked":["Headbutt","Twin Strike","Brutality"],"picked":"Anger","floor":31},{"not_picked":["Fire Breathing","Sword Boomerang","Armaments"],"picked":"Body Slam+1","floor":32}],"player_experience":386740,"relics_obtained":[{"floor":9,"key":"Centennial Puzzle"},{"floor":10,"key":"Bronze Scales"},{"floor":12,"key":"Red Skull"},{"floor":14,"key":"War Paint"},{"floor":24,"key":"Bottled Lightning"},{"floor":26,"key":"Orichalcum"},{"floor":29,"key":"Question Card"},{"floor":31,"key":"Pen Nib"}],"event_choices":[{"cards_removed":["Defend_R"],"damage_healed":0,"gold_gain":0,"player_choice":"Card Removal","damage_taken":0,"max_hp_gain":0,"max_hp_loss":0,"event_name":"The Cleric","floor":2,"gold_loss":50},{"damage_healed":0,"gold_gain":0,"player_choice":"Trade","damage_taken":0,"relics_obtained":["CultistMask"],"max_hp_gain":0,"max_hp_loss":0,"event_name":"FaceTrader","floor":13,"gold_loss":0},{"damage_healed":0,"gold_gain":0,"player_choice":"Ignored","damage_taken":0,"max_hp_gain":0,"max_hp_loss":0,"event_name":"Ghosts","floor":19,"gold_loss":0},{"damage_healed":0,"gold_gain":0,"player_choice":"Opened","damage_taken":0,"relics_obtained":["PreservedInsect"],"max_hp_gain":0,"max_hp_loss":0,"event_name":"The Mausoleum","floor":20,"gold_loss":0,"cards_obtained":["Writhe"]}],"is_beta":false,"boss_relics":[{"not_picked":["Sozu","Snecko Eye"],"picked":"Empty Cage"}],"items_purged_floors":[22],"is_endless":false,"potions_floor_spawned":[1,5,10,12,27,28,29],"killed_by":"Automaton","ascension_level":0}