{"path_per_floor":["M","?","M","?","?","R","?","R","T","M","M","$","M","$","R","B",null,"M","?"],"character_chosen":"IRONCLAD","items_purchased":["Dramatic Entrance"],"gold_per_floor":[109,109,125,125,200,200,200,200,200,214,228,61,72,72,72,167,167,177,447],"floor_reached":20,"campfire_rested":0,"playtime":713,"current_hp_per_floor":[80,64,70,70,59,59,56,56,56,61,62,62,68,68,68,42,80,51,11],"items_purged":["Strike_R"],"gold":447,"score":162,"play_id":"1cbf9c02-dbe0-4c5f-b6fa-ac379424dc6d","local_time":"20180228223508","is_prod":false,"is_daily":false,"is_ascension_mode":false,"campfire_upgraded":3,"timestamp":1519875308,"path_taken":["M","?","M","?","?","R","?","R","T","M","M","$","M","$","R","BOSS","M","?","M"],"build_version":"2018-02-28-BETA1","purchased_purges":1,"victory":false,"master_deck":["Strike_R","Strike_R+1","Strike_R+1","Defend_R","Defend_R","Defend_R","Defend_R","Bash","Flex+1","Warcry+1","Anger","Evolve+1","Flex+1","Dramatic Entrance","Double Tap+1","Demon Form","Inflame","Madness+1"],"max_hp_per_floor":[80,80,80,80,80,80,80,80,80,80,80,80,80,80,80,80,80,80,80],"relics":["Burning Blood","Lantern","Gremlin Horn","Toxic Egg 2","Mark of Pain"],"card_choices":[{"not_picked":["Sever Soul","Pommel Strike"],"picked":"Flex"},{"not_picked":["Cleave","Clash"],"picked":"Warcry"},{"not_picked":["Armaments","Fire Breathing"],"picked":"Evolve"},{"not_picked":["Clash","Searing Blow"],"picked":"Flex"},{"not_picked":["Body Slam","Armaments"],"picked":"Double Tap"},{"not_picked":["Immolate","Juggernaut"],"picked":"Demon Form"},{"not_picked":["Warcry","Thunderclap"],"picked":"Inflame"}],"player_experience":35330,"potions_floor_usage":[16,16],"damage_taken":[{"damage":2,"enemies":"2 Louse","floor":1,"turns":2},{"damage":0,"enemies":"Small Slimes","floor":3,"turns":3},{"damage":1,"enemies":"Jaw Worm","floor":10,"turns":2},{"damage":5,"enemies":"Looter","floor":11,"turns":2},{"damage":0,"enemies":"Large Slime","floor":13,"turns":3},{"damage":32,"enemies":"Hexaghost","floor":16,"turns":9},{"damage":35,"enemies":"3 Byrds","floor":18,"turns":5},{"damage":4,"enemies":"Shell Parasite","floor":20,"turns":3}],"event_choices":[{"event_name":"Shining Light","player_choice":"Entered Light","floor":2,"damage_taken":0},{"event_name":"Living Wall","player_choice":"Change","floor":4,"damage_taken":0},{"event_name":"World of Goop","player_choice":"Gather Gold","floor":5,"damage_taken":0},{"event_name":"Scrap Ooze","player_choice":"success","floor":7,"damage_taken":3},{"event_name":"Knowing Skull","player_choice":"CARD GOLD GOLD GOLD ","floor":19,"damage_taken":0}],"boss_relics":[{"not_picked":["Lizard Tail","Philosopher\u0027s Stone"],"picked":"Mark of Pain"}],"potions_floor_spawned":[10,11],"seed_played":"3115465629341443247","killed_by":"Shell Parasite","ascension_level":0,"is_trial":false}