{"gold_per_floor":[112,126,144,161,161,161,186,186,209,209,209,228,239,44,44,141,141,156,167,27,27,43,43],"floor_reached":23,"playtime":1758,"items_purged":["Strike_B","Consume"],"score":241,"play_id":"5bc8fbd6-b90d-4d46-a63a-e7f4ef1fcdc6","local_time":"20190319150549","is_ascension_mode":true,"campfire_choices":[{"data":"Scrape","floor":6,"key":"SMITH"},{"floor":8,"key":"REST"},{"data":"Go for the Eyes","floor":10,"key":"SMITH"},{"data":"Scrape","floor":15,"key":"SMITH"}],"neow_cost":"NONE","seed_source_timestamp":314505801028102,"circlet_count":0,"master_deck":["Strike_B","Defend_B","Defend_B","Defend_B","Zap+1","Dualcast","Conserve Battery","Scrape+1","Leap","Go for the Eyes+1","Scrape+1","Defragment","Glacier","Sunder","Defragment","Steam"],"relics":["Cracked Core","Omamori","Smiling Mask","Potion Belt","DataDisk","Empty Cage"],"potions_floor_usage":[23,23],"damage_taken":[{"damage":2,"enemies":"2 Louse","floor":1,"turns":2},{"damage":3,"enemies":"Small Slimes","floor":2,"turns":3},{"damage":7,"enemies":"Jaw Worm","floor":3,"turns":2},{"damage":5,"enemies":"Exordium Wildlife","floor":4,"turns":6},{"damage":21,"enemies":"Gremlin Nob","floor":7,"turns":5},{"damage":8,"enemies":"2 Fungi Beasts","floor":12,"turns":4},{"damage":7,"enemies":"Gremlin Gang","floor":13,"turns":4},{"damage":22,"enemies":"The Guardian","floor":16,"turns":11},{"damage":21,"enemies":"2 Thieves","floor":18,"turns":4},{"damage":3,"enemies":"3 Byrds","floor":19,"turns":6},{"damage":6,"enemies":"Centurion and Healer","floor":22,"turns":10},{"damage":35,"enemies":"Gremlin Leader","floor":23,"turns":7}],"seed_played":"3527430314017881837","potions_obtained":[{"floor":2,"key":"SteroidPotion"},{"floor":3,"key":"Poison Potion"},{"floor":4,"key":"SpeedPotion"},{"floor":19,"key":"Block Potion"},{"floor":22,"key":"GamblersBrew"}],"is_trial":false,"path_per_floor":["?","?","?"],"character_chosen":"DEFECT","items_purchased":["DataDisk","Defragment","Steam"],"campfire_rested":1,"item_purchase_floors":[14,20,20],"current_hp_per_floor":[73,70,63,58,58,58,37,59,59,59,59,51,44,44,44,22,62,41,38,38,38,32,0],"gold":43,"neow_bonus":"UPGRADE_CARD","is_prod":false,"is_daily":false,"chose_seed":false,"campfire_upgraded":3,"win_rate":0,"timestamp":1553022349,"path_taken":["M","M","M","M","?","R","E","R","T","R","?","M","M","$","R","BOSS","M","M","$","?","M","E"],"build_version":"2019-01-23","purchased_purges":2,"victory":false,"max_hp_per_floor":[75,75,75,75,75,75,75,75,75,75,75,75,75,75,75,75,75,75,75,75,75,75,75],"card_choices":[{"not_picked":["Rebound","Leap"],"picked":"Conserve Battery","floor":1},{"not_picked":["Capacitor","Rebound"],"picked":"Consume","floor":2},{"not_picked":["Compile Driver","Beam Cell"],"picked":"Scrape","floor":3},{"not_picked":["Hello World","Rebound"],"picked":"Leap","floor":4},{"not_picked":["Scrape","Compile Driver"],"picked":"Go for the Eyes","floor":7},{"not_picked":["Aggregate","Steam"],"picked":"Scrape","floor":12},{"not_picked":["Static Discharge","Steam"],"picked":"Defragment","floor":13},{"not_picked":["Cold Snap","Steam Power"],"picked":"Glacier","floor":18},{"not_picked":["Compile Driver","Cold Snap"],"picked":"Sunder","floor":19},{"not_picked":["Blizzard","Cold Snap","Sweeping Beam+1"],"picked":"SKIP","floor":22}],"player_experience":792298,"relics_obtained":[{"floor":7,"key":"Omamori"},{"floor":9,"key":"Smiling Mask"}],"event_choices":[{"damage_healed":0,"gold_gain":0,"player_choice":"Ignored","damage_taken":0,"max_hp_gain":0,"max_hp_loss":0,"event_name":"Liars Game","floor":5,"gold_loss":0},{"damage_healed":0,"gold_gain":0,"player_choice":"Box","damage_taken":0,"relics_obtained":["Potion Belt"],"max_hp_gain":0,"max_hp_loss":0,"event_name":"Big Fish","floor":11,"gold_loss":0,"cards_obtained":["Regret"]},{"cards_removed":["Defend_B"],"damage_healed":0,"gold_gain":0,"player_choice":"Elegance","damage_taken":0,"max_hp_gain":0,"max_hp_loss":0,"event_name":"Back to Basics","floor":21,"gold_loss":0}],"is_beta":false,"boss_relics":[{"not_picked":["White Beast Statue","Fusion Hammer"],"picked":"Empty Cage"}],"items_purged_floors":[14,20],"is_endless":false,"potions_floor_spawned":[2,3,4,19,22],"killed_by":"Gremlin Leader","ascension_level":5}