{"path_per_floor":["M","?","?","M","$","R","E","$","T","E","M","R","?","M","R","B",null,"M","M","$","M","T","E"],"character_chosen":"IRONCLAD","items_purchased":["Limit Break","Spot Weakness","Regen Potion","Shrug It Off","Warcry","Regen Potion"],"gold_per_floor":[109,109,74,94,25,25,96,10,37,77,96,96,96,112,112,237,237,250,269,52,70,70,110],"floor_reached":24,"campfire_rested":0,"playtime":1015,"current_hp_per_floor":[80,60,80,80,80,80,80,80,80,62,68,68,68,70,70,44,80,69,43,43,46,46,34],"items_purged":["Clash"],"gold":110,"score":274,"play_id":"8bb96d5a-cec8-4201-87e7-44454be7e552","local_time":"20180301211245","is_prod":false,"is_daily":false,"is_ascension_mode":false,"campfire_upgraded":3,"timestamp":1519956765,"path_taken":["M","?","?","M","$","R","E","?","T","E","?","R","?","M","R","BOSS","M","M","$","M","?","E","M"],"build_version":"2018-03-01-BETA1","purchased_purges":1,"victory":false,"master_deck":["Strike_R","Strike_R","Strike_R","Strike_R","Strike_R","Defend_R","Defend_R","Defend_R","Defend_R","Bash+1","Spot Weakness","Spot Weakness","Limit Break+1","Spot Weakness+1","Inflame","Flame Barrier+1","Headbutt","Limit Break","Twin Strike+1","Shrug It Off","Warcry","Warcry"],"max_hp_per_floor":[80,80,80,80,80,80,80,80,80,80,80,80,80,80,80,80,80,80,80,80,80,80,80],"relics":["Burning Blood","NeowsBlessing","Golden Idol","Tiny Chest","Orichalcum","Gremlin Horn","Philosopher\u0027s Stone","Dream Catcher","Juzu Bracelet"],"card_choices":[{"not_picked":["Rampage","Metallicize"],"picked":"Spot Weakness"},{"not_picked":["Havoc","Perfected Strike"],"picked":"Spot Weakness"},{"not_picked":["Feed","Headbutt"],"picked":"Clash"},{"not_picked":["Immolate","Seeing Red"],"picked":"Inflame"},{"not_picked":["Iron Wave","Anger"],"picked":"Flame Barrier"},{"not_picked":["Anger","Havoc"],"picked":"Headbutt"},{"not_picked":["Impervious","Reaper"],"picked":"Limit Break"},{"not_picked":["True Grit","Perfected Strike"],"picked":"Twin Strike"},{"not_picked":["Clash","Body Slam"],"picked":"Warcry"}],"player_experience":40170,"potions_floor_usage":[11,14,14,19,21,23,23],"damage_taken":[{"damage":0,"enemies":"Cultist","floor":1,"turns":1},{"damage":0,"enemies":"Small Slimes","floor":4,"turns":1},{"damage":0,"enemies":"Gremlin Nob","floor":7,"turns":1},{"damage":24,"enemies":"Lagavulin","floor":10,"turns":7},{"damage":0,"enemies":"2 Louse","floor":11,"turns":1},{"damage":10,"enemies":"Gremlin Gang","floor":14,"turns":3},{"damage":32,"enemies":"Slime Boss","floor":16,"turns":12},{"damage":17,"enemies":"Shell Parasite","floor":18,"turns":4},{"damage":32,"enemies":"3 Byrds","floor":19,"turns":3},{"damage":9,"enemies":"Centurion and Healer","floor":21,"turns":3},{"damage":18,"enemies":"Gremlin Leader","floor":23,"turns":3},{"damage":45,"enemies":"3 Cultists","floor":24,"turns":4}],"event_choices":[{"event_name":"Golden Idol","player_choice":"Take Damage","floor":2,"damage_taken":0},{"event_name":"The Cleric","player_choice":"Healed","floor":3,"damage_taken":0},{"event_name":"Upgrade Shrine","player_choice":"Upgraded","floor":13,"damage_taken":0}],"boss_relics":[{"not_picked":["Lizard Tail","Question Card"],"picked":"Philosopher\u0027s Stone"}],"potions_floor_spawned":[4,10,11,18,19,21],"seed_played":"8868185149233602107","killed_by":"3 Cultists","ascension_level":0,"is_trial":false}