{"gold_per_floor":[111,186,200,280,291,291,466,477,477,497,523,552,564,595,607,717,729,753,765,777,802,829,841,873,904,916,939,951],"floor_reached":28,"playtime":996,"items_purged":[],"score":226,"play_id":"43d7dd38-eefa-49d2-a27b-e13ecfb971a6","local_time":"20190208171417","is_ascension_mode":false,"campfire_choices":[{"data":"Uppercut","floor":6,"key":"SMITH"},{"data":"Rage","floor":13,"key":"SMITH"},{"data":"True Grit","floor":15,"key":"SMITH"},{"floor":23,"key":"REST"}],"neow_cost":"NONE","seed_source_timestamp":881515928618237,"circlet_count":0,"master_deck":["Strike_R","Strike_R","Strike_R","Strike_R","Defend_R+1","Defend_R","Defend_R+1","Defend_R","Bash","Shrug It Off","Cleave","Uppercut+1","Doubt","Blood for Blood","Twin Strike","Rage+1","Cleave","True Grit+1","Immolate","Second Wind","Shrug It Off","Inflame+1","True Grit","Immolate"],"relics":["Burning Blood","Paper Frog","War Paint","MawBank","hubris:TerracottaHorce","hubris:MysteriousPyramids","Sundial"],"potions_floor_usage":[11,21,22,22,22,27],"damage_taken":[{"damage":10,"enemies":"Jaw Worm","floor":1,"turns":4},{"damage":6,"enemies":"Cultist","floor":3,"turns":3},{"damage":2,"enemies":"Small Slimes","floor":5,"turns":4},{"damage":6,"enemies":"2 Fungi Beasts","floor":8,"turns":2},{"damage":4,"enemies":"Red Slaver","floor":10,"turns":5},{"damage":10,"enemies":"Gremlin Nob","floor":11,"turns":4},{"damage":15,"enemies":"Gremlin Gang","floor":12,"turns":6},{"damage":0,"enemies":"Exordium Wildlife","floor":14,"turns":3},{"damage":46,"enemies":"Hexaghost","floor":16,"turns":12},{"damage":5,"enemies":"Chosen","floor":18,"turns":5},{"damage":1,"enemies":"Shell Parasite","floor":21,"turns":4},{"damage":24,"enemies":"Centurion and Healer","floor":22,"turns":6},{"damage":23,"enemies":"Snecko","floor":24,"turns":6},{"damage":30,"enemies":"Shelled Parasite and Fungi","floor":25,"turns":5},{"damage":3,"enemies":"Centurion and Healer","floor":27,"turns":7},{"damage":45,"enemies":"Masked Bandits","floor":28,"turns":3}],"seed_played":"4096695507496916824","potions_obtained":[{"floor":8,"key":"Fire Potion"},{"floor":10,"key":"Strength Potion"},{"floor":11,"key":"GamblersBrew"},{"floor":12,"key":"Explosive Potion"},{"floor":16,"key":"Fire Potion"},{"floor":20,"key":"Block Potion"},{"floor":21,"key":"Explosive Potion"},{"floor":22,"key":"Explosive Potion"}],"is_trial":false,"path_per_floor":["M","?","M","T","M","R","?","M","T","M","E","M","R","M","R","B",null,"M","?","?","M","M","R","M","M","T","M","?"],"character_chosen":"IRONCLAD","items_purchased":[],"campfire_rested":1,"item_purchase_floors":[],"current_hp_per_floor":[76,65,65,65,69,69,69,69,69,71,67,58,58,64,64,24,66,67,67,67,72,54,78,61,37,37,40,0],"gold":951,"neow_bonus":"REMOVE_CARD","is_prod":false,"is_daily":false,"chose_seed":false,"campfire_upgraded":3,"win_rate":0,"timestamp":1549671257,"path_taken":["M","?","M","?","?","R","?","M","T","M","E","M","R","M","R","BOSS","M","?","?","?","M","R","M","?","T","M","?"],"build_version":"2019-01-23","purchased_purges":0,"victory":false,"max_hp_per_floor":[80,80,80,80,80,80,80,80,80,80,80,80,80,80,80,80,80,80,80,80,80,80,80,80,80,80,80,80],"card_choices":[{"not_picked":["Iron Wave","Sentinel"],"picked":"Shrug It Off","floor":1},{"not_picked":["Thunderclap","Flex"],"picked":"Cleave","floor":3},{"not_picked":["Thunderclap","Corruption"],"picked":"Uppercut","floor":5},{"not_picked":["Shockwave","Fire Breathing"],"picked":"Blood for Blood","floor":8},{"not_picked":["Inflame","Sword Boomerang"],"picked":"Twin Strike","floor":10},{"not_picked":["Bludgeon","Heavy Blade"],"picked":"Rage","floor":11},{"not_picked":["Pummel","Thunderclap"],"picked":"Cleave","floor":12},{"not_picked":["Perfected Strike","Clash"],"picked":"True Grit","floor":14},{"not_picked":["Demon Form","Exhume"],"picked":"Immolate","floor":16},{"not_picked":["Pummel","Heavy Blade"],"picked":"Second Wind","floor":18},{"not_picked":["Anger+1","Body Slam"],"picked":"Shrug It Off","floor":21},{"not_picked":["Headbutt","Twin Strike"],"picked":"Inflame+1","floor":22},{"not_picked":["Thunderclap","Battle Trance"],"picked":"True Grit","floor":24},{"not_picked":["Havoc","Warcry","Combust"],"picked":"SKIP","floor":25},{"not_picked":["hubris:ReadiedAction","Headbutt"],"picked":"Immolate","floor":27}],"player_experience":1424783,"relics_obtained":[{"floor":4,"key":"Paper Frog"},{"floor":9,"key":"War Paint"},{"floor":11,"key":"MawBank"},{"floor":26,"key":"Sundial"}],"event_choices":[{"damage_healed":0,"gold_gain":75,"player_choice":"Gather Gold","damage_taken":11,"max_hp_gain":0,"max_hp_loss":0,"event_name":"World of Goop","floor":2,"gold_loss":0},{"damage_healed":0,"gold_gain":175,"player_choice":"AGREE","damage_taken":0,"max_hp_gain":0,"max_hp_loss":0,"event_name":"Liars Game","floor":7,"gold_loss":0,"cards_obtained":["Doubt"]},{"damage_healed":0,"gold_gain":0,"player_choice":"Opened","damage_taken":0,"relics_obtained":["hubris:MysteriousPyramids"],"max_hp_gain":0,"max_hp_loss":0,"event_name":"The Mausoleum","floor":19,"gold_loss":0},{"damage_healed":0,"gold_gain":0,"player_choice":"Got Potions","damage_taken":0,"max_hp_gain":0,"max_hp_loss":0,"event_name":"Lab","floor":20,"gold_loss":0},{"damage_healed":0,"gold_gain":0,"player_choice":"Fought Bandits","damage_taken":0,"max_hp_gain":0,"max_hp_loss":0,"event_name":"Masked Bandits","floor":28,"gold_loss":0}],"is_beta":false,"boss_relics":[{"not_picked":["Tiny House","hubris:ScarierMask"],"picked":"hubris:TerracottaHorce"}],"items_purged_floors":[],"is_endless":false,"potions_floor_spawned":[8,10,11,12,16,21,22],"killed_by":"Masked Bandits","ascension_level":0}