{"gold_per_floor":[116,130,130,3,3,28,46,121,121,137,137,137],"floor_reached":12,"playtime":605,"items_purged":["Strike_G"],"score":118,"play_id":"371cf8e3-8b8c-4f61-af8f-e2c8a7e3efb2","local_time":"20190409082234","is_ascension_mode":true,"campfire_choices":[{"data":"Skewer","floor":11,"key":"SMITH"}],"neow_cost":"NONE","seed_source_timestamp":853590879840400,"circlet_count":0,"master_deck":["Defend_G","Defend_G","Defend_G","Defend_G","Defend_G","Strike_G","Strike_G","Strike_G","Survivor","Neutralize","PiercingWail","Cloak And Dagger","Backflip","Skewer+1","PiercingWail","Leg Sweep"],"relics":["Ring of the Snake","NeowsBlessing","GremlinMask","Ice Cream","Question Card"],"potions_floor_usage":[12],"damage_taken":[{"damage":0,"enemies":"Small Slimes","floor":1,"turns":1},{"damage":0,"enemies":"Cultist","floor":2,"turns":1},{"damage":0,"enemies":"Lagavulin","floor":6,"turns":1},{"damage":0,"enemies":"2 Louse","floor":7,"turns":4},{"damage":0,"enemies":"Blue Slaver","floor":10,"turns":5},{"damage":97,"enemies":"Gremlin Nob","floor":12,"turns":8}],"seed_played":"-2595934748342207566","potions_obtained":[{"floor":6,"key":"Regen Potion"},{"floor":10,"key":"Ancient Potion"}],"is_trial":false,"path_per_floor":["M","M","?","$","?","E","M","?","T","M","R","E"],"character_chosen":"THE_SILENT","items_purchased":["Backflip"],"campfire_rested":0,"item_purchase_floors":[4],"current_hp_per_floor":[70,70,70,70,70,70,70,59,59,59,59,0],"gold":137,"neow_bonus":"THREE_ENEMY_KILL","is_prod":false,"is_daily":false,"chose_seed":false,"campfire_upgraded":1,"win_rate":0,"timestamp":1554812554,"path_taken":["M","M","?","$","?","E","?","?","T","M","R","E"],"build_version":"2019-01-23","purchased_purges":1,"victory":false,"max_hp_per_floor":[70,70,70,70,70,70,70,70,70,70,70,70],"card_choices":[{"not_picked":["Quick Slash","Acrobatics"],"picked":"PiercingWail","floor":1},{"not_picked":["Prepared","Quick Slash"],"picked":"Cloak And Dagger","floor":2},{"not_picked":["Envenom","Deadly Poison"],"picked":"Skewer","floor":6},{"not_picked":["Dagger Throw","Underhanded Strike"],"picked":"PiercingWail","floor":7},{"not_picked":["Backstab","All Out Attack","Flying Knee"],"picked":"Leg Sweep","floor":10}],"player_experience":284098,"relics_obtained":[{"floor":6,"key":"Ice Cream"},{"floor":9,"key":"Question Card"}],"event_choices":[{"cards_removed":["Strike_G"],"damage_healed":0,"gold_gain":0,"player_choice":"Forget","damage_taken":0,"max_hp_gain":0,"max_hp_loss":0,"event_name":"Living Wall","floor":3,"gold_loss":0},{"damage_healed":0,"gold_gain":0,"player_choice":"Trade","damage_taken":0,"relics_obtained":["GremlinMask"],"max_hp_gain":0,"max_hp_loss":0,"event_name":"FaceTrader","floor":5,"gold_loss":0},{"damage_healed":0,"gold_gain":75,"player_choice":"Gather Gold","damage_taken":11,"max_hp_gain":0,"max_hp_loss":0,"event_name":"World of Goop","floor":8,"gold_loss":0}],"is_beta":false,"boss_relics":[],"items_purged_floors":[4],"is_endless":false,"potions_floor_spawned":[6,10],"killed_by":"Gremlin Nob","ascension_level":3}