{"gold_per_floor":[17,37,56,74,93,93,126,126,151,165,184,203,67,85,85,185,185,202,221,299,299,40,40],"floor_reached":23,"playtime":1566,"items_purged":[],"score":247,"play_id":"bc4fd959-a365-401e-b4cc-2076615daf51","local_time":"20180729000707","is_ascension_mode":false,"campfire_choices":[{"data":"Shrug It Off","floor":6,"key":"SMITH"},{"floor":8,"key":"REST"},{"floor":15,"key":"REST"}],"neow_cost":"NO_GOLD","seed_source_timestamp":194294898633592,"circlet_count":0,"master_deck":["Strike_R","Strike_R","Strike_R","Strike_R","Strike_R","Defend_R","Defend_R","Defend_R","Defend_R","Bash","Shrug It Off+1","Thunderclap","Thunderclap","Thunderclap","Thunderclap","Bludgeon","Iron Wave","Carnage","Ghostly Armor","Reaper","Anger","Armaments","Perfected Strike"],"relics":["Burning Blood","Pear","Orichalcum","Runic Pyramid","Bottled Flame","Bottled Lightning"],"potions_floor_usage":[11,16,23],"damage_taken":[{"damage":17,"enemies":"Cultist","floor":1,"turns":6},{"damage":4,"enemies":"Small Slimes","floor":2,"turns":6},{"damage":6,"enemies":"Jaw Worm","floor":3,"turns":5},{"damage":5,"enemies":"Looter","floor":4,"turns":4},{"damage":4,"enemies":"Blue Slaver","floor":5,"turns":6},{"damage":56,"enemies":"Lagavulin","floor":7,"turns":9},{"damage":27,"enemies":"Gremlin Gang","floor":10,"turns":4},{"damage":7,"enemies":"3 Louse","floor":11,"turns":3},{"damage":10,"enemies":"Looter","floor":12,"turns":3},{"damage":0,"enemies":"Exordium Wildlife","floor":14,"turns":4},{"damage":21,"enemies":"Slime Boss","floor":16,"turns":10},{"damage":45,"enemies":"Spheric Guardian","floor":18,"turns":9},{"damage":23,"enemies":"Shell Parasite","floor":19,"turns":11},{"damage":70,"enemies":"Book of Stabbing","floor":23,"turns":7}],"seed_played":"-8880380481056993610","potions_obtained":[{"floor":4,"key":"EssenceOfSteel"},{"floor":7,"key":"SpeedPotion"},{"floor":10,"key":"Strength Potion"},{"floor":12,"key":"Swift Potion"},{"floor":14,"key":"Fire Potion"}],"is_trial":false,"path_per_floor":["M","M","M","M","M","R","E","R","T","M","M","M","$","M","R","B",null,"M","M","T","?","$"],"character_chosen":"IRONCLAD","items_purchased":["Reaper","Bottled Lightning"],"campfire_rested":2,"item_purchase_floors":[13,22],"current_hp_per_floor":[85,87,87,88,90,90,50,81,81,60,59,55,55,61,92,85,106,71,58,58,58,58,0],"gold":40,"neow_bonus":"TWENTY_PERCENT_HP_BONUS","is_prod":false,"is_daily":false,"chose_seed":false,"campfire_upgraded":1,"win_rate":0.0,"timestamp":1532844427,"path_taken":["M","M","?","M","M","R","E","R","T","M","M","M","$","?","R","BOSS","M","M","?","?","?","E"],"build_version":"2018-07-26","purchased_purges":0,"victory":false,"max_hp_per_floor":[96,96,96,96,96,96,106,106,106,106,106,106,106,106,106,106,106,106,106,106,106,106,106],"card_choices":[{"not_picked":["Anger","Headbutt"],"picked":"Shrug It Off","floor":1},{"not_picked":["True Grit","Wild Strike"],"picked":"Thunderclap","floor":2},{"not_picked":["Headbutt","Body Slam"],"picked":"Thunderclap","floor":3},{"not_picked":["Pommel Strike","Twin Strike"],"picked":"Thunderclap","floor":4},{"not_picked":["Feel No Pain","Spot Weakness"],"picked":"Thunderclap","floor":5},{"not_picked":["Sword Boomerang","Power Through"],"picked":"Bludgeon","floor":7},{"not_picked":["Heavy Blade","Thunderclap"],"picked":"Iron Wave","floor":10},{"not_picked":["Shrug It Off","Clash"],"picked":"Carnage","floor":11},{"not_picked":["Hemokinesis","Seeing Red"],"picked":"Ghostly Armor","floor":12},{"not_picked":["Body Slam","Spot Weakness"],"picked":"Anger","floor":14},{"not_picked":["Dropkick","Pummel"],"picked":"Armaments","floor":18},{"not_picked":["Pummel","Second Wind"],"picked":"Perfected Strike","floor":19}],"player_experience":61646,"relics_obtained":[{"floor":7,"key":"Pear"},{"floor":9,"key":"Orichalcum"},{"floor":20,"key":"Bottled Flame"}],"event_choices":[{"event_name":"Ghosts","player_choice":"Ignored","floor":21,"damage_taken":0}],"is_beta":false,"boss_relics":[{"not_picked":["Ectoplasm","Fusion Hammer"],"picked":"Runic Pyramid"}],"items_purged_floors":[],"is_endless":false,"potions_floor_spawned":[4,7,10,12,14],"killed_by":"Book of Stabbing","ascension_level":0}