{"gold_per_floor":[114,130,130,145,156,156,174,174,253,285,303,40,40,54,54,158,208,218,218,133,146,14,14,26,26,108,108,118,132,160,173,173,173],"floor_reached":33,"playtime":1559,"items_purged":[],"score":296,"play_id":"2234bb08-bb1a-47a7-b017-5aa3b673eaad","local_time":"20180730222534","daily_mods":["Uncertain Future"],"is_ascension_mode":false,"campfire_choices":[{"data":"Sword Boomerang","floor":6,"key":"SMITH"},{"data":"Shockwave","floor":8,"key":"SMITH"},{"data":"Fire Breathing","floor":15,"key":"SMITH"},{"data":"Armaments","floor":25,"key":"SMITH"},{"data":"Pummel","floor":27,"key":"SMITH"},{"floor":32,"key":"REST"}],"neow_cost":"","seed_source_timestamp":0,"circlet_count":0,"master_deck":["Strike_R","Strike_R","Strike_R","Strike_R","Strike_R","Defend_R","Defend_R","Defend_R","Defend_R","Bash","Flex","Pummel+1","Sword Boomerang+1","Intimidate+1","Shockwave+1","Fire Breathing+1","Twin Strike","Twin Strike","Panache+1","Anger","Immolate","Iron Wave","Armaments+1","Cleave+1","Spot Weakness","Cleave","Spot Weakness","Pommel Strike+1","Rage+1","Flex","Reckless Charge+1","Anger+1"],"relics":["Burning Blood","Question Card","Girya","Tiny House","Strawberry","Meat on the Bone","Pen Nib"],"potions_floor_usage":[7,10,16,21,24,28,28],"damage_taken":[{"damage":8,"enemies":"Cultist","floor":1,"turns":5},{"damage":0,"enemies":"Small Slimes","floor":2,"turns":4},{"damage":9,"enemies":"2 Louse","floor":4,"turns":3},{"damage":6,"enemies":"Red Slaver","floor":5,"turns":3},{"damage":0,"enemies":"3 Louse","floor":7,"turns":1},{"damage":35,"enemies":"Lagavulin","floor":10,"turns":9},{"damage":11,"enemies":"Blue Slaver","floor":11,"turns":5},{"damage":12,"enemies":"Large Slime","floor":14,"turns":4},{"damage":35,"enemies":"Hexaghost","floor":16,"turns":9},{"damage":18,"enemies":"3 Byrds","floor":18,"turns":4},{"damage":5,"enemies":"Chosen","floor":21,"turns":4},{"damage":29,"enemies":"Sentry and Sphere","floor":24,"turns":5},{"damage":12,"enemies":"Snake Plant","floor":28,"turns":3},{"damage":16,"enemies":"3 Cultists","floor":29,"turns":4},{"damage":43,"enemies":"Slavers","floor":30,"turns":5},{"damage":17,"enemies":"Sentry and Sphere","floor":31,"turns":4},{"damage":69,"enemies":"Champ","floor":33,"turns":7}],"seed_played":"15031978684","potions_obtained":[{"floor":1,"key":"Explosive Potion"},{"floor":7,"key":"Weak Potion"},{"floor":10,"key":"SmokeBomb"},{"floor":11,"key":"Poison Potion"},{"floor":17,"key":"SteroidPotion"},{"floor":18,"key":"FearPotion"},{"floor":21,"key":"Fire Potion"},{"floor":24,"key":"EssenceOfSteel"}],"is_trial":true,"path_per_floor":["M","M","?","M","M","R","M","R","T","E","M","$","?","M","R","B",null,"M","?","?","M","$","?","M","R","T","R","M","M","E","M","R"],"character_chosen":"IRONCLAD","items_purchased":["Twin Strike","Panache","Spot Weakness","Cleave"],"campfire_rested":1,"item_purchase_floors":[12,12,22,22],"current_hp_per_floor":[78,80,85,82,82,82,85,85,85,56,51,51,51,45,45,16,90,78,78,85,86,86,86,63,63,63,63,57,59,34,35,64,0],"gold":173,"neow_bonus":"","is_prod":false,"is_daily":false,"chose_seed":true,"campfire_upgraded":5,"win_rate":0,"timestamp":1533011134,"path_taken":["M","M","?","M","M","R","M","R","T","E","?","$","?","M","R","BOSS","M","?","?","M","$","?","M","R","T","R","M","M","E","M","R","BOSS"],"build_version":"2018-07-26","purchased_purges":0,"victory":false,"max_hp_per_floor":[80,80,85,85,85,85,85,85,85,85,85,85,85,85,85,85,90,90,90,97,97,97,97,97,97,97,97,97,97,97,97,97,97],"card_choices":[{"not_picked":["Combust","Sword Boomerang"],"picked":"Flex","floor":1},{"not_picked":["Power Through","Wild Strike"],"picked":"Pummel","floor":2},{"not_picked":["Clash","Havoc"],"picked":"Sword Boomerang","floor":4},{"not_picked":["Evolve","Body Slam"],"picked":"Intimidate","floor":5},{"not_picked":["Sever Soul","Burning Pact"],"picked":"Shockwave","floor":7},{"not_picked":["Twin Strike","Corruption","Body Slam"],"picked":"Fire Breathing","floor":10},{"not_picked":["Evolve","Rampage","Sever Soul"],"picked":"Twin Strike","floor":11},{"not_picked":["Twin Strike","Heavy Blade","Body Slam"],"picked":"Anger","floor":14},{"not_picked":["Berserk","Fiend Fire","Barricade"],"picked":"Immolate","floor":16},{"not_picked":["Body Slam","Seeing Red","Twin Strike"],"picked":"Iron Wave","floor":17},{"not_picked":["Blood for Blood","Flex","Fire Breathing"],"picked":"Armaments","floor":18},{"not_picked":["Pommel Strike","Twin Strike","Iron Wave"],"picked":"Cleave+1","floor":21},{"not_picked":["Shrug It Off","Clash","Iron Wave"],"picked":"Pommel Strike+1","floor":24},{"not_picked":["Reckless Charge","Offering","Thunderclap"],"picked":"Rage+1","floor":28},{"not_picked":["Clash+1","Headbutt","Burning Pact+1"],"picked":"Flex","floor":29},{"not_picked":["Heavy Blade+1","Juggernaut","Thunderclap"],"picked":"Reckless Charge+1","floor":30},{"not_picked":["Armaments","Pommel Strike","Second Wind"],"picked":"Anger+1","floor":31}],"player_experience":119928,"relics_obtained":[{"floor":9,"key":"Question Card"},{"floor":10,"key":"Girya"},{"floor":26,"key":"Meat on the Bone"},{"floor":30,"key":"Pen Nib"}],"event_choices":[{"event_name":"Big Fish","player_choice":"Donut","floor":3,"damage_taken":0},{"event_name":"Accursed Blacksmith","player_choice":"Forge","floor":13,"damage_taken":0},{"event_name":"Match and Keep!","player_choice":"0 cards matched","floor":19,"damage_taken":0},{"event_name":"Addict","player_choice":"Obtained Relic","floor":20,"damage_taken":0},{"event_name":"Duplicator","player_choice":"One dupe","floor":23,"damage_taken":0}],"is_beta":false,"boss_relics":[{"not_picked":["Mark of Pain","White Beast Statue"],"picked":"Tiny House"}],"items_purged_floors":[],"is_endless":false,"potions_floor_spawned":[1,7,10,11,18,21,24],"killed_by":"Champ","ascension_level":0}