{"gold_per_floor":[14,26,46,64,83,83,94,94,94,94,106,126,137,137],"floor_reached":14,"playtime":1160,"items_purged":[],"score":88,"play_id":"7b3f206d-c7a2-4cfa-a70f-c3553e11f33d","local_time":"20190201011831","is_ascension_mode":false,"campfire_choices":[{"floor":6,"key":"REST"},{"data":"Apotheosis","floor":8,"key":"SMITH"}],"neow_cost":"NO_GOLD","seed_source_timestamp":267852754038618,"circlet_count":0,"master_deck":["Strike_B","Strike_B+1","Strike_B","Strike_B","Defend_B","Defend_B","Defend_B","Defend_B","Zap","Dualcast","Transmutation","Apotheosis+1","Ball Lightning+1","Static Discharge","Defragment","Amplify"],"relics":["Cracked Core","Pantograph"],"potions_floor_usage":[],"damage_taken":[{"damage":12,"enemies":"Cultist","floor":1,"turns":5},{"damage":0,"enemies":"Small Slimes","floor":2,"turns":4},{"damage":0,"enemies":"2 Louse","floor":3,"turns":2},{"damage":12,"enemies":"Exordium Thugs","floor":4,"turns":5},{"damage":0,"enemies":"Large Slime","floor":5,"turns":4},{"damage":0,"enemies":"Exordium Wildlife","floor":7,"turns":2},{"damage":4,"enemies":"Blue Slaver","floor":11,"turns":2},{"damage":3,"enemies":"Large Slime","floor":12,"turns":5},{"damage":30,"enemies":"Exordium Wildlife","floor":13,"turns":3},{"damage":35,"enemies":"Gremlin Nob","floor":14,"turns":3}],"seed_played":"-3708578547062353665","potions_obtained":[{"floor":1,"key":"Energy Potion"},{"floor":3,"key":"SmokeBomb"},{"floor":4,"key":"FocusPotion"}],"is_trial":false,"path_per_floor":["?"],"character_chosen":"DEFECT","items_purchased":[],"campfire_rested":1,"item_purchase_floors":[],"current_hp_per_floor":[63,63,63,51,51,73,73,73,73,58,54,51,21,0],"gold":137,"neow_bonus":"RANDOM_COLORLESS_2","is_prod":false,"is_daily":false,"chose_seed":false,"campfire_upgraded":1,"win_rate":0.0,"timestamp":1549001911,"path_taken":["M","M","M","M","M","R","M","R","T","?","M","M","M","E"],"build_version":"2019-01-23","purchased_purges":0,"victory":false,"max_hp_per_floor":[75,75,75,75,75,75,75,75,75,75,75,75,75,75],"card_choices":[{"not_picked":["Chaos","Compile Driver","Double Energy"],"picked":"SKIP","floor":1},{"not_picked":["Leap","Auto Shields"],"picked":"Ball Lightning","floor":2},{"not_picked":["Rebound","Darkness"],"picked":"Static Discharge","floor":3},{"not_picked":["Leap","Chill"],"picked":"Defragment","floor":4},{"not_picked":["Compile Driver","Sunder","Chill"],"picked":"SKIP","floor":5},{"not_picked":["Leap","Barrage"],"picked":"Amplify","floor":7},{"not_picked":["BootSequence","Stack","Coolheaded"],"picked":"SKIP","floor":11},{"not_picked":["Darkness","Hello World","Leap"],"picked":"SKIP","floor":12},{"not_picked":["Chill","Darkness","Steam"],"picked":"SKIP","floor":13}],"player_experience":115436,"relics_obtained":[{"floor":9,"key":"Pantograph"}],"event_choices":[{"damage_healed":0,"gold_gain":0,"player_choice":"Entered Light","damage_taken":15,"max_hp_gain":0,"max_hp_loss":0,"event_name":"Shining Light","floor":10,"gold_loss":0,"cards_upgraded":["Ball Lightning","Strike_B"]}],"is_beta":false,"boss_relics":[],"items_purged_floors":[],"is_endless":false,"potions_floor_spawned":[1,3,4,7,13],"killed_by":"Gremlin Nob","ascension_level":0}