{"gold_per_floor":[114,114,128,142,154,185,185,217,217,217,281,292,320,332,332,430,430,450,117,117,135,135,167,190,202,287,311,323,235,246,264,264,362,362,381,381,391,406,406,437,93,142,195,206,56,76,89,417,417,417,417,417,52,79,79],"floor_reached":55,"playtime":3379,"items_purged":["Strike_B","Doom and Gloom","Defend_B","Defend_B","Parasite"],"score":771,"play_id":"412985ce-c89a-4073-add3-9dafc933c1ea","local_time":"20190217225538","is_ascension_mode":false,"campfire_choices":[{"data":"Zap","floor":7,"key":"SMITH"},{"data":"Sunder","floor":10,"key":"SMITH"},{"floor":15,"key":"REST"},{"data":"Dualcast","floor":32,"key":"SMITH"},{"floor":49,"key":"RECALL"},{"floor":52,"key":"DIG"}],"neow_cost":"NONE","seed_source_timestamp":337942214541736,"circlet_count":0,"master_deck":["Strike_B","Strike_B","Defend_B","Defend_B","Zap+1","Dualcast+1","Conserve Battery","Sunder+1","Conserve Battery","Beam Cell","Self Repair","Go for the Eyes","Panache","Panacea+1","Double Energy+1","Steam","Redo+1","Self Repair+1","Gash+1","Electrodynamics","Aggregate+1","Loop","Gash","Go for the Eyes","Gash","Violence","FTL","Redo+1","Panache","Steam"],"relics":["Cracked Core","NeowsBlessing","Mercury Hourglass","Strawberry","Gremlin Horn","Unceasing Top","Vajra","Black Star","MawBank","Anchor","Shuriken","War Paint","Runic Pyramid","Dream Catcher","Orichalcum","Shovel","Centennial Puzzle","Old Coin","Letter Opener","DollysMirror","Mummified Hand","Bronze Scales"],"potions_floor_usage":[11,11,21,21,23,40,48,50,55],"damage_taken":[{"damage":0,"enemies":"2 Louse","floor":1,"turns":1},{"damage":0,"enemies":"Small Slimes","floor":3,"turns":1},{"damage":0,"enemies":"Jaw Worm","floor":4,"turns":1},{"damage":9,"enemies":"Gremlin Gang","floor":5,"turns":3},{"damage":19,"enemies":"Lagavulin","floor":6,"turns":6},{"damage":13,"enemies":"3 Sentries","floor":8,"turns":5},{"damage":12,"enemies":"Lagavulin Event","floor":11,"turns":3},{"damage":0,"enemies":"Looter","floor":12,"turns":2},{"damage":4,"enemies":"Lagavulin","floor":13,"turns":4},{"damage":0,"enemies":"3 Louse","floor":14,"turns":1},{"damage":29,"enemies":"The Guardian","floor":16,"turns":9},{"damage":20,"enemies":"2 Thieves","floor":18,"turns":2},{"damage":0,"enemies":"3 Byrds","floor":21,"turns":2},{"damage":43,"enemies":"Book of Stabbing","floor":23,"turns":7},{"damage":1,"enemies":"Snecko","floor":24,"turns":4},{"damage":0,"enemies":"Chosen and Byrds","floor":27,"turns":3},{"damage":0,"enemies":"Centurion and Healer","floor":30,"turns":3},{"damage":0,"enemies":"Snecko","floor":31,"turns":5},{"damage":21,"enemies":"Collector","floor":33,"turns":8},{"damage":0,"enemies":"3 Shapes","floor":35,"turns":3},{"damage":0,"enemies":"3 Darklings","floor":37,"turns":2},{"damage":0,"enemies":"4 Shapes","floor":38,"turns":3},{"damage":20,"enemies":"Nemesis","floor":40,"turns":7},{"damage":2,"enemies":"2 Orb Walkers","floor":42,"turns":3},{"damage":6,"enemies":"Spire Growth","floor":44,"turns":3},{"damage":37,"enemies":"Maw","floor":46,"turns":7},{"damage":0,"enemies":"Writhing Mass","floor":47,"turns":4},{"damage":11,"enemies":"Giant Head","floor":48,"turns":5},{"damage":61,"enemies":"Donu and Deca","floor":50,"turns":6},{"damage":35,"enemies":"Shield and Spear","floor":54,"turns":4},{"damage":68,"enemies":"The Heart","floor":55,"turns":3}],"seed_played":"6292467191599152199","potions_obtained":[{"floor":1,"key":"Poison Potion"},{"floor":6,"key":"EssenceOfSteel"},{"floor":8,"key":"Explosive Potion"},{"floor":13,"key":"Block Potion"},{"floor":14,"key":"Weak Potion"},{"floor":20,"key":"Fruit Juice"},{"floor":21,"key":"FearPotion"},{"floor":30,"key":"FearPotion"},{"floor":35,"key":"Block Potion"},{"floor":40,"key":"Explosive Potion"},{"floor":42,"key":"Poison Potion"},{"floor":44,"key":"FocusPotion"},{"floor":47,"key":"PowerPotion"}],"is_trial":false,"path_per_floor":["?","?","?","M","?","?","M","?","M","?","?","?","M"],"character_chosen":"DEFECT","items_purchased":["Panache","Panacea","Gash","Violence","DollysMirror"],"campfire_rested":1,"item_purchase_floors":[19,19,41,41,53],"current_hp_per_floor":[75,68,68,68,59,40,40,34,34,34,22,22,18,18,42,20,82,62,62,62,74,74,38,44,44,44,51,51,51,58,75,75,71,87,87,83,83,83,83,80,80,83,83,83,83,63,80,83,83,39,83,83,80,62,0],"gold":79,"neow_bonus":"THREE_ENEMY_KILL","is_prod":false,"is_daily":false,"chose_seed":false,"campfire_upgraded":3,"win_rate":0,"timestamp":1550462138,"path_taken":["M","?","M","M","M","E","R","E","T","R","?","M","E","M","R","BOSS","M","$","?","?","?","E","M","?","T","?","?","$","?","M","R","BOSS","M","?","M","M","?","E","$","?","T","M","$","?","M","E","R","BOSS","R","$","E","BOSS"],"build_version":"2019-01-23","purchased_purges":5,"victory":false,"max_hp_per_floor":[75,75,75,75,75,75,75,82,82,82,82,82,82,82,82,82,82,82,82,82,87,87,87,87,87,87,87,87,87,87,87,87,87,87,87,83,83,83,83,83,83,83,83,83,83,83,83,83,83,83,83,83,80,80,80],"card_choices":[{"not_picked":["Rip and Tear","Stack"],"picked":"Conserve Battery","floor":1},{"not_picked":["Force Field","Streamline"],"picked":"Sunder","floor":3},{"not_picked":["Go for the Eyes","Chill"],"picked":"Doom and Gloom","floor":4},{"not_picked":["Rip and Tear","Chaos"],"picked":"Conserve Battery","floor":5},{"not_picked":["Turbo","Cold Snap","Recycle"],"picked":"SKIP","floor":6},{"not_picked":["Steam","Beam Cell","Leap"],"picked":"SKIP","floor":8},{"not_picked":["Streamline","Ball Lightning"],"picked":"Beam Cell","floor":12},{"not_picked":["Hello World","Compile Driver","Barrage"],"picked":"SKIP","floor":13},{"not_picked":["Melter","Sweeping Beam"],"picked":"Self Repair","floor":14},{"not_picked":["Auto Shields+1","Sweeping Beam"],"picked":"Go for the Eyes","floor":18},{"not_picked":["Scrape","Force Field","Conserve Battery"],"picked":"SKIP","floor":21},{"not_picked":["Defragment","Turbo"],"picked":"Double Energy","floor":23},{"not_picked":["Sweeping Beam","Barrage+1"],"picked":"Steam","floor":24},{"not_picked":["Doom and Gloom+1","Auto Shields"],"picked":"Redo+1","floor":27},{"not_picked":["Recycle+1","Rip and Tear"],"picked":"Self Repair+1","floor":30},{"not_picked":["Conserve Battery","Capacitor"],"picked":"Gash+1","floor":31},{"not_picked":["Machine Learning","Hyperbeam"],"picked":"Electrodynamics","floor":33},{"not_picked":["Chill","Redo"],"picked":"Aggregate+1","floor":35},{"not_picked":["Undo+1","Hello World"],"picked":"Loop","floor":37},{"not_picked":["Steam+1","Barrage"],"picked":"Gash","floor":38},{"not_picked":["Streamline","Steam"],"picked":"Go for the Eyes","floor":40},{"not_picked":["Streamline","Ball Lightning+1"],"picked":"FTL","floor":44},{"not_picked":["Chaos","Compile Driver","Hologram"],"picked":"SKIP","floor":46},{"not_picked":["Hello World","Cold Snap"],"picked":"Redo+1","floor":47},{"not_picked":["Compile Driver+1","Hologram+1","Core Surge"],"picked":"SKIP","floor":48},{"not_picked":["Cold Snap+1","Multi-Cast"],"picked":"Steam","floor":54}],"player_experience":490773,"relics_obtained":[{"floor":6,"key":"Mercury Hourglass"},{"floor":8,"key":"Strawberry"},{"floor":9,"key":"Gremlin Horn"},{"floor":11,"key":"Unceasing Top"},{"floor":13,"key":"Vajra"},{"floor":23,"key":"MawBank"},{"floor":23,"key":"Anchor"},{"floor":26,"key":"Shuriken"},{"floor":40,"key":"Dream Catcher"},{"floor":40,"key":"Orichalcum"},{"floor":42,"key":"Shovel"},{"floor":48,"key":"Centennial Puzzle"},{"floor":48,"key":"Old Coin"},{"floor":52,"key":"Letter Opener"},{"floor":54,"key":"Mummified Hand"},{"floor":54,"key":"Bronze Scales"}],"event_choices":[{"cards_removed":["Strike_B"],"damage_healed":0,"gold_gain":0,"player_choice":"Card Removal","damage_taken":7,"max_hp_gain":0,"max_hp_loss":0,"event_name":"Golden Wing","floor":2,"gold_loss":0},{"damage_healed":0,"gold_gain":0,"player_choice":"Searched \u00272\u0027 times","damage_taken":0,"max_hp_gain":0,"max_hp_loss":0,"event_name":"Dead Adventurer","floor":11,"gold_loss":0},{"damage_healed":0,"gold_gain":0,"player_choice":"Got Potions","damage_taken":0,"max_hp_gain":0,"max_hp_loss":0,"event_name":"Lab","floor":20,"gold_loss":0},{"damage_healed":0,"gold_gain":0,"player_choice":"Ignored","damage_taken":0,"max_hp_gain":0,"max_hp_loss":0,"event_name":"Vampires","floor":22,"gold_loss":0},{"damage_healed":0,"gold_gain":0,"player_choice":"0 cards matched","damage_taken":0,"max_hp_gain":0,"max_hp_loss":0,"event_name":"Match and Keep!","floor":25,"gold_loss":0,"cards_obtained":[]},{"damage_healed":0,"gold_gain":0,"player_choice":"Gave Potion","damage_taken":0,"relics_obtained":["War Paint"],"max_hp_gain":0,"max_hp_loss":0,"event_name":"WeMeetAgain","floor":28,"gold_loss":0},{"damage_healed":0,"gold_gain":0,"player_choice":"Max HP","damage_taken":0,"max_hp_gain":0,"max_hp_loss":4,"event_name":"Winding Halls","floor":36,"gold_loss":0},{"damage_healed":0,"gold_gain":0,"player_choice":"Ignored","damage_taken":0,"max_hp_gain":0,"max_hp_loss":0,"event_name":"Tomb of Lord Red Mask","floor":39,"gold_loss":0},{"damage_healed":0,"gold_gain":0,"player_choice":"Fight","damage_taken":0,"max_hp_gain":0,"max_hp_loss":0,"event_name":"Mysterious Sphere","floor":42,"gold_loss":0}],"is_beta":false,"boss_relics":[{"not_picked":["Orrery","Velvet Choker"],"picked":"Black Star"},{"not_picked":["Snecko Eye","Inserter"],"picked":"Runic Pyramid"}],"items_purged_floors":[19,29,41,45,53],"is_endless":false,"potions_floor_spawned":[1,6,8,13,14,16,18,21,30,35,40,42,44,47],"killed_by":"The Heart","ascension_level":0}