{"gold_per_floor":[109,129,143,143,159,192,192,217,291,291],"floor_reached":10,"playtime":465,"items_purged":[],"score":121,"play_id":"3048355f-d2c2-4c08-ba2f-8a62fdb74d3c","local_time":"20190403185342","is_ascension_mode":true,"campfire_choices":[{"floor":7,"key":"REST"}],"neow_cost":"PERCENT_DAMAGE","seed_source_timestamp":1625470567013898,"circlet_count":0,"master_deck":["AscendersBane","Strike_B","Strike_B","Strike_B","Defend_B","Defend_B","Defend_B","Defend_B","Zap","Dualcast","Coolheaded","BootSequence","Streamline","Sweeping Beam","Compile Driver","Static Discharge"],"relics":["Cracked Core","Ice Cream","Blue Candle","Torii","The Courier"],"potions_floor_usage":[10,10],"damage_taken":[{"damage":5,"enemies":"2 Louse","floor":1,"turns":2},{"damage":0,"enemies":"Cultist","floor":2,"turns":4},{"damage":1,"enemies":"Small Slimes","floor":3,"turns":4},{"damage":0,"enemies":"Exordium Wildlife","floor":5,"turns":3},{"damage":34,"enemies":"Gremlin Nob","floor":6,"turns":5},{"damage":20,"enemies":"3 Sentries","floor":8,"turns":8},{"damage":21,"enemies":"Gremlin Nob","floor":10,"turns":3}],"seed_played":"-1946786016857312752","potions_obtained":[{"floor":1,"key":"SpeedPotion"},{"floor":6,"key":"FocusPotion"}],"is_trial":false,"path_per_floor":["?"],"character_chosen":"DEFECT","items_purchased":[],"campfire_rested":1,"item_purchase_floors":[],"current_hp_per_floor":[45,45,44,44,44,10,32,12,12,0],"gold":291,"neow_bonus":"ONE_RARE_RELIC","is_prod":false,"is_daily":false,"chose_seed":false,"campfire_upgraded":0,"win_rate":0,"timestamp":1554332022,"path_taken":["M","M","M","?","M","E","R","E","T","E"],"build_version":"2019-01-23","purchased_purges":0,"victory":false,"max_hp_per_floor":[75,75,75,75,75,75,75,75,75,75],"card_choices":[{"not_picked":["Tempest","Hologram"],"picked":"Coolheaded","floor":1},{"not_picked":["Aggregate","Redo"],"picked":"BootSequence","floor":2},{"not_picked":["Auto Shields","Chaos"],"picked":"Streamline","floor":3},{"not_picked":["Hologram","Streamline"],"picked":"Sweeping Beam","floor":5},{"not_picked":["Rebound","Force Field"],"picked":"Compile Driver","floor":6},{"not_picked":["Reprogram","Force Field"],"picked":"Static Discharge","floor":8}],"player_experience":1434801,"relics_obtained":[{"floor":6,"key":"Blue Candle"},{"floor":8,"key":"Torii"},{"floor":9,"key":"The Courier"}],"event_choices":[{"cards_removed":["Strike_B"],"damage_healed":0,"gold_gain":0,"player_choice":"Offered Basic","damage_taken":0,"max_hp_gain":0,"max_hp_loss":0,"event_name":"Bonfire Elementals","floor":4,"gold_loss":0}],"is_beta":false,"boss_relics":[],"items_purged_floors":[],"is_endless":false,"potions_floor_spawned":[1,6,8],"killed_by":"Gremlin Nob","ascension_level":11}