{"gold_per_floor":[110,129,140,140,157,157,186,186,186,217,217,236,236,264,264,361,361,378,23,23,23,36,36,70,70,70,102,2,2,2,31,31,128,128,148,0,0,12,26,26,60,60,108,108,126,226,226,42,42,42],"floor_reached":51,"playtime":3905,"items_purged":["Strike_B","Shame"],"score":842,"play_id":"4b139176-def0-43aa-b855-ae9ad19c6afc","local_time":"20190202230735","is_ascension_mode":true,"campfire_choices":[{"data":"Static Discharge","floor":6.0,"key":"SMITH"},{"floor":11.0,"key":"REST"},{"floor":15.0,"key":"REST"},{"floor":23.0,"key":"REST"},{"floor":25.0,"key":"REST"},{"floor":32,"key":"REST"},{"data":"White Noise","floor":40,"key":"SMITH"},{"floor":42,"key":"REST"},{"floor":44,"key":"RECALL"},{"floor":47,"key":"REST"},{"data":"Mayhem","floor":49,"key":"SMITH"}],"neow_cost":"NONE","seed_source_timestamp":0,"circlet_count":0,"master_deck":["Defend_B+1","Defend_B","Defend_B+1","Defend_B","Zap","Gash","White Noise+1","Static Discharge+1","Scrape","All For One","Core Surge+1","Undo+1","Rip and Tear+1","Genetic Algorithm+1","Static Discharge+1","Genetic Algorithm","Ball Lightning","Gash+1","Beam Cell","Undo+1","Loop+1","Ball Lightning","Seek+1","Gash","Lockon","Scrape","White Noise+1","Ball Lightning+1","Gash+1","Seek+1","Gash","Mayhem+1"],"special_seed":0,"relics":["Cracked Core","Cables","Symbiotic Virus","Meat on the Bone","Potion Belt","Astrolabe","DollysMirror","Ancient Tea Set","Shuriken","Mango","Toxic Egg 2","Dream Catcher","Runic Pyramid","Red Mask","Blood Vial","Smiling Mask","Ice Cream"],"potions_floor_usage":[50],"damage_taken":[{"damage":0.0,"enemies":"Cultist","floor":1.0,"turns":3.0},{"damage":2.0,"enemies":"Jaw Worm","floor":2.0,"turns":3.0},{"damage":2.0,"enemies":"2 Louse","floor":3.0,"turns":2.0},{"damage":0.0,"enemies":"Large Slime","floor":5.0,"turns":6.0},{"damage":32.0,"enemies":"Gremlin Nob","floor":7.0,"turns":4.0},{"damage":21.0,"enemies":"Lagavulin","floor":10.0,"turns":6.0},{"damage":6.0,"enemies":"Looter","floor":12.0,"turns":3.0},{"damage":11.0,"enemies":"3 Sentries","floor":14.0,"turns":5.0},{"damage":17.0,"enemies":"The Guardian","floor":16.0,"turns":9.0},{"damage":17.0,"enemies":"2 Thieves","floor":18.0,"turns":3.0},{"damage":32.0,"enemies":"3 Byrds","floor":22.0,"turns":3.0},{"damage":27.0,"enemies":"Gremlin Leader","floor":24.0,"turns":6.0},{"damage":13.0,"enemies":"Book of Stabbing","floor":27.0,"turns":4.0},{"damage":30,"enemies":"Gremlin Leader","floor":31,"turns":6},{"damage":33,"enemies":"Collector","floor":33,"turns":7},{"damage":24,"enemies":"3 Darklings","floor":35,"turns":4},{"damage":0,"enemies":"3 Shapes","floor":38,"turns":4},{"damage":10,"enemies":"Spire Growth","floor":39,"turns":5},{"damage":26,"enemies":"Reptomancer","floor":41,"turns":5},{"damage":3,"enemies":"Maw","floor":45,"turns":7},{"damage":40,"enemies":"Mind Bloom Boss Battle","floor":46,"turns":3},{"damage":51,"enemies":"Awakened One","floor":50,"turns":9}],"seed_played":"-1635863549482333194","potions_obtained":[{"floor":2.0,"key":"EssenceOfSteel"},{"floor":7.0,"key":"PowerPotion"},{"floor":12.0,"key":"Energy Potion"},{"floor":16.0,"key":"FairyPotion"},{"floor":18.0,"key":"Regen Potion"},{"floor":27.0,"key":"LiquidBronze"},{"floor":35,"key":"SneckoOil"}],"is_trial":false,"path_per_floor":["M","?","?","?","?","?","$","?","?","?","M","?"],"character_chosen":"DEFECT","items_purchased":["DollysMirror","Genetic Algorithm","Ball Lightning","Mayhem"],"campfire_rested":7,"item_purchase_floors":[19,19,19,48],"current_hp_per_floor":[82,80,78,78,78,78,46,51,51,30,56,50,33,34,60,55,87,70,70,53,53,33,60,48,75,89,76,76,76,76,58,89,56,106,82,82,82,82,72,72,58,89,89,89,88,62,93,93,93,56],"gold":42,"neow_bonus":"TEN_PERCENT_HP_BONUS","is_prod":false,"is_daily":false,"chose_seed":false,"campfire_upgraded":3,"win_rate":0,"timestamp":1549166855,"path_taken":["M","?","M","?","M","R","E","?","T","E","R","M","?","E","R","BOSS","M","$","?","?","M","R","E","R","T","E","?","?","$","E","R","BOSS","M","?","?","?","M","R","E","R","T","R","M","?","R","$","R","BOSS"],"build_version":"2019-01-23","purchased_purges":2,"victory":true,"max_hp_per_floor":[82,82,82,82,82,82,82,87,87,87,87,87,87,87,87,87,87,87,87,92,92,92,92,92,92,106,106,106,106,106,106,106,106,106,106,106,106,106,106,106,106,106,106,106,106,106,106,106,106,106],"card_choices":[{"not_picked":["Redo","Streamline"],"picked":"Gash","floor":1.0},{"not_picked":["Turbo","Leap","Rebound"],"picked":"SKIP","floor":2.0},{"not_picked":["Redo","Reboot"],"picked":"White Noise","floor":3.0},{"not_picked":["Ball Lightning","Reprogram"],"picked":"Static Discharge","floor":5.0},{"not_picked":["Sweeping Beam","Glacier","Barrage"],"picked":"SKIP","floor":7.0},{"not_picked":["BootSequence","Echo Form","Aggregate"],"picked":"SKIP","floor":10.0},{"not_picked":["Steam","Steam Power"],"picked":"Scrape","floor":12.0},{"not_picked":["Darkness","Rebound","Compile Driver"],"picked":"SKIP","floor":14.0},{"not_picked":["Rainbow","Fission"],"picked":"All For One","floor":16.0},{"not_picked":["Hello World","Steam"],"picked":"Genetic Algorithm+1","floor":18.0},{"not_picked":["Reinforced Body+1","Go for the Eyes"],"picked":"Gash+1","floor":22.0},{"not_picked":["Seek","Steam"],"picked":"Beam Cell","floor":24.0},{"not_picked":["Rebound","Double Energy"],"picked":"Undo","floor":27.0},{"not_picked":["Leap+1","Seek+1"],"picked":"Loop+1","floor":31},{"not_picked":["Undo+1","Melter"],"picked":"Ball Lightning","floor":32},{"not_picked":["Meteor Strike","Hyperbeam"],"picked":"Seek+1","floor":33},{"not_picked":["Steam+1","FTL+1"],"picked":"Gash","floor":35},{"not_picked":["Leap+1","Compile Driver+1"],"picked":"Scrape","floor":38},{"not_picked":["Reboot+1","Coolheaded+1"],"picked":"White Noise+1","floor":39},{"not_picked":["Go for the Eyes","Redo+1"],"picked":"Ball Lightning+1","floor":41},{"not_picked":["Streamline+1","Hologram+1"],"picked":"Gash+1","floor":42},{"not_picked":["Conserve Battery+1","Coolheaded+1"],"picked":"Seek+1","floor":45},{"not_picked":["Streamline","Self Repair"],"picked":"Gash","floor":46}],"player_experience":177611,"relics_obtained":[{"floor":7.0,"key":"Cables"},{"floor":9.0,"key":"Symbiotic Virus"},{"floor":10.0,"key":"Meat on the Bone"},{"floor":14.0,"key":"Potion Belt"},{"floor":24.0,"key":"Shuriken"},{"floor":26.0,"key":"Mango"},{"floor":27.0,"key":"Toxic Egg 2"},{"floor":31,"key":"Dream Catcher"},{"floor":41,"key":"Blood Vial"},{"floor":43,"key":"Smiling Mask"},{"floor":46,"key":"Ice Cream"}],"event_choices":[{"damage_healed":0.0,"max_hp_gain":0.0,"max_hp_loss":0.0,"gold_gain":0.0,"event_name":"Golden Idol","player_choice":"Ignored","floor":4.0,"gold_loss":0.0,"damage_taken":0.0},{"damage_healed":0.0,"max_hp_gain":5.0,"max_hp_loss":0.0,"gold_gain":0.0,"event_name":"Big Fish","player_choice":"Donut","floor":8.0,"gold_loss":0.0,"damage_taken":0.0},{"damage_healed":0.0,"max_hp_gain":0.0,"max_hp_loss":0.0,"gold_gain":0.0,"event_name":"Shining Light","player_choice":"Entered Light","floor":13.0,"gold_loss":0.0,"damage_taken":17.0,"cards_upgraded":["Defend_B","Defend_B"]},{"damage_healed":0.0,"max_hp_gain":5.0,"max_hp_loss":0.0,"gold_gain":0.0,"event_name":"Forgotten Altar","player_choice":"Shed Blood","floor":20.0,"gold_loss":0.0,"damage_taken":22.0},{"damage_healed":0.0,"max_hp_gain":0.0,"max_hp_loss":0.0,"gold_gain":0.0,"event_name":"Addict","player_choice":"Stole Relic","floor":21.0,"gold_loss":0.0,"damage_taken":0.0,"relics_obtained":["Ancient Tea Set"],"cards_obtained":["Shame"]},{"damage_healed":0.0,"max_hp_gain":0.0,"max_hp_loss":0.0,"gold_gain":0.0,"event_name":"Cursed Tome","player_choice":"Ignored","floor":29.0,"gold_loss":0.0,"damage_taken":0.0},{"damage_healed":0,"gold_gain":0,"player_choice":"Paid","damage_taken":0,"relics_obtained":["Red Mask"],"max_hp_gain":0,"max_hp_loss":0,"event_name":"Tomb of Lord Red Mask","floor":36,"gold_loss":148},{"damage_healed":0,"gold_gain":0,"cards_transformed":["Strike_B"],"player_choice":"Transformed","damage_taken":0,"max_hp_gain":0,"max_hp_loss":0,"event_name":"Transmorgrifier","floor":37,"gold_loss":0,"cards_obtained":["Lockon"]},{"damage_healed":0,"gold_gain":0,"player_choice":"Fight","damage_taken":0,"max_hp_gain":0,"max_hp_loss":0,"event_name":"MindBloom","floor":46,"gold_loss":0}],"is_beta":false,"boss_relics":[{"not_picked":["White Beast Statue","FrozenCore"],"picked":"Astrolabe"},{"not_picked":["Black Star","Busted Crown"],"picked":"Runic Pyramid"}],"items_purged_floors":[19,28],"is_endless":false,"potions_floor_spawned":[2,7,12,16,18,27,35,38,41],"ascension_level":2}