{"gold_per_floor":[16,28,28,40,58,58,74,74,74,88,105,125,143,159,159,255,255,266,266,266,292,292],"floor_reached":22,"playtime":836,"items_purged":[],"score":182,"play_id":"72d01750-bb91-468a-a598-4578060c56c2","local_time":"20190213115754","is_ascension_mode":false,"campfire_choices":[{"data":"Armaments","floor":6,"key":"SMITH"},{"data":"Brutality","floor":8,"key":"SMITH"},{"data":"Armaments","floor":15,"key":"SMITH"}],"neow_cost":"NO_GOLD","seed_source_timestamp":59538420754744,"circlet_count":0,"master_deck":["Strike_R","Strike_R","Strike_R","Strike_R","Defend_R","Defend_R","Defend_R","Bash","Brutality+1","Clothesline","Pommel Strike","True Grit","Thunderclap","Armaments+1","Pommel Strike","Cleave","Pommel Strike","Armaments","Armaments+1","Feed","True Grit"],"relics":["Burning Blood"],"potions_floor_usage":[16,16],"damage_taken":[{"damage":1,"enemies":"2 Louse","floor":1,"turns":3},{"damage":4,"enemies":"Cultist","floor":2,"turns":3},{"damage":8,"enemies":"Jaw Worm","floor":4,"turns":3},{"damage":2,"enemies":"Large Slime","floor":5,"turns":7},{"damage":9,"enemies":"Blue Slaver","floor":7,"turns":4},{"damage":8,"enemies":"3 Louse","floor":10,"turns":3},{"damage":0,"enemies":"Lots of Slimes","floor":11,"turns":1},{"damage":14,"enemies":"Blue Slaver","floor":12,"turns":4},{"damage":7,"enemies":"Looter","floor":13,"turns":3},{"damage":6,"enemies":"3 Louse","floor":14,"turns":3},{"damage":17,"enemies":"Slime Boss","floor":16,"turns":6},{"damage":43,"enemies":"2 Thieves","floor":18,"turns":5},{"damage":38,"enemies":"Shell Parasite","floor":22,"turns":10}],"seed_played":"1160501432067559579","potions_obtained":[{"floor":2,"key":"Swift Potion"},{"floor":7,"key":"AttackPotion"},{"floor":12,"key":"FearPotion"}],"is_trial":false,"path_per_floor":["M","M","?","M","M","R","M","R","T","M","M","M","M","M","R","B",null,"M","?","?","T","M"],"character_chosen":"IRONCLAD","items_purchased":[],"campfire_rested":0,"item_purchase_floors":[],"current_hp_per_floor":[80,80,80,78,80,80,77,77,77,75,80,72,71,71,71,60,80,46,30,30,30,0],"gold":292,"neow_bonus":"TRANSFORM_TWO_CARDS","is_prod":false,"is_daily":false,"chose_seed":false,"campfire_upgraded":3,"win_rate":0,"timestamp":1550084274,"path_taken":["M","M","?","?","M","R","M","R","T","M","?","M","M","M","R","BOSS","M","?","?","?","?"],"build_version":"2019-01-23","purchased_purges":0,"victory":false,"max_hp_per_floor":[80,80,80,80,80,80,80,80,80,80,80,80,80,80,80,80,80,83,88,88,88,88],"card_choices":[{"not_picked":["Anger","Twin Strike"],"picked":"Pommel Strike","floor":1},{"not_picked":["Metallicize","Blood for Blood"],"picked":"True Grit","floor":2},{"not_picked":["Havoc","Cleave"],"picked":"Thunderclap","floor":4},{"not_picked":["Searing Blow","Perfected Strike"],"picked":"Armaments","floor":5},{"not_picked":["Burning Pact","Cleave"],"picked":"Pommel Strike","floor":7},{"not_picked":["Flex","Clash"],"picked":"Cleave","floor":10},{"not_picked":["Battle Trance","Warcry"],"picked":"Pommel Strike","floor":11},{"not_picked":["Offering","Thunderclap"],"picked":"Armaments","floor":12},{"not_picked":["Reckless Charge","Twin Strike"],"picked":"Armaments","floor":13},{"not_picked":["Havoc","Headbutt","Whirlwind"],"picked":"SKIP","floor":14},{"not_picked":["Berserk","Demon Form"],"picked":"Feed","floor":16},{"not_picked":["Cleave","Headbutt+1"],"picked":"True Grit","floor":18}],"player_experience":1453465,"relics_obtained":[],"event_choices":[{"damage_healed":0,"gold_gain":0,"player_choice":"Full Heal","damage_taken":0,"max_hp_gain":0,"max_hp_loss":0,"event_name":"Wheel of Change","floor":3,"gold_loss":0},{"damage_healed":0,"gold_gain":0,"player_choice":"Shed Blood","damage_taken":21,"max_hp_gain":5,"max_hp_loss":0,"event_name":"Forgotten Altar","floor":19,"gold_loss":0}],"is_beta":false,"boss_relics":[{"not_picked":["Busted Crown","Cursed Key","Tiny House"]}],"items_purged_floors":[],"is_endless":false,"potions_floor_spawned":[2,7,12,14],"killed_by":"Shell Parasite","ascension_level":0}