{"gold_per_floor":[115,130,130,130,141,141,16,33,78,111,111,127,146,161,161,260,260,260,260,200,200,200,200,200,200],"floor_reached":25,"playtime":4507,"items_purged":["Strike_G"],"score":238,"play_id":"4f61a0f9-a654-43bb-8f12-53e8bd7f8ca2","local_time":"20190409134157","is_ascension_mode":true,"campfire_choices":[{"data":"Neutralize","floor":6,"key":"SMITH"},{"floor":11,"key":"REST"},{"data":"Dodge and Roll","floor":15,"key":"SMITH"},{"data":"After Image","floor":23,"key":"SMITH"}],"neow_cost":"NONE","seed_source_timestamp":0,"circlet_count":0,"master_deck":["Defend_G","Defend_G","Defend_G","Defend_G","Defend_G","Strike_G","Strike_G","Strike_G","Survivor","Neutralize+1","Backflip","Escape Plan","Cloak And Dagger","Dodge and Roll+1","Adrenaline","Dash","PiercingWail","Backflip","Adrenaline","Blur","Backflip","After Image+1"],"special_seed":0,"relics":["Ring of the Snake","Happy Flower","Anchor","Pantograph","Ectoplasm"],"potions_floor_usage":[10,16,16,20,21,21,22],"damage_taken":[{"damage":0.0,"enemies":"Small Slimes","floor":1.0,"turns":3.0},{"damage":4.0,"enemies":"2 Louse","floor":2.0,"turns":4.0},{"damage":0,"enemies":"Cultist","floor":5,"turns":4},{"damage":5,"enemies":"Looter","floor":8,"turns":4},{"damage":43,"enemies":"Lagavulin","floor":10,"turns":13},{"damage":4,"enemies":"Gremlin Gang","floor":12,"turns":8},{"damage":0,"enemies":"3 Louse","floor":13,"turns":3},{"damage":4,"enemies":"Large Slime","floor":14,"turns":11},{"damage":3,"enemies":"Slime Boss","floor":16,"turns":15},{"damage":14,"enemies":"Spheric Guardian","floor":18,"turns":12},{"damage":0,"enemies":"2 Thieves","floor":20,"turns":4},{"damage":21,"enemies":"Snecko","floor":21,"turns":10},{"damage":3,"enemies":"Snake Plant","floor":22,"turns":7},{"damage":46,"enemies":"Cultist and Chosen","floor":25,"turns":10}],"seed_played":"7300851712082900374","potions_obtained":[{"floor":8,"key":"LiquidBronze"},{"floor":12,"key":"PowerPotion"},{"floor":13,"key":"EssenceOfSteel"},{"floor":19,"key":"Energy Potion"},{"floor":19,"key":"PowerPotion"},{"floor":19,"key":"EssenceOfSteel"},{"floor":21,"key":"PowerPotion"}],"is_trial":false,"path_per_floor":["M","M","?","?","M","R","$","M","T","E","R","M","M","M","R","B",null,"M","?","M","M","M","R","?","M"],"character_chosen":"THE_SILENT","items_purchased":["Dodge and Roll"],"campfire_rested":1,"item_purchase_floors":[7],"current_hp_per_floor":[77,73,55,55,55,55,55,50,50,7,30,26,26,22,22,44,77,63,63,63,42,39,39,39,0],"gold":200,"neow_bonus":"TEN_PERCENT_HP_BONUS","is_prod":false,"is_daily":false,"chose_seed":false,"campfire_upgraded":3,"win_rate":0,"timestamp":1554831717,"path_taken":["M","M","?","?","?","R","$","M","T","E","R","M","M","M","R","BOSS","M","?","?","M","M","R","?","M"],"build_version":"2019-01-23","purchased_purges":1,"victory":false,"max_hp_per_floor":[77,77,77,77,77,77,77,77,77,77,77,77,77,77,77,77,77,77,77,77,77,77,77,77,77],"card_choices":[{"not_picked":["Deflect","Quick Slash"],"picked":"Backflip","floor":1.0},{"not_picked":["Choke","Poisoned Stab"],"picked":"Escape Plan","floor":2.0},{"not_picked":["Caltrops","PiercingWail"],"picked":"Cloak And Dagger","floor":5},{"not_picked":["Dagger Throw","Leg Sweep"],"picked":"Adrenaline","floor":8},{"not_picked":["Distraction","All Out Attack"],"picked":"Dash","floor":10},{"not_picked":["Dagger Spray","Finisher","Outmaneuver"],"picked":"SKIP","floor":12},{"not_picked":["Slice","Setup"],"picked":"PiercingWail","floor":13},{"not_picked":["Reflex","Outmaneuver"],"picked":"Backflip","floor":14},{"not_picked":["Burst","Corpse Explosion"],"picked":"Adrenaline","floor":16},{"not_picked":["Flechettes","PiercingWail"],"picked":"Blur","floor":18},{"not_picked":["Bane+1","Underhanded Strike"],"picked":"Backflip","floor":20},{"not_picked":["Dodge and Roll","Deflect","Catalyst+1"],"picked":"SKIP","floor":21},{"not_picked":["PiercingWail+1","Outmaneuver"],"picked":"After Image","floor":22}],"player_experience":285947,"relics_obtained":[{"floor":9,"key":"Anchor"},{"floor":10,"key":"Pantograph"}],"event_choices":[{"damage_healed":0.0,"max_hp_gain":0.0,"max_hp_loss":0.0,"gold_gain":0.0,"event_name":"Scrap Ooze","player_choice":"Success","floor":3.0,"gold_loss":0.0,"damage_taken":18.0,"relics_obtained":["Happy Flower"]},{"damage_healed":0.0,"max_hp_gain":0.0,"max_hp_loss":0.0,"gold_gain":0.0,"event_name":"The Woman in Blue","player_choice":"Bought 0 Potions","floor":4.0,"gold_loss":0.0,"damage_taken":0.0},{"damage_healed":0,"gold_gain":0,"player_choice":"Got Potions","damage_taken":0,"max_hp_gain":0,"max_hp_loss":0,"event_name":"Lab","floor":19,"gold_loss":0},{"cards_removed":["Strike_G"],"damage_healed":0,"gold_gain":0,"player_choice":"Offered Basic","damage_taken":0,"max_hp_gain":0,"max_hp_loss":0,"event_name":"Bonfire Elementals","floor":24,"gold_loss":0}],"is_beta":false,"boss_relics":[{"not_picked":["HoveringKite","Empty Cage"],"picked":"Ectoplasm"}],"items_purged_floors":[7],"is_endless":false,"potions_floor_spawned":[8,12,13,21],"killed_by":"Cultist and Chosen","ascension_level":3}