{"gold_per_floor":[112,112,125,135,152,182,182,213,240,240,256,267,290,290,290,395,395,408,408,22,35,35,47],"floor_reached":23,"playtime":1064,"items_purged":["Pain"],"score":301,"play_id":"1b44c676-2ef9-4510-a318-97ef38cb6987","local_time":"20190318121657","is_ascension_mode":true,"campfire_choices":[{"data":"True Grit","floor":7,"key":"SMITH"},{"floor":10,"key":"REST"},{"data":"Inflame","floor":15,"key":"SMITH"}],"neow_cost":"NONE","seed_source_timestamp":218667551893083,"circlet_count":0,"master_deck":["Strike_R","Strike_R","Strike_R","Strike_R","Strike_R","Defend_R","Defend_R","Defend_R","Defend_R","Bash","True Grit+1","Warcry","Cleave","Inflame+1","Seeing Red","Shrug It Off","Combust","Rampage","Headbutt","Bludgeon","Warcry","Corruption","Flame Barrier","Shame"],"relics":["Black Blood","Juzu Bracelet","Vajra","Bronze Scales","Dream Catcher","Odd Mushroom","WarpedTongs","Self Forming Clay","MawBank"],"potions_floor_usage":[],"damage_taken":[{"damage":2,"enemies":"2 Louse","floor":1,"turns":3},{"damage":4,"enemies":"Jaw Worm","floor":3,"turns":5},{"damage":0,"enemies":"Small Slimes","floor":4,"turns":4},{"damage":15,"enemies":"Red Slaver","floor":5,"turns":5},{"damage":32,"enemies":"Gremlin Nob","floor":6,"turns":4},{"damage":30,"enemies":"Lagavulin","floor":8,"turns":7},{"damage":4,"enemies":"Lots of Slimes","floor":11,"turns":1},{"damage":3,"enemies":"Blue Slaver","floor":12,"turns":4},{"damage":10,"enemies":"The Mushroom Lair","floor":13,"turns":3},{"damage":6,"enemies":"Slime Boss","floor":16,"turns":5},{"damage":31,"enemies":"Shell Parasite","floor":18,"turns":5},{"damage":27,"enemies":"2 Thieves","floor":21,"turns":3},{"damage":43,"enemies":"Gremlin Leader","floor":23,"turns":6}],"seed_played":"4554658225869883950","potions_obtained":[{"floor":3,"key":"Swift Potion"},{"floor":4,"key":"Dexterity Potion"},{"floor":8,"key":"EssenceOfSteel"}],"is_trial":false,"path_per_floor":["?","?","?","?","?"],"character_chosen":"IRONCLAD","items_purchased":["Self Forming Clay","Corruption"],"campfire_rested":1,"item_purchase_floors":[20,20],"current_hp_per_floor":[80,68,70,76,67,41,41,17,17,41,43,46,42,42,42,42,80,59,59,59,42,42,0],"gold":47,"neow_bonus":"THREE_CARDS","is_prod":false,"is_daily":false,"chose_seed":false,"campfire_upgraded":2,"win_rate":0,"timestamp":1552925817,"path_taken":["M","?","M","M","M","E","R","E","T","R","M","M","?","?","R","BOSS","M","?","$","M","?","E"],"build_version":"2019-01-23","purchased_purges":1,"victory":false,"max_hp_per_floor":[80,80,80,80,80,80,80,80,80,80,80,80,80,80,80,80,80,80,80,80,80,80,80],"card_choices":[{"not_picked":["Wild Strike","Clothesline"],"picked":"True Grit","floor":0},{"not_picked":["Clash","Twin Strike"],"picked":"Warcry","floor":1},{"not_picked":["Clothesline","Flex"],"picked":"Cleave","floor":3},{"not_picked":["Flex","Anger"],"picked":"Inflame","floor":4},{"not_picked":["Searing Blow","Havoc"],"picked":"Seeing Red","floor":5},{"not_picked":["Havoc","Wild Strike","Pommel Strike"],"picked":"SKIP","floor":6},{"not_picked":["Second Wind","Whirlwind"],"picked":"Shrug It Off","floor":8},{"not_picked":["Heavy Blade","True Grit"],"picked":"Combust","floor":10},{"not_picked":["Brutality","Second Wind"],"picked":"Rampage","floor":11},{"not_picked":["Clothesline","Body Slam"],"picked":"Headbutt","floor":12},{"not_picked":["Berserk","Barricade"],"picked":"Bludgeon","floor":16},{"not_picked":["Twin Strike","Thunderclap+1"],"picked":"Warcry","floor":18},{"not_picked":["Second Wind+1","Wild Strike"],"picked":"Flame Barrier","floor":21}],"player_experience":749156,"relics_obtained":[{"floor":6,"key":"Vajra"},{"floor":8,"key":"Bronze Scales"},{"floor":9,"key":"Dream Catcher"},{"floor":13,"key":"Odd Mushroom"}],"event_choices":[{"damage_healed":0,"gold_gain":0,"player_choice":"Success","damage_taken":12,"relics_obtained":["Juzu Bracelet"],"max_hp_gain":0,"max_hp_loss":0,"event_name":"Scrap Ooze","floor":2,"gold_loss":0},{"damage_healed":0,"gold_gain":0,"player_choice":"Fought Mushrooms","damage_taken":0,"max_hp_gain":0,"max_hp_loss":0,"event_name":"Mushrooms","floor":13,"gold_loss":0},{"damage_healed":0,"gold_gain":0,"player_choice":"Rummage","damage_taken":0,"relics_obtained":["WarpedTongs"],"max_hp_gain":0,"max_hp_loss":0,"event_name":"Accursed Blacksmith","floor":14,"gold_loss":0,"cards_obtained":["Pain"]},{"damage_healed":0,"gold_gain":0,"player_choice":"Bought 0 Potions","damage_taken":0,"max_hp_gain":0,"max_hp_loss":0,"event_name":"The Woman in Blue","floor":19,"gold_loss":0},{"damage_healed":0,"gold_gain":0,"player_choice":"Stole Relic","damage_taken":0,"relics_obtained":["MawBank"],"max_hp_gain":0,"max_hp_loss":0,"event_name":"Addict","floor":22,"gold_loss":0,"cards_obtained":["Shame"]}],"is_beta":false,"boss_relics":[{"not_picked":["Fusion Hammer","Philosopher\u0027s Stone"],"picked":"Black Blood"}],"items_purged_floors":[20],"is_endless":false,"potions_floor_spawned":[3,4,8,12],"killed_by":"Gremlin Leader","ascension_level":4}