{"gold_per_floor":[118,130,142,142,142,142,155,155,208,15,32,43,43,60,60,163,163,130,148,167,266,266,294,294,308,308,44,44,44,44,63,63,160,160,174,174,30,41,41,41,55,55,55,67,67,99,169,219,219,219],"floor_reached":51,"playtime":9186,"items_purged":["Defend_B","Defend_B"],"score":664,"play_id":"ad1c361f-ecbb-4dcb-a749-c276c1656445","local_time":"20190405114758","is_ascension_mode":false,"campfire_choices":[{"data":"Zap","floor":6,"key":"SMITH"},{"data":"Scrape","floor":15,"key":"SMITH"},{"data":"Dualcast","floor":24,"key":"SMITH"},{"data":"FTL","floor":29,"key":"SMITH"},{"floor":32,"key":"REST"},{"data":"Forethought","floor":40,"key":"SMITH"},{"data":"Bandage Up","floor":42,"key":"SMITH"},{"floor":45,"key":"REST"},{"floor":49,"key":"REST"}],"neow_cost":"NONE","seed_source_timestamp":511680049839500,"circlet_count":0,"master_deck":["Strike_B+1","Strike_B+1","Defend_B+1","Zap+1","Dualcast+1","Leap","Glacier","Chill","Conserve Battery+1","FTL+1","Scrape+1","Auto Shields","Capacitor","Seek","Capacitor","Leap","Genetic Algorithm","Glacier+1","Coolheaded","FTL","Finesse","Go for the Eyes+1","Machine Learning","Go for the Eyes+1","Forethought+1","Metamorphosis","Bandage Up+1","Deep Breath","Steam","Gash+1","Go for the Eyes+1","Hologram+1","Defragment+1","Go for the Eyes+1"],"relics":["Cracked Core","Whetstone","Bag of Preparation","Art of War","Cursed Key","Shuriken","MutagenicStrength","Black Star","SsserpentHead","Kunai","Ice Cream"],"potions_floor_usage":[16,16,23,23,23,35,41,50],"damage_taken":[{"damage":0,"enemies":"Small Slimes","floor":1,"turns":3},{"damage":1,"enemies":"2 Louse","floor":2,"turns":2},{"damage":0,"enemies":"Cultist","floor":3,"turns":5},{"damage":0,"enemies":"Exordium Wildlife","floor":7,"turns":6},{"damage":0,"enemies":"3 Louse","floor":11,"turns":2},{"damage":0,"enemies":"Large Slime","floor":12,"turns":7},{"damage":0,"enemies":"Gremlin Gang","floor":14,"turns":5},{"damage":3,"enemies":"Slime Boss","floor":16,"turns":16},{"damage":0,"enemies":"2 Thieves","floor":18,"turns":5},{"damage":0,"enemies":"Chosen","floor":19,"turns":5},{"damage":0,"enemies":"3 Cultists","floor":20,"turns":9},{"damage":18,"enemies":"Slavers","floor":23,"turns":8},{"damage":2,"enemies":"Cultist and Chosen","floor":25,"turns":9},{"damage":4,"enemies":"Sentry and Sphere","floor":31,"turns":5},{"damage":8,"enemies":"Collector","floor":33,"turns":13},{"damage":18,"enemies":"3 Shapes","floor":35,"turns":6},{"damage":1,"enemies":"3 Darklings","floor":38,"turns":5},{"damage":8,"enemies":"Jaw Worm Horde","floor":41,"turns":4},{"damage":0,"enemies":"Sphere and 2 Shapes","floor":44,"turns":5},{"damage":25,"enemies":"Nemesis","floor":46,"turns":9},{"damage":0,"enemies":"Maw","floor":47,"turns":8},{"damage":30,"enemies":"Time Eater","floor":50,"turns":19}],"seed_played":"630701083345486576","potions_obtained":[{"floor":1,"key":"Swift Potion"},{"floor":7,"key":"AttackPotion"},{"floor":11,"key":"Dexterity Potion"},{"floor":12,"key":"EssenceOfSteel"},{"floor":18,"key":"Energy Potion"},{"floor":19,"key":"FearPotion"},{"floor":33,"key":"Explosive Potion"},{"floor":38,"key":"GamblersBrew"},{"floor":44,"key":"Dexterity Potion"}],"is_trial":false,"path_per_floor":["M","M","M","?","?","R","M","?","T","$","M","M","?","M","R","B",null,"M","M","M","?","?","E","R","M","T","$","?","R","?","M","R","B",null,"M","?","$","M","?","R","M","R","T","M","R","E","M","?","R","B",null],"character_chosen":"DEFECT","items_purchased":["FTL","Scrape","FTL","Finesse","Deep Breath","Steam"],"campfire_rested":3,"item_purchase_floors":[10,10,27,27,37,37],"current_hp_per_floor":[75,74,74,74,67,67,67,52,52,52,52,52,52,52,52,49,75,75,75,75,75,75,57,57,55,55,55,55,55,55,51,73,65,75,57,47,47,46,46,46,42,42,42,48,70,51,57,57,75,51],"gold":219,"neow_bonus":"RANDOM_COMMON_RELIC","is_prod":false,"is_daily":false,"chose_seed":false,"campfire_upgraded":6,"win_rate":0.0,"timestamp":1554479278,"path_taken":["M","M","M","?","?","R","M","?","T","$","M","M","?","M","R","BOSS","M","M","M","?","?","E","R","M","T","$","?","R","?","M","R","BOSS","M","?","$","M","?","R","M","R","T","M","R","E","?","?","R","BOSS"],"build_version":"2019-01-23","purchased_purges":2,"victory":true,"max_hp_per_floor":[75,75,75,75,75,75,75,75,75,75,75,75,75,75,75,75,75,75,75,75,75,75,75,75,75,75,75,75,75,75,75,75,75,75,75,75,75,75,75,75,75,75,75,75,75,75,75,75,75,75],"card_choices":[{"not_picked":["Steam Power","Reprogram"],"picked":"Leap","floor":1},{"not_picked":["Hologram","Defragment"],"picked":"Glacier","floor":2},{"not_picked":["Hologram","Lockon"],"picked":"Chill","floor":3},{"not_picked":["Static Discharge","Compile Driver"],"picked":"Conserve Battery","floor":7},{"not_picked":["Hello World","Compile Driver"],"picked":"Auto Shields","floor":11},{"not_picked":["Streamline","Multi-Cast","Darkness"],"picked":"SKIP","floor":12},{"not_picked":["Chaos","Hello World"],"picked":"Capacitor","floor":14},{"not_picked":["Buffer","Rainbow"],"picked":"Seek","floor":16},{"not_picked":["Rip and Tear+1","Sweeping Beam+1"],"picked":"Capacitor","floor":18},{"not_picked":["Stack","Barrage"],"picked":"Leap","floor":19},{"not_picked":["Stack","Hologram"],"picked":"Genetic Algorithm","floor":20},{"not_picked":["Force Field","Consume"],"picked":"Glacier+1","floor":23},{"not_picked":["Amplify","Auto Shields"],"picked":"Coolheaded","floor":25},{"not_picked":["Redo+1","Barrage+1"],"picked":"Go for the Eyes+1","floor":31},{"not_picked":["Rainbow","Fission"],"picked":"Machine Learning","floor":33},{"not_picked":["Heatsinks","Streamline"],"picked":"Go for the Eyes+1","floor":35},{"not_picked":["Finesse","Dark Shackles"],"picked":"Forethought","floor":36},{"not_picked":["Magnetism","Jack Of All Trades"],"picked":"Metamorphosis","floor":36},{"not_picked":["Metamorphosis","Mind Blast"],"picked":"Bandage Up","floor":36},{"not_picked":["Leap","Consume"],"picked":"Gash+1","floor":38},{"not_picked":["Gash","Steam"],"picked":"Go for the Eyes+1","floor":41},{"not_picked":["Darkness+1","Compile Driver+1"],"picked":"Hologram+1","floor":44},{"not_picked":["Rainbow","Loop+1"],"picked":"Defragment","floor":46},{"not_picked":["Conserve Battery","Tempest"],"picked":"Go for the Eyes+1","floor":47}],"player_experience":137448,"relics_obtained":[{"floor":9,"key":"Bag of Preparation"},{"floor":13,"key":"Art of War"},{"floor":23,"key":"Shuriken"},{"floor":46,"key":"Kunai"},{"floor":46,"key":"Ice Cream"}],"event_choices":[{"cards_removed":["Strike_B"],"damage_healed":0,"gold_gain":0,"player_choice":"Forget","damage_taken":0,"max_hp_gain":0,"max_hp_loss":0,"event_name":"Living Wall","floor":4,"gold_loss":0},{"cards_removed":["Strike_B"],"damage_healed":0,"gold_gain":0,"player_choice":"Card Removal","damage_taken":7,"max_hp_gain":0,"max_hp_loss":0,"event_name":"Golden Wing","floor":5,"gold_loss":0},{"damage_healed":0,"gold_gain":0,"player_choice":"Entered Light","damage_taken":15,"max_hp_gain":0,"max_hp_loss":0,"event_name":"Shining Light","floor":8,"gold_loss":0,"cards_upgraded":["Defend_B","Conserve Battery"]},{"damage_healed":0,"gold_gain":0,"player_choice":"Relic","damage_taken":0,"max_hp_gain":0,"max_hp_loss":0,"event_name":"Wheel of Change","floor":13,"gold_loss":0},{"damage_healed":0,"gold_gain":99,"player_choice":"Stole From Cult","damage_taken":0,"max_hp_gain":0,"max_hp_loss":0,"event_name":"Nest","floor":21,"gold_loss":0},{"damage_healed":0,"gold_gain":0,"player_choice":"Ignored","damage_taken":0,"max_hp_gain":0,"max_hp_loss":0,"event_name":"The Mausoleum","floor":22,"gold_loss":0},{"cards_removed":["Defend_B"],"damage_healed":0,"gold_gain":0,"player_choice":"Elegance","damage_taken":0,"max_hp_gain":0,"max_hp_loss":0,"event_name":"Back to Basics","floor":28,"gold_loss":0},{"damage_healed":0,"gold_gain":0,"player_choice":"Inject Mutagens","damage_taken":0,"relics_obtained":["MutagenicStrength"],"max_hp_gain":0,"max_hp_loss":0,"event_name":"Drug Dealer","floor":30,"gold_loss":0},{"damage_healed":0,"gold_gain":0,"player_choice":"Memory 3","damage_taken":10,"max_hp_gain":0,"max_hp_loss":0,"event_name":"SensoryStone","floor":36,"gold_loss":0},{"damage_healed":0,"gold_gain":0,"player_choice":"Trade","damage_taken":0,"relics_obtained":["SsserpentHead"],"max_hp_gain":0,"max_hp_loss":0,"event_name":"FaceTrader","floor":39,"gold_loss":0},{"damage_healed":0,"gold_gain":0,"player_choice":"Forge","damage_taken":0,"max_hp_gain":0,"max_hp_loss":0,"event_name":"Accursed Blacksmith","floor":48,"gold_loss":0,"cards_upgraded":["Defragment"]}],"is_beta":false,"boss_relics":[{"not_picked":["Runic Dome","Philosopher\u0027s Stone"],"picked":"Cursed Key"},{"not_picked":["Pandora\u0027s Box","Velvet Choker"],"picked":"Black Star"}],"items_purged_floors":[10,27],"is_endless":false,"potions_floor_spawned":[1,7,11,12,14,18,19,33,38,44],"ascension_level":0}