{"gold_per_floor":[115,190,190,207,226,226,243,243,243,243,193,193,204,220,220,317,317,331,241,166,179,197,229,229,257,282,299,319,336,696,713,713,713],"floor_reached":33,"playtime":1600,"items_purged":["Strike_R"],"score":281,"play_id":"f8b9bce7-7db5-4ad8-9bee-d204d8c138f6","local_time":"20190206151217","is_ascension_mode":false,"campfire_choices":[{"data":"Body Slam","floor":6,"key":"SMITH"},{"data":"Shrug It Off","floor":8,"key":"SMITH"},{"data":"True Grit","floor":10,"key":"SMITH"},{"data":"Defend_R","floor":12,"key":"SMITH"},{"data":"Defend_R","floor":15,"key":"SMITH"},{"data":"Defend_R","floor":24,"key":"SMITH"},{"floor":32,"key":"REST"}],"neow_cost":"NONE","seed_source_timestamp":749435075185564,"circlet_count":0,"master_deck":["Defend_R+1","Defend_R+1","Defend_R+1","Defend_R+1","Shrug It Off+1","Body Slam+1","True Grit+1","Double Tap+1","Hemokinesis+1","Immolate+1"],"relics":["Burning Blood","Meat on the Bone","Astrolabe","Paper Frog","Boot","Red Skull"],"potions_floor_usage":[16,16,16,23,33,33,33],"damage_taken":[{"damage":5,"enemies":"Jaw Worm","floor":1,"turns":6},{"damage":1,"enemies":"Cultist","floor":4,"turns":4},{"damage":4,"enemies":"Small Slimes","floor":5,"turns":3},{"damage":6,"enemies":"Red Slaver","floor":7,"turns":5},{"damage":1,"enemies":"Blue Slaver","floor":13,"turns":4},{"damage":7,"enemies":"Exordium Thugs","floor":14,"turns":7},{"damage":89,"enemies":"Hexaghost","floor":16,"turns":16},{"damage":10,"enemies":"Spheric Guardian","floor":18,"turns":3},{"damage":0,"enemies":"2 Thieves","floor":21,"turns":4},{"damage":16,"enemies":"Centurion and Healer","floor":22,"turns":4},{"damage":44,"enemies":"Gremlin Leader","floor":23,"turns":6},{"damage":12,"enemies":"Slavers","floor":25,"turns":3},{"damage":8,"enemies":"Snake Plant","floor":27,"turns":5},{"damage":2,"enemies":"3 Cultists","floor":28,"turns":2},{"damage":12,"enemies":"Cultist and Chosen","floor":29,"turns":3},{"damage":0,"enemies":"Snake Plant","floor":31,"turns":2},{"damage":62,"enemies":"Collector","floor":33,"turns":6}],"seed_played":"6241640837836992295","potions_obtained":[{"floor":4,"key":"AttackPotion"},{"floor":13,"key":"Regen Potion"},{"floor":14,"key":"Regen Potion"},{"floor":18,"key":"GamblersBrew"},{"floor":23,"key":"Poison Potion"},{"floor":27,"key":"Strength Potion"},{"floor":31,"key":"Dexterity Potion"}],"is_trial":false,"path_per_floor":["?","?","M","?","?","M","?"],"character_chosen":"IRONCLAD","items_purchased":[],"campfire_rested":1,"item_purchase_floors":[],"current_hp_per_floor":[88,77,77,82,84,84,84,84,84,84,84,84,88,87,87,26,88,84,84,84,88,78,52,52,58,58,56,60,54,14,32,58,0],"gold":713,"neow_bonus":"TEN_PERCENT_HP_BONUS","is_prod":false,"is_daily":false,"chose_seed":false,"campfire_upgraded":6,"win_rate":0,"timestamp":1549483937,"path_taken":["M","?","?","?","M","R","M","R","T","R","?","R","M","M","R","BOSS","M","?","$","M","M","E","R","E","T","M","?","M","?","M","R","BOSS"],"build_version":"2019-01-23","purchased_purges":1,"victory":false,"max_hp_per_floor":[88,88,88,88,88,88,88,88,88,88,88,88,88,88,88,88,88,88,88,88,88,88,88,88,88,88,88,88,88,88,88,88,88],"card_choices":[{"not_picked":["Anger","Cleave"],"picked":"Shrug It Off","floor":1},{"not_picked":["Havoc","Spot Weakness"],"picked":"Body Slam","floor":4},{"not_picked":["Clothesline","Sever Soul","Hemokinesis"],"picked":"SKIP","floor":5},{"not_picked":["Corruption","Bludgeon"],"picked":"True Grit","floor":7},{"not_picked":["Twin Strike","Heavy Blade","Sever Soul"],"picked":"SKIP","floor":13},{"not_picked":["Rage","Warcry","Sword Boomerang"],"picked":"SKIP","floor":14},{"not_picked":["Headbutt","Uppercut+1","Flame Barrier"],"picked":"SKIP","floor":18},{"not_picked":["Flex","Spot Weakness+1","Perfected Strike"],"picked":"SKIP","floor":21},{"not_picked":["Pommel Strike","Second Wind","Searing Blow+1"],"picked":"SKIP","floor":22},{"not_picked":["Sever Soul","Perfected Strike","Pommel Strike"],"picked":"SKIP","floor":23},{"not_picked":["Flame Barrier","Clothesline+1","Shockwave"],"picked":"SKIP","floor":25},{"not_picked":["Pommel Strike","Dark Embrace","Anger+1"],"picked":"SKIP","floor":27},{"not_picked":["Clothesline","Searing Blow+1","Headbutt"],"picked":"SKIP","floor":28},{"not_picked":["Sever Soul","Havoc+1","Combust"],"picked":"SKIP","floor":29},{"not_picked":["Flex","Anger","Pommel Strike"],"picked":"SKIP","floor":31}],"player_experience":317031,"relics_obtained":[{"floor":9,"key":"Meat on the Bone"},{"floor":23,"key":"Paper Frog"},{"floor":25,"key":"Boot"},{"floor":26,"key":"Red Skull"}],"event_choices":[{"damage_healed":0,"gold_gain":75,"player_choice":"Gather Gold","damage_taken":11,"max_hp_gain":0,"max_hp_loss":0,"event_name":"World of Goop","floor":2,"gold_loss":0},{"damage_healed":0,"gold_gain":0,"player_choice":"Bought 0 Potions","damage_taken":0,"max_hp_gain":0,"max_hp_loss":0,"event_name":"The Woman in Blue","floor":3,"gold_loss":0},{"cards_removed":["Strike_R"],"damage_healed":0,"gold_gain":0,"player_choice":"Card Removal","damage_taken":0,"max_hp_gain":0,"max_hp_loss":0,"event_name":"The Cleric","floor":11,"gold_loss":50},{"cards_removed":["Strike_R"],"damage_healed":0,"gold_gain":0,"player_choice":"Upgrade and Remove","damage_taken":0,"max_hp_gain":0,"max_hp_loss":0,"event_name":"Designer","floor":19,"gold_loss":90,"cards_upgraded":["Defend_R"]},{"damage_healed":0,"gold_gain":360,"player_choice":"GOLD GOLD GOLD GOLD ","damage_taken":40,"max_hp_gain":0,"max_hp_loss":0,"event_name":"Knowing Skull","floor":30,"potions_obtained":[],"gold_loss":0,"cards_obtained":[]}],"is_beta":false,"boss_relics":[{"not_picked":["Coffee Dripper","Cursed Key"],"picked":"Astrolabe"}],"items_purged_floors":[20],"is_endless":false,"potions_floor_spawned":[4,13,14,18,23,27,31],"killed_by":"Collector","ascension_level":0}