{"gold_per_floor":[211,54,66,92,119,162,174,216,228,240,279,304,281,27,27,130,130,140,155,155,155,4,4,35,35,109,135,155,155,155,155,155,259,259,272,1,1000,1010,1024,1024,1024,1024,1073,1086,9,9,9,57,57,57],"floor_reached":50,"playtime":2671,"items_purged":[],"score":922,"play_id":"43da5c8e-fdc0-4b13-9b22-35874522c1a5","local_time":"20181024140513","is_ascension_mode":true,"campfire_choices":[{"floor":7,"key":"REST"},{"data":"Armaments","floor":10,"key":"SMITH"},{"data":"Shrug It Off","floor":15,"key":"SMITH"},{"data":"Limit Break","floor":23,"key":"SMITH"},{"floor":25,"key":"REST"},{"floor":29,"key":"REST"},{"floor":32,"key":"REST"},{"data":"True Grit","floor":40,"key":"SMITH"},{"data":"Shrug It Off","floor":42,"key":"SMITH"},{"floor":49,"key":"REST"}],"neow_cost":"NONE","seed_source_timestamp":1194526996282117,"circlet_count":0,"master_deck":["Strike_R","Strike_R","Strike_R","Strike_R","Defend_R","Defend_R","Defend_R","Defend_R","Bash","Metallicize","Flex","Armaments+1","Spot Weakness","Pommel Strike+1","Heavy Blade+1","Headbutt+1","Inflame","Shrug It Off+1","Feed+1","Limit Break+1","Sword Boomerang+1","Body Slam+1","RitualDagger+1","Iron Wave+1","Disarm+1","Shrug It Off+1","Necronomicurse","Immolate+1","Writhe","Clumsy","Shame","Perfected Strike+1","True Grit+1","Reckless Charge+1","Shrug It Off","Normality","Pummel+1","Havoc+1","Rupture+1","Pummel+1","Heavy Blade+1","Immolate+1","True Grit","Master of Strategy","HandOfGreed+1","Sentinel","Disarm","Sword Boomerang+1","Searing Blow+1"],"relics":["Burning Blood","MawBank","Molten Egg 2","Magic Flower","Self Forming Clay","Charon\u0027s Ashes","Velvet Choker","Oddly Smooth Stone","Ancient Tea Set","The Courier","Frozen Egg 2","Necronomicon","Blue Candle","Calling Bell","Dream Catcher","Darkstone Periapt","Ginger","Strange Spoon","Red Skull","Ice Cream","Bottled Lightning","Spirit Poop","WingedGreaves"],"potions_floor_usage":[6,21,27,35,44,46,50,50],"damage_taken":[{"damage":9,"enemies":"Jaw Worm","floor":1,"turns":5},{"damage":4,"enemies":"Small Slimes","floor":4,"turns":4},{"damage":9,"enemies":"Cultist","floor":5,"turns":5},{"damage":28,"enemies":"Lagavulin","floor":6,"turns":9},{"damage":18,"enemies":"3 Sentries","floor":8,"turns":10},{"damage":20,"enemies":"3 Sentries","floor":11,"turns":11},{"damage":3,"enemies":"Looter","floor":12,"turns":3},{"damage":37,"enemies":"Hexaghost","floor":16,"turns":9},{"damage":33,"enemies":"2 Thieves","floor":18,"turns":4},{"damage":16,"enemies":"Shell Parasite","floor":19,"turns":4},{"damage":0,"enemies":"Colosseum Slavers","floor":21,"turns":3},{"damage":37,"enemies":"Book of Stabbing","floor":24,"turns":5},{"damage":11,"enemies":"Slavers","floor":27,"turns":4},{"damage":25,"enemies":"Snecko","floor":28,"turns":7},{"damage":12,"enemies":"Champ","floor":33,"turns":8},{"damage":4,"enemies":"Orb Walker","floor":35,"turns":3},{"damage":0,"enemies":"3 Darklings","floor":38,"turns":2},{"damage":13,"enemies":"Maw","floor":39,"turns":6},{"damage":6,"enemies":"Transient","floor":44,"turns":5},{"damage":5,"enemies":"Reptomancer","floor":46,"turns":3},{"damage":52,"enemies":"2 Orb Walkers","floor":48,"turns":5},{"damage":98,"enemies":"Donu and Deca","floor":50,"turns":6}],"seed_played":"6974320740048472293","potions_obtained":[{"floor":1,"key":"Fire Potion"},{"floor":4,"key":"Weak Potion"},{"floor":11,"key":"SpeedPotion"},{"floor":19,"key":"SkillPotion"},{"floor":28,"key":"Fire Potion"},{"floor":33,"key":"GamblersBrew"},{"floor":35,"key":"SmokeBomb"},{"floor":39,"key":"Fire Potion"},{"floor":44,"key":"SpeedPotion"}],"is_trial":false,"path_per_floor":["M","$","?","M","M","E","R","?","T","R","E","M","?","$","R","B",null,"M","M","?","?","$","R","E","R","T","E","M","R","?","T","R","B",null,"M","$","?","M","M","R","?","R","T","M","$","E","?","?","R"],"character_chosen":"IRONCLAD","items_purchased":["MawBank","Inflame","Shrug It Off","Feed+1","Oddly Smooth Stone","Strange Spoon","True Grit","Reckless Charge+1","Shrug It Off","Ice Cream","Bottled Lightning","Pummel+1","Heavy Blade+1","Immolate+1","True Grit","Master of Strategy","HandOfGreed+1","Sentinel","Disarm"],"campfire_rested":5,"item_purchase_floors":[2,14,14,14,22,36,36,36,36,45,45,45,45,45,45,45,45,45,45],"current_hp_per_floor":[69,69,69,71,68,46,70,58,58,58,47,53,73,73,73,51,76,58,51,45,54,54,54,26,52,52,50,34,60,44,44,70,67,83,88,88,100,100,96,96,96,96,96,99,99,100,100,57,87,0],"gold":57,"neow_bonus":"HUNDRED_GOLD","is_prod":false,"is_daily":false,"chose_seed":false,"campfire_upgraded":5,"win_rate":0,"timestamp":1540411513,"path_taken":["M","$","?","M","M","E","R","?","T","R","E","M","?","?","R","BOSS","M","M","?","?","?","R","E","R","T","E","?","R","?","?","R","BOSS","M","$","?","M","?","R","?","R","T","?","$","E","?","?","R","BOSS"],"build_version":"2018-10-18","purchased_purges":0,"victory":false,"max_hp_per_floor":[80,80,80,80,80,80,80,80,80,80,80,80,80,80,80,84,84,88,88,88,88,88,88,88,88,88,88,88,88,88,88,88,88,88,88,88,100,100,100,100,100,100,100,100,100,100,100,100,100,100],"card_choices":[{"not_picked":["Havoc","Clothesline"],"picked":"Metallicize","floor":1},{"not_picked":["Heavy Blade","Headbutt"],"picked":"Flex","floor":4},{"not_picked":["Rupture","Clothesline"],"picked":"Armaments","floor":5},{"not_picked":["Corruption","Clothesline"],"picked":"Spot Weakness","floor":6},{"not_picked":["Juggernaut","Rage"],"picked":"Pommel Strike+1","floor":8},{"not_picked":["Clothesline+1","Feel No Pain"],"picked":"Heavy Blade+1","floor":11},{"not_picked":["Battle Trance","Anger+1"],"picked":"Headbutt+1","floor":12},{"not_picked":["Juggernaut","Double Tap"],"picked":"Limit Break","floor":16},{"not_picked":["Carnage+1","Blood for Blood+1"],"picked":"Sword Boomerang+1","floor":18},{"not_picked":["Sentinel","Second Wind"],"picked":"Body Slam+1","floor":19},{"not_picked":["Metallicize+1","Reckless Charge+1"],"picked":"Iron Wave+1","floor":24},{"not_picked":["Twin Strike+1","Dropkick+1"],"picked":"Disarm+1","floor":27},{"not_picked":["Cleave+1","Shockwave"],"picked":"Shrug It Off","floor":28},{"not_picked":["Juggernaut+1","Brutality+1"],"picked":"Immolate+1","floor":33},{"not_picked":["Blood for Blood+1","Flex"],"picked":"Perfected Strike+1","floor":35},{"not_picked":["Pommel Strike+1","Havoc+1"],"picked":"Pummel+1","floor":38},{"not_picked":["Intimidate","Iron Wave+1"],"picked":"Havoc+1","floor":39},{"not_picked":["Flex+1","Uppercut+1"],"picked":"Rupture+1","floor":44},{"not_picked":["Seeing Red+1","Clothesline+1"],"picked":"Sword Boomerang+1","floor":48},{"not_picked":["Twin Strike+1","Rampage+1"],"picked":"Searing Blow+1","floor":49}],"player_experience":790776,"relics_obtained":[{"floor":6,"key":"Molten Egg 2"},{"floor":8,"key":"Magic Flower"},{"floor":9,"key":"Self Forming Clay"},{"floor":11,"key":"Charon\u0027s Ashes"},{"floor":24,"key":"Ancient Tea Set"},{"floor":26,"key":"The Courier"},{"floor":27,"key":"Frozen Egg 2"},{"floor":30,"key":"Necronomicon"},{"floor":31,"key":"Blue Candle"},{"floor":34,"key":"Dream Catcher"},{"floor":34,"key":"Darkstone Periapt"},{"floor":34,"key":"Ginger"},{"floor":43,"key":"Red Skull"},{"floor":48,"key":"WingedGreaves"}],"event_choices":[{"cards_removed":["Strike_R"],"damage_healed":0,"gold_gain":0,"player_choice":"Forget","damage_taken":0,"max_hp_gain":0,"max_hp_loss":0,"event_name":"Living Wall","floor":3,"gold_loss":0},{"damage_healed":0,"gold_gain":30,"player_choice":"Searched \u00272\u0027 times","damage_taken":0,"max_hp_gain":0,"max_hp_loss":0,"event_name":"Dead Adventurer","floor":8,"gold_loss":0},{"damage_healed":20,"gold_gain":0,"player_choice":"Healed","damage_taken":0,"max_hp_gain":0,"max_hp_loss":0,"event_name":"The Cleric","floor":13,"gold_loss":35},{"damage_healed":0,"gold_gain":0,"player_choice":"Joined the Cult","damage_taken":6,"max_hp_gain":0,"max_hp_loss":0,"event_name":"Nest","floor":20,"gold_loss":0,"cards_obtained":["RitualDagger"]},{"damage_healed":0,"gold_gain":0,"player_choice":"Fight","damage_taken":0,"max_hp_gain":0,"max_hp_loss":0,"event_name":"Colosseum","floor":21,"gold_loss":0},{"damage_healed":0,"gold_gain":0,"player_choice":"Fled From Nobs","damage_taken":0,"max_hp_gain":0,"max_hp_loss":0,"event_name":"Colosseum","floor":21,"gold_loss":0},{"damage_healed":0,"gold_gain":0,"player_choice":"Obtained Book","damage_taken":16,"max_hp_gain":0,"max_hp_loss":0,"event_name":"Cursed Tome","floor":30,"gold_loss":0},{"damage_healed":0,"gold_gain":999,"player_choice":"Gold","damage_taken":0,"max_hp_gain":0,"max_hp_loss":0,"event_name":"MindBloom","floor":37,"gold_loss":0,"cards_obtained":["Normality","Normality"]},{"damage_healed":0,"gold_gain":0,"player_choice":"Ignored","damage_taken":0,"max_hp_gain":0,"max_hp_loss":0,"event_name":"Tomb of Lord Red Mask","floor":41,"gold_loss":0},{"cards_removed":["Normality"],"damage_healed":0,"gold_gain":0,"player_choice":"Offered Curse","damage_taken":0,"relics_obtained":["Spirit Poop"],"max_hp_gain":0,"max_hp_loss":0,"event_name":"Bonfire Elementals","floor":47,"gold_loss":0},{"damage_healed":0,"gold_gain":0,"player_choice":"Fight","damage_taken":0,"max_hp_gain":0,"max_hp_loss":0,"event_name":"Mysterious Sphere","floor":48,"gold_loss":0}],"is_beta":false,"boss_relics":[{"not_picked":["Lizard Tail","Astrolabe"],"picked":"Velvet Choker"},{"not_picked":["Black Star","Sozu"],"picked":"Calling Bell"}],"items_purged_floors":[],"is_endless":false,"potions_floor_spawned":[1,4,11,19,28,33,35,39,44,46],"killed_by":"Donu and Deca","ascension_level":6}