{"path_per_floor":["M","M","?","?","M","E","M","E","T","R","?","T","M","?","R","B",null,"M","?","?","M","M","R","M","T","T","$"],"character_chosen":"IRONCLAD","items_purchased":["Dead Branch","Inflame","Ancient Tea Set","Power Through"],"gold_per_floor":[118,130,130,305,315,340,355,383,383,383,413,440,454,454,454,549,549,564,564,564,581,595,595,608,690,735,40],"floor_reached":28,"campfire_rested":3,"playtime":1353,"current_hp_per_floor":[76,80,68,68,69,57,42,25,25,49,49,49,27,27,51,41,80,64,64,64,40,28,52,31,31,31,31],"items_purged":["Doubt"],"gold":40,"score":228,"play_id":"96c90679-9955-42eb-82e7-05f2b2a12487","is_prod":false,"is_daily":false,"is_ascension_mode":false,"campfire_upgraded":0,"path_taken":["M","M","?","?","?","E","M","E","T","R","?","?","M","?","R","BOSS","M","?","?","?","M","R","M","?","T","$","E"],"build_version":"2018-02-15-PROD1","purchased_purges":1,"victory":false,"master_deck":["Strike_R","Strike_R","Strike_R+1","Strike_R+1","Strike_R","Defend_R+1","Defend_R","Defend_R","Defend_R","Bash","Flex+1","Whirlwind+1","Power Through","Rupture","Metallicize","Burning Pact","Cleave","Cleave","Wild Strike","Feed","Flex","Pommel Strike","Bludgeon+1","Offering","Fire Breathing","Shrug It Off+1","Flex","Thunderclap+1","Infernal Blade","Ghostly Armor","Inflame","Power Through"],"max_hp_per_floor":[80,80,80,80,80,80,80,80,80,80,80,80,80,80,80,80,80,80,80,80,83,83,83,83,83,83,83],"relics":["Burning Blood","Dream Catcher","Mummified Hand","Whetstone","War Paint","Oddly Smooth Stone","Orrery","Dodecahedron","Anchor","Dead Branch","Ancient Tea Set"],"card_choices":[{"not_picked":["Sever Soul","Shockwave"],"picked":"Flex"},{"not_picked":["Body Slam","Entrench"],"picked":"Whirlwind"},{"not_picked":["Searing Blow","Clash"],"picked":"Power Through"},{"not_picked":["Exhume","Cleave"],"picked":"Rupture"},{"not_picked":["Havoc","Shrug It Off"],"picked":"Metallicize"},{"not_picked":["Uppercut","Perfected Strike"],"picked":"Burning Pact"},{"not_picked":["Hemokinesis","Iron Wave"],"picked":"Cleave"},{"not_picked":["Body Slam","Havoc"],"picked":"Cleave"},{"not_picked":["Rage","Iron Wave"],"picked":"Wild Strike"},{"not_picked":["Fiend Fire","Reaper"],"picked":"Feed"},{"not_picked":["Havoc","Sword Boomerang"],"picked":"Flex"},{"not_picked":["Clothesline","Clash"],"picked":"Pommel Strike"},{"not_picked":["Clothesline","Havoc"],"picked":"Bludgeon"},{"not_picked":["Clash","Twin Strike"],"picked":"Offering"},{"not_picked":["Clothesline","Carnage"],"picked":"Fire Breathing"},{"not_picked":["Perfected Strike","Body Slam"],"picked":"Shrug It Off"},{"not_picked":["Cleave","Juggernaut"],"picked":"Thunderclap"},{"not_picked":["Rampage","Carnage"],"picked":"Infernal Blade"},{"not_picked":["Wild Strike","Heavy Blade"],"picked":"Ghostly Armor"}],"player_experience":159512,"potions_floor_usage":[6,6,8,16,28],"damage_taken":[{"damage":10,"enemies":"Jaw Worm","floor":1,"turns":4},{"damage":0,"enemies":"2 Louse","floor":2,"turns":2},{"damage":5,"enemies":"Small Slimes","floor":5,"turns":2},{"damage":27,"enemies":"Gremlin Nob","floor":6,"turns":4},{"damage":21,"enemies":"Blue Slaver","floor":7,"turns":5},{"damage":23,"enemies":"3 Sentries","floor":8,"turns":8},{"damage":28,"enemies":"Large Slime","floor":13,"turns":7},{"damage":16,"enemies":"Slime Boss","floor":16,"turns":11},{"damage":22,"enemies":"Chosen","floor":18,"turns":4},{"damage":33,"enemies":"2 Thieves","floor":21,"turns":4},{"damage":18,"enemies":"Snake Plant","floor":22,"turns":4},{"damage":27,"enemies":"Snecko","floor":24,"turns":4},{"damage":25,"enemies":"Book of Stabbing","floor":28,"turns":4}],"event_choices":[{"event_name":"Scrap Ooze","player_choice":"success","floor":3,"damage_taken":12},{"event_name":"Liars Game","player_choice":"agreed","floor":4,"damage_taken":0},{"event_name":"Dead Adventurer","player_choice":"Searched \u00271\u0027 times","floor":11,"damage_taken":0},{"event_name":"Living Wall","player_choice":"Grow","floor":14,"damage_taken":0},{"event_name":"Upgrade Shrine","player_choice":"Upgraded","floor":19,"damage_taken":0},{"event_name":"The Library","player_choice":"Read","floor":20,"damage_taken":0}],"boss_relics":[{"not_picked":["Cursed Key","White Beast Statue"],"picked":"Orrery"}],"potions_floor_spawned":[1,2,6,13,16,18],"seed_played":"-7849373628516825915","killed_by":"Book of Stabbing","ascension_level":0,"is_trial":false}