{"gold_per_floor":[119,136,136,311,330,330,348,348,348,348,413,413,441,457,457,457],"floor_reached":16,"playtime":482,"items_purged":[],"score":160,"play_id":"0d736ca5-b0fd-4c62-b5c2-638fe5f27dce","local_time":"20181111094147","is_ascension_mode":true,"campfire_choices":[{"data":"Armaments","floor":6,"key":"SMITH"},{"floor":8,"key":"REST"},{"data":"Perfected Strike","floor":10,"key":"SMITH"},{"floor":15,"key":"REST"}],"neow_cost":"NONE","seed_source_timestamp":2739753230935888,"circlet_count":0,"master_deck":["AscendersBane","Strike_R","Strike_R+1","Strike_R","Strike_R","Strike_R+1","Defend_R","Defend_R","Defend_R","Defend_R","Bash","Inflame","Flame Barrier","Armaments+1","Doubt","Perfected Strike+1","Dual Wield","Parasite","True Grit"],"relics":["Burning Blood","Paper Frog","Mummified Hand","Bag of Preparation"],"potions_floor_usage":[7,13,16],"damage_taken":[{"damage":12,"enemies":"Small Slimes","floor":1,"turns":4},{"damage":10,"enemies":"2 Louse","floor":2,"turns":4},{"damage":2,"enemies":"Jaw Worm","floor":5,"turns":4},{"damage":11,"enemies":"Large Slime","floor":7,"turns":8},{"damage":56,"enemies":"Gremlin Nob","floor":11,"turns":5},{"damage":28,"enemies":"Lagavulin","floor":13,"turns":8},{"damage":6,"enemies":"Looter","floor":14,"turns":3},{"damage":44,"enemies":"Hexaghost","floor":16,"turns":9}],"seed_played":"4650343425990823765","potions_obtained":[{"floor":2,"key":"Block Potion"},{"floor":11,"key":"Fire Potion"},{"floor":14,"key":"PowerPotion"}],"is_trial":false,"path_per_floor":["M","M","?","?","M","R","M","R","T","R","?","?","E","M","R","B"],"character_chosen":"IRONCLAD","items_purchased":[],"campfire_rested":2,"item_purchase_floors":[],"current_hp_per_floor":[66,62,46,46,50,50,45,69,69,69,19,39,17,17,41,0],"gold":457,"neow_bonus":"THREE_CARDS","is_prod":false,"is_daily":false,"chose_seed":false,"campfire_upgraded":2,"win_rate":0,"timestamp":1541954507,"path_taken":["M","M","?","?","?","R","M","R","T","R","?","?","E","M","R","BOSS"],"build_version":"2018-11-08","purchased_purges":0,"victory":false,"max_hp_per_floor":[80,80,80,80,80,80,80,80,80,80,80,80,80,80,80,80],"card_choices":[{"not_picked":["Perfected Strike","Ghostly Armor"],"picked":"Inflame","floor":0},{"not_picked":["Havoc","Clothesline"],"picked":"Flame Barrier","floor":1},{"not_picked":["Cleave","Hemokinesis"],"picked":"Armaments","floor":2},{"not_picked":["Pommel Strike","Ghostly Armor"],"picked":"Perfected Strike","floor":5},{"not_picked":["Entrench","Havoc","Iron Wave"],"picked":"SKIP","floor":7},{"not_picked":["Carnage","Blood for Blood"],"picked":"Dual Wield","floor":11},{"not_picked":["Clothesline","Body Slam"],"picked":"True Grit","floor":13},{"not_picked":["Clash","Havoc","Reckless Charge"],"picked":"SKIP","floor":14}],"player_experience":1049752,"relics_obtained":[{"floor":9,"key":"Paper Frog"},{"floor":11,"key":"Mummified Hand"},{"floor":13,"key":"Bag of Preparation"}],"event_choices":[{"damage_healed":0,"gold_gain":0,"player_choice":"Entered Light","damage_taken":16,"max_hp_gain":0,"max_hp_loss":0,"event_name":"Shining Light","floor":3,"gold_loss":0,"cards_upgraded":["Strike_R","Strike_R"]},{"damage_healed":0,"gold_gain":175,"player_choice":"AGREE","damage_taken":0,"max_hp_gain":0,"max_hp_loss":0,"event_name":"Liars Game","floor":4,"gold_loss":0,"cards_obtained":["Doubt"]},{"damage_healed":0,"gold_gain":0,"player_choice":"Searched \u00272\u0027 times","damage_taken":0,"max_hp_gain":0,"max_hp_loss":0,"event_name":"Dead Adventurer","floor":11,"gold_loss":0},{"damage_healed":20,"gold_gain":0,"player_choice":"Healed and dodged fight","damage_taken":0,"max_hp_gain":0,"max_hp_loss":0,"event_name":"Mushrooms","floor":12,"gold_loss":0,"cards_obtained":["Parasite"]}],"is_beta":false,"boss_relics":[],"items_purged_floors":[],"is_endless":false,"potions_floor_spawned":[2,11,14],"killed_by":"Hexaghost","ascension_level":12}