{"gold_per_floor":[115,125,200,216,49,49,14,31,31,44,219,31,44,56,56,161,161,172,172,172,159,28,28,28,28,52,71,90,101,101,115,115,115],"floor_reached":33,"playtime":1378,"items_purged":[],"score":291,"play_id":"bf565a36-d31f-43fa-a898-7c6dfa9500bb","local_time":"20190213133030","is_ascension_mode":false,"campfire_choices":[{"data":"Blind","floor":6,"key":"SMITH"},{"data":"True Grit","floor":15,"key":"SMITH"},{"data":"Second Wind","floor":23,"key":"SMITH"},{"data":"Flame Barrier","floor":25,"key":"SMITH"},{"data":"Exhume","floor":32,"key":"SMITH"}],"neow_cost":"TEN_PERCENT_HP_LOSS","seed_source_timestamp":64552188905700,"circlet_count":0,"master_deck":["Strike_R+1","Strike_R+1","Strike_R+1","Strike_R+1","Strike_R+1","Defend_R+1","Defend_R+1","Defend_R+1","Defend_R+1","Bash","Forethought","Blind+1","Second Wind+1","Clash","Perfected Strike","Wild Strike","Flame Barrier+1","Rupture","Shrug It Off","Perfected Strike","Doubt","Wild Strike","Bandage Up","Battle Trance","Wild Strike","True Grit+1","Immolate","Wild Strike","RitualDagger","Second Wind","Feel No Pain","Shrug It Off","Jack Of All Trades+1","Perfected Strike","Exhume+1","Pommel Strike+1","Wild Strike+1"],"relics":["Burning Blood"],"potions_floor_usage":[13,16,21,33,33],"damage_taken":[{"damage":0,"enemies":"Small Slimes","floor":1,"turns":3},{"damage":8,"enemies":"Jaw Worm","floor":2,"turns":4},{"damage":0,"enemies":"2 Louse","floor":4,"turns":3},{"damage":0,"enemies":"Exordium Wildlife","floor":8,"turns":2},{"damage":0,"enemies":"3 Louse","floor":10,"turns":3},{"damage":18,"enemies":"2 Fungi Beasts","floor":13,"turns":4},{"damage":3,"enemies":"Lots of Slimes","floor":14,"turns":5},{"damage":34,"enemies":"The Guardian","floor":16,"turns":9},{"damage":0,"enemies":"3 Byrds","floor":18,"turns":4},{"damage":3,"enemies":"2 Thieves","floor":21,"turns":4},{"damage":7,"enemies":"Chosen and Byrds","floor":27,"turns":6},{"damage":17,"enemies":"Snecko","floor":28,"turns":6},{"damage":3,"enemies":"Sentry and Sphere","floor":29,"turns":5},{"damage":4,"enemies":"3 Cultists","floor":31,"turns":5},{"damage":77,"enemies":"Champ","floor":33,"turns":11}],"seed_played":"463849489281526669","potions_obtained":[{"floor":4,"key":"AttackPotion"},{"floor":8,"key":"SteroidPotion"},{"floor":10,"key":"Strength Potion"},{"floor":14,"key":"SkillPotion"},{"floor":18,"key":"Dexterity Potion"},{"floor":28,"key":"Poison Potion"},{"floor":31,"key":"Strength Potion"}],"is_trial":false,"path_per_floor":["M","M","?","M","$","R","?","M","T","M","?","$","M","M","R","B",null,"M","?","?","M","$","R","?","R","T","M","M","M","?","M","R","B"],"character_chosen":"IRONCLAD","items_purchased":["Wild Strike","Flame Barrier","Rupture","Wild Strike","Bandage Up","Battle Trance","Shrug It Off","Jack Of All Trades"],"campfire_rested":0,"item_purchase_floors":[5,5,5,12,12,12,22,22],"current_hp_per_floor":[72,70,59,65,65,65,72,72,72,72,72,72,64,71,71,47,72,72,66,66,69,69,69,69,69,69,72,65,72,72,72,72,0],"gold":115,"neow_bonus":"RANDOM_COLORLESS_2","is_prod":false,"is_daily":false,"chose_seed":false,"campfire_upgraded":5,"win_rate":0,"timestamp":1550089830,"path_taken":["M","M","?","M","$","R","?","M","T","M","?","$","?","M","R","BOSS","M","?","?","?","$","R","?","R","T","?","M","M","?","M","R","BOSS"],"build_version":"2019-01-23","purchased_purges":0,"victory":false,"max_hp_per_floor":[72,72,72,72,72,72,72,72,72,72,72,72,72,72,72,72,72,72,72,72,72,72,72,72,72,72,72,72,72,72,72,72,72],"card_choices":[{"not_picked":["Entrench","Havoc"],"picked":"Second Wind","floor":1},{"not_picked":["Whirlwind","Searing Blow"],"picked":"Clash","floor":2},{"not_picked":["Havoc","Blood for Blood"],"picked":"Perfected Strike","floor":4},{"not_picked":["Entrench","Heavy Blade"],"picked":"Shrug It Off","floor":8},{"not_picked":["Clash","Carnage"],"picked":"Perfected Strike","floor":10},{"not_picked":["Twin Strike","Clash"],"picked":"Wild Strike","floor":13},{"not_picked":["Warcry","Hemokinesis"],"picked":"True Grit","floor":14},{"not_picked":["Double Tap","Bludgeon"],"picked":"Immolate","floor":16},{"not_picked":["Armaments","Sword Boomerang"],"picked":"Wild Strike","floor":18},{"not_picked":["Shrug It Off","True Grit+1"],"picked":"Feel No Pain","floor":21},{"not_picked":["Battle Trance","Iron Wave"],"picked":"Perfected Strike","floor":27},{"not_picked":["Body Slam+1","True Grit+1"],"picked":"Exhume","floor":28},{"not_picked":["Flex","Headbutt"],"picked":"Pommel Strike+1","floor":29},{"not_picked":["Fire Breathing+1","Uppercut+1"],"picked":"Wild Strike+1","floor":31}],"player_experience":1456464,"relics_obtained":[],"event_choices":[{"damage_healed":0,"gold_gain":75,"player_choice":"Gather Gold","damage_taken":11,"max_hp_gain":0,"max_hp_loss":0,"event_name":"World of Goop","floor":3,"gold_loss":0},{"damage_healed":18,"gold_gain":0,"player_choice":"Healed","damage_taken":0,"max_hp_gain":0,"max_hp_loss":0,"event_name":"The Cleric","floor":7,"gold_loss":35},{"damage_healed":0,"gold_gain":175,"player_choice":"AGREE","damage_taken":0,"max_hp_gain":0,"max_hp_loss":0,"event_name":"Liars Game","floor":11,"gold_loss":0,"cards_obtained":["Doubt"]},{"damage_healed":0,"gold_gain":0,"player_choice":"Joined the Cult","damage_taken":6,"max_hp_gain":0,"max_hp_loss":0,"event_name":"Nest","floor":19,"gold_loss":0,"cards_obtained":["RitualDagger"]},{"damage_healed":0,"gold_gain":0,"player_choice":"Copied","damage_taken":0,"max_hp_gain":0,"max_hp_loss":0,"event_name":"Duplicator","floor":20,"gold_loss":0,"cards_obtained":["Second Wind"]},{"damage_healed":0,"gold_gain":0,"player_choice":"Forge","damage_taken":0,"max_hp_gain":0,"max_hp_loss":0,"event_name":"Accursed Blacksmith","floor":24,"gold_loss":0,"cards_upgraded":["Jack Of All Trades"]},{"damage_healed":0,"gold_gain":0,"player_choice":"Simplicity","damage_taken":0,"max_hp_gain":0,"max_hp_loss":0,"event_name":"Back to Basics","floor":30,"gold_loss":0,"cards_upgraded":["Strike_R","Strike_R","Strike_R","Strike_R","Strike_R","Defend_R","Defend_R","Defend_R","Defend_R"]}],"is_beta":false,"boss_relics":[{"not_picked":["Orrery","White Beast Statue","Busted Crown"]}],"items_purged_floors":[],"is_endless":false,"potions_floor_spawned":[4,8,10,14,18,28,31],"killed_by":"Champ","ascension_level":0}