{"gold_per_floor":[18,35,35,47,47,47,59,90,164,164,181,181,194,208,208,309,309,326,338,338,338,32,32,46,81,130,16,16,16,26,45,45,147,147,162,173,173,273,98,130,60,60,60,70,70,86,97,110,110,110],"floor_reached":51,"playtime":2456,"items_purged":[],"score":1187,"play_id":"1586454b-67b1-4913-9c77-b0581a55abfe","local_time":"20181109174604","is_ascension_mode":true,"campfire_choices":[{"data":"Bludgeon","floor":6,"key":"SMITH"},{"floor":12,"key":"REST"},{"data":"Seeing Red","floor":15,"key":"SMITH"},{"floor":23,"key":"REST"},{"floor":32,"key":"REST"},{"floor":49,"key":"REST"}],"neow_cost":"NO_GOLD","seed_source_timestamp":2594024794278876,"circlet_count":0,"master_deck":["AscendersBane","Strike_R","Strike_R","Strike_R+1","Strike_R","Strike_R","Defend_R","Defend_R","Defend_R","Defend_R+1","Bash+1","True Grit+1","Bludgeon+1","True Grit+1","Flex","Cleave","Seeing Red+1","Flex+1","Sentinel","Barricade","Flex","Shrug It Off","Shrug It Off+1","Corruption+1","Entrench","Inflame","Dark Embrace","Blood for Blood","Limit Break","Writhe","Blood for Blood+1","Apotheosis","Iron Wave+1","Inflame","Metamorphosis","Battle Trance+1"],"relics":["Burning Blood","Unceasing Top","Red Skull","Self Forming Clay","Snecko Eye","Nilry\u0027s Codex","Kunai","Peace Pipe","Whetstone","Girya","Busted Crown","StoneCalendar","Du-Vu Doll","Paper Frog"],"potions_floor_usage":[13,14,16,18,25,25,30,33,44,50,50],"damage_taken":[{"damage":1,"enemies":"Cultist","floor":1,"turns":4},{"damage":8,"enemies":"Jaw Worm","floor":2,"turns":5},{"damage":9,"enemies":"Small Slimes","floor":4,"turns":4},{"damage":14,"enemies":"Red Slaver","floor":7,"turns":2},{"damage":20,"enemies":"3 Sentries","floor":8,"turns":8},{"damage":2,"enemies":"Looter","floor":11,"turns":3},{"damage":0,"enemies":"2 Fungi Beasts","floor":13,"turns":2},{"damage":0,"enemies":"Gremlin Gang","floor":14,"turns":5},{"damage":76,"enemies":"Slime Boss","floor":16,"turns":13},{"damage":13,"enemies":"Shell Parasite","floor":18,"turns":5},{"damage":16,"enemies":"Spheric Guardian","floor":19,"turns":6},{"damage":10,"enemies":"Snecko","floor":24,"turns":5},{"damage":14,"enemies":"Slavers","floor":25,"turns":9},{"damage":18,"enemies":"Colosseum Slavers","floor":28,"turns":4},{"damage":4,"enemies":"Shelled Parasite and Fungi","floor":30,"turns":4},{"damage":8,"enemies":"3 Cultists","floor":31,"turns":5},{"damage":0,"enemies":"Automaton","floor":33,"turns":8},{"damage":0,"enemies":"3 Shapes","floor":35,"turns":1},{"damage":42,"enemies":"3 Darklings","floor":36,"turns":4},{"damage":0,"enemies":"Mind Bloom Boss Battle","floor":38,"turns":4},{"damage":8,"enemies":"Giant Head","floor":40,"turns":5},{"damage":19,"enemies":"4 Shapes","floor":44,"turns":3},{"damage":0,"enemies":"Maw","floor":46,"turns":7},{"damage":26,"enemies":"Jaw Worm Horde","floor":47,"turns":6},{"damage":16,"enemies":"Spire Growth","floor":48,"turns":4},{"damage":37,"enemies":"Awakened One","floor":50,"turns":7}],"seed_played":"-738985466848208096","potions_obtained":[{"floor":8,"key":"Swift Potion"},{"floor":11,"key":"Poison Potion"},{"floor":14,"key":"FearPotion"},{"floor":16,"key":"GamblersBrew"},{"floor":18,"key":"Block Potion"},{"floor":19,"key":"GamblersBrew"},{"floor":25,"key":"Poison Potion"},{"floor":30,"key":"Dexterity Potion"},{"floor":35,"key":"SteroidPotion"},{"floor":40,"key":"EssenceOfSteel"},{"floor":47,"key":"AttackPotion"}],"is_trial":false,"path_per_floor":["M","M","T","M","?","R","M","E","T","?","M","R","M","M","R","B",null,"M","M","?","?","$","R","M","E","T","$","?","T","M","M","R","B",null,"M","M","?","?","$","E","$","?","T","M","?","M","M","M","R","B",null],"character_chosen":"IRONCLAD","items_purchased":["Kunai","Shrug It Off","Entrench","Inflame","Apotheosis","Inflame"],"campfire_rested":4,"item_purchase_floors":[22,22,27,27,39,41],"current_hp_per_floor":[93,91,91,88,69,69,61,47,47,47,51,79,85,91,91,21,77,70,60,44,44,44,72,68,60,60,60,48,48,50,48,76,82,93,96,60,84,90,90,88,88,88,88,75,75,81,61,51,79,48],"gold":110,"neow_bonus":"TWENTY_PERCENT_HP_BONUS","is_prod":false,"is_daily":false,"chose_seed":false,"campfire_upgraded":2,"win_rate":0,"timestamp":1541810764,"path_taken":["M","M","?","?","?","R","M","E","T","?","M","R","?","M","R","BOSS","M","M","?","?","$","R","?","E","T","$","?","?","M","M","R","BOSS","M","M","?","?","$","E","$","?","T","M","?","M","M","M","R","BOSS"],"build_version":"2018-11-08","purchased_purges":0,"victory":true,"max_hp_per_floor":[96,96,96,96,96,96,96,96,96,96,96,96,96,96,96,96,96,96,96,96,96,96,96,96,96,96,96,96,96,96,96,96,96,96,96,96,96,96,96,96,96,96,96,96,96,96,96,96,96,96],"card_choices":[{"not_picked":["Heavy Blade","Clash"],"picked":"True Grit","floor":1},{"not_picked":["Dual Wield","Iron Wave"],"picked":"Bludgeon","floor":2},{"not_picked":["Warcry","Entrench"],"picked":"True Grit","floor":4},{"not_picked":["Wild Strike","Cleave"],"picked":"Flex","floor":7},{"not_picked":["Power Through","Juggernaut"],"picked":"Cleave","floor":8},{"not_picked":["Heavy Blade","Anger"],"picked":"Seeing Red","floor":11},{"not_picked":["Cleave","Perfected Strike"],"picked":"Flex","floor":13},{"not_picked":["Warcry","Hemokinesis"],"picked":"Sentinel","floor":14},{"not_picked":["Immolate","Dark Embrace"],"picked":"Barricade","floor":16},{"not_picked":["Twin Strike","Clash"],"picked":"Flex","floor":18},{"not_picked":["Heavy Blade","Flex"],"picked":"Seeing Red","floor":19},{"not_picked":["Rage","Dual Wield"],"picked":"Shrug It Off+1","floor":24},{"not_picked":["Heavy Blade","True Grit+1"],"picked":"Corruption+1","floor":25},{"not_picked":["Wild Strike","Anger"],"picked":"Dark Embrace","floor":30},{"not_picked":["Intimidate+1","Pommel Strike"],"picked":"Blood for Blood","floor":31},{"not_picked":["Dark Embrace","Impervious"],"picked":"Limit Break","floor":33},{"not_picked":["Headbutt"],"picked":"SKIP","floor":35},{"not_picked":["Cleave"],"picked":"SKIP","floor":36},{"not_picked":[],"picked":"Blood for Blood+1","floor":38},{"not_picked":[],"picked":"Iron Wave+1","floor":40},{"not_picked":["Dropkick"],"picked":"SKIP","floor":44},{"not_picked":[],"picked":"Metamorphosis","floor":45},{"not_picked":[],"picked":"Battle Trance+1","floor":46},{"not_picked":["Cleave+1"],"picked":"SKIP","floor":47},{"not_picked":["Combust"],"picked":"SKIP","floor":48}],"player_experience":1038306,"relics_obtained":[{"floor":3,"key":"Unceasing Top"},{"floor":8,"key":"Red Skull"},{"floor":9,"key":"Self Forming Clay"},{"floor":20,"key":"Nilry\u0027s Codex"},{"floor":25,"key":"Peace Pipe"},{"floor":26,"key":"Whetstone"},{"floor":29,"key":"Girya"},{"floor":38,"key":"StoneCalendar"},{"floor":40,"key":"Du-Vu Doll"},{"floor":43,"key":"Paper Frog"}],"event_choices":[{"damage_healed":0,"gold_gain":0,"player_choice":"Entered Light","damage_taken":19,"max_hp_gain":0,"max_hp_loss":0,"event_name":"Shining Light","floor":5,"gold_loss":0,"cards_upgraded":["True Grit","Defend_R"]},{"damage_healed":0,"gold_gain":0,"player_choice":"Upgraded","damage_taken":0,"max_hp_gain":0,"max_hp_loss":0,"event_name":"Upgrade Shrine","floor":10,"gold_loss":0,"cards_upgraded":["True Grit"]},{"damage_healed":0,"gold_gain":0,"player_choice":"Obtained Book","damage_taken":16,"max_hp_gain":0,"max_hp_loss":0,"event_name":"Cursed Tome","floor":20,"gold_loss":0},{"damage_healed":0,"gold_gain":0,"player_choice":"Upgraded","damage_taken":0,"max_hp_gain":0,"max_hp_loss":0,"event_name":"Upgrade Shrine","floor":21,"gold_loss":0,"cards_upgraded":["Flex"]},{"damage_healed":0,"gold_gain":0,"player_choice":"Fight","damage_taken":0,"max_hp_gain":0,"max_hp_loss":0,"event_name":"Colosseum","floor":28,"gold_loss":0},{"damage_healed":0,"gold_gain":0,"player_choice":"Fled From Nobs","damage_taken":0,"max_hp_gain":0,"max_hp_loss":0,"event_name":"Colosseum","floor":28,"gold_loss":0},{"damage_healed":24,"gold_gain":0,"player_choice":"Writhe","damage_taken":0,"max_hp_gain":0,"max_hp_loss":0,"event_name":"Winding Halls","floor":37,"gold_loss":0,"cards_obtained":["Writhe"]},{"damage_healed":0,"gold_gain":0,"player_choice":"Fight","damage_taken":0,"max_hp_gain":0,"max_hp_loss":0,"event_name":"MindBloom","floor":38,"gold_loss":0},{"cards_removed":["Seeing Red"],"damage_healed":0,"gold_gain":0,"player_choice":"Removed Skill","damage_taken":0,"max_hp_gain":0,"max_hp_loss":0,"event_name":"Falling","floor":42,"gold_loss":0},{"damage_healed":0,"gold_gain":0,"player_choice":"Memory 1","damage_taken":0,"max_hp_gain":0,"max_hp_loss":0,"event_name":"SensoryStone","floor":45,"gold_loss":0}],"is_beta":false,"boss_relics":[{"not_picked":["Lizard Tail","Empty Cage"],"picked":"Snecko Eye"},{"not_picked":["Pandora\u0027s Box","Runic Dome"],"picked":"Busted Crown"}],"items_purged_floors":[],"is_endless":false,"potions_floor_spawned":[8,11,14,16,18,19,25,30,35,40,47],"ascension_level":11}