{"gold_per_floor":[110,110,185,185,25,40,40,60,108,136,136,161,161,180,180,278,278,289,301,301,318,330,360,378,404,404,416,341,55,55,69,69,69],"floor_reached":33,"playtime":1344,"items_purged":["Regret"],"score":371,"play_id":"6794165d-a397-4a63-9e49-ad3e626c7cac","local_time":"20180829105237","is_ascension_mode":true,"campfire_choices":[{"data":"Zap","floor":7,"key":"SMITH"},{"floor":11,"key":"REST"},{"data":"Defragment","floor":15,"key":"SMITH"},{"floor":30,"key":"REST"},{"data":"Chaos","floor":32,"key":"SMITH"}],"neow_cost":"NONE","seed_source_timestamp":1070417683312038,"circlet_count":0,"master_deck":["Strike_B+1","Strike_B+1","Defend_B","Defend_B","Defend_B","Defend_B","Zap+1","Dualcast","Hello World","Self Repair+1","Stack","Coolheaded","Genetic Algorithm","Defragment+1","Doom and Gloom","Ball Lightning","Electrodynamics","Beam Cell","Rebound","Deep Breath","Ball Lightning","Beam Cell+1","Self Repair","Streamline","Ball Lightning","Chaos+1","Seek"],"relics":["Cracked Core","NeowsBlessing","Happy Flower","Regal Pillow","Odd Mushroom","Whetstone","Busted Crown","Omamori","Lantern","The Courier","Prayer Wheel"],"potions_floor_usage":[10,16,22,23,25,33],"damage_taken":[{"damage":0,"enemies":"Jaw Worm","floor":1,"turns":1},{"damage":0,"enemies":"2 Louse","floor":6,"turns":1},{"damage":0,"enemies":"Cultist","floor":8,"turns":1},{"damage":40,"enemies":"The Mushroom Lair","floor":10,"turns":6},{"damage":26,"enemies":"3 Sentries","floor":12,"turns":9},{"damage":4,"enemies":"Looter","floor":14,"turns":3},{"damage":0,"enemies":"Slime Boss","floor":16,"turns":5},{"damage":9,"enemies":"Shell Parasite","floor":18,"turns":5},{"damage":0,"enemies":"Spheric Guardian","floor":19,"turns":3},{"damage":0,"enemies":"Snecko","floor":21,"turns":5},{"damage":10,"enemies":"Snake Plant","floor":22,"turns":4},{"damage":41,"enemies":"Slavers","floor":23,"turns":6},{"damage":0,"enemies":"3 Cultists","floor":24,"turns":2},{"damage":28,"enemies":"Book of Stabbing","floor":25,"turns":5},{"damage":7,"enemies":"Cultist and Chosen","floor":27,"turns":4},{"damage":9,"enemies":"Snake Plant","floor":31,"turns":3},{"damage":74,"enemies":"Champ","floor":33,"turns":11}],"seed_played":"4669222402744811651","potions_obtained":[{"floor":1,"key":"Ancient Potion"},{"floor":6,"key":"FocusPotion"},{"floor":12,"key":"Explosive Potion"},{"floor":16,"key":"AttackPotion"},{"floor":18,"key":"Swift Potion"},{"floor":19,"key":"Block Potion"},{"floor":23,"key":"Ancient Potion"},{"floor":27,"key":"AttackPotion"}],"is_trial":false,"path_per_floor":["M","?","?","?","$","M","R","M","T","?","R","E","?","M","R","B",null,"M","M","?","M","M","E","M","E","T","M","?","$","R","M","R"],"character_chosen":"DEFECT","items_purchased":["Self Repair","Stack","Prayer Wheel","Chaos"],"campfire_rested":2,"item_purchase_floors":[5,5,29,29],"current_hp_per_floor":[75,75,64,64,64,71,71,71,71,38,75,56,56,62,62,62,75,75,75,61,71,71,40,40,29,29,29,29,29,66,67,67,0],"gold":69,"neow_bonus":"THREE_ENEMY_KILL","is_prod":false,"is_daily":false,"chose_seed":false,"campfire_upgraded":3,"win_rate":0,"timestamp":1535561557,"path_taken":["M","?","?","?","$","M","R","?","T","?","R","E","?","M","R","BOSS","M","M","?","M","M","E","M","E","T","M","?","$","R","M","R","BOSS"],"build_version":"2018-08-23v2","purchased_purges":1,"victory":false,"max_hp_per_floor":[75,75,75,75,75,75,75,75,75,75,75,75,75,75,75,75,75,75,75,75,75,75,75,75,75,75,75,75,75,75,75,75,75],"card_choices":[{"not_picked":["Sweeping Beam","Skim"],"picked":"Hello World","floor":1},{"not_picked":["Compile Driver","Machine Learning"],"picked":"Coolheaded","floor":6},{"not_picked":["Rebound","Gash"],"picked":"Genetic Algorithm","floor":8},{"not_picked":["Barrage","Hello World"],"picked":"Defragment","floor":10},{"not_picked":["Double Energy","Auto Shields"],"picked":"Doom and Gloom","floor":12},{"not_picked":["Storm","Go for the Eyes"],"picked":"Ball Lightning","floor":14},{"not_picked":["Reboot","Seek"],"picked":"Electrodynamics","floor":16},{"not_picked":[],"picked":"Beam Cell","floor":18},{"not_picked":[],"picked":"Rebound","floor":19},{"not_picked":["Recycle"],"picked":"SKIP","floor":21},{"not_picked":[],"picked":"Ball Lightning","floor":22},{"not_picked":[],"picked":"Beam Cell+1","floor":23},{"not_picked":[],"picked":"Self Repair","floor":24},{"not_picked":[],"picked":"Streamline","floor":25},{"not_picked":[],"picked":"Ball Lightning","floor":27},{"not_picked":[],"picked":"Seek","floor":31},{"not_picked":["Compile Driver"],"picked":"SKIP","floor":31}],"player_experience":387515,"relics_obtained":[{"floor":9,"key":"Regal Pillow"},{"floor":10,"key":"Odd Mushroom"},{"floor":12,"key":"Whetstone"},{"floor":23,"key":"Omamori"},{"floor":25,"key":"Lantern"},{"floor":26,"key":"The Courier"}],"event_choices":[{"event_name":"Big Fish","player_choice":"Box","floor":2,"damage_taken":0},{"event_name":"World of Goop","player_choice":"Gather Gold","floor":3,"damage_taken":0},{"event_name":"Purifier","player_choice":"One Purge","floor":4,"damage_taken":0},{"event_name":"Mushrooms","player_choice":"Fought Mushrooms","floor":10,"damage_taken":0},{"event_name":"Living Wall","player_choice":"Grow","floor":13,"damage_taken":0},{"event_name":"Knowing Skull","player_choice":"CARD ","floor":20,"damage_taken":0},{"event_name":"Knowing Skull","player_choice":"CARD ","floor":20,"damage_taken":0},{"event_name":"Beggar","player_choice":"Gave Gold","floor":28,"damage_taken":0}],"is_beta":false,"boss_relics":[{"not_picked":["Tiny House","Ectoplasm"],"picked":"Busted Crown"}],"items_purged_floors":[5],"is_endless":false,"potions_floor_spawned":[1,6,12,16,18,19,23,27],"killed_by":"Champ","ascension_level":2}