{"gold_per_floor":[119,194,208,208,225,225,142,176,200,220,220,234,234,266,266,343,343,362,378,0,0],"floor_reached":21,"playtime":939,"items_purged":[],"score":369,"play_id":"64be6d6f-1a89-4691-be19-5b3c24d4b196","local_time":"20190409164613","is_ascension_mode":true,"campfire_choices":[{"data":"Neutralize","floor":6.0,"key":"SMITH"},{"data":"Burst","floor":11.0,"key":"SMITH"},{"floor":13.0,"key":"REST"},{"data":"Prepared","floor":15.0,"key":"SMITH"}],"neow_cost":"NONE","seed_source_timestamp":87484011488200,"circlet_count":0,"master_deck":["AscendersBane","Defend_G","Defend_G","Defend_G","Defend_G","Defend_G","Strike_G","Strike_G","Strike_G","Strike_G","Strike_G","Survivor","Neutralize+1","Tactician","Skewer+1","Prepared+1","Well Laid Plans","Burst+1","Acrobatics","Noxious Fumes","Unload","Underhanded Strike","PiercingWail"],"special_seed":0,"relics":["Ring of the Snake","Bag of Marbles","PreservedInsect","Oddly Smooth Stone","Eternal Feather"],"potions_floor_usage":[],"damage_taken":[{"damage":1.0,"enemies":"Cultist","floor":1.0,"turns":4.0},{"damage":1.0,"enemies":"Small Slimes","floor":3.0,"turns":5.0},{"damage":4.0,"enemies":"Jaw Worm","floor":5.0,"turns":2.0},{"damage":29.0,"enemies":"3 Sentries","floor":8.0,"turns":14.0},{"damage":0.0,"enemies":"Blue Slaver","floor":10.0,"turns":1.0},{"damage":3.0,"enemies":"Looter","floor":12.0,"turns":2.0},{"damage":3.0,"enemies":"Gremlin Nob","floor":14.0,"turns":3.0},{"damage":27.0,"enemies":"Hexaghost","floor":16.0,"turns":15.0},{"damage":29.0,"enemies":"Chosen","floor":18.0,"turns":7.0},{"damage":5.0,"enemies":"Shell Parasite","floor":19.0,"turns":10.0},{"damage":31,"enemies":"Snecko","floor":21,"turns":3}],"seed_played":"6423810278258407083","potions_obtained":[{"floor":0.0,"key":"Fruit Juice"},{"floor":0.0,"key":"Dexterity Potion"},{"floor":3.0,"key":"Energy Potion"},{"floor":12.0,"key":"SpeedPotion"},{"floor":16.0,"key":"Weak Potion"},{"floor":18.0,"key":"GhostInAJar"}],"is_trial":false,"path_per_floor":["M","?","M","?","M","R","$","E","T","M","R","M","R","E","R","B",null,"M","M","?","M"],"character_chosen":"THE_SILENT","items_purchased":["Well Laid Plans"],"campfire_rested":1,"item_purchase_floors":[7],"current_hp_per_floor":[58,47,51,51,47,47,47,18,18,18,18,15,36,33,33,6,55,26,21,21,0],"gold":0,"neow_bonus":"THREE_SMALL_POTIONS","is_prod":false,"is_daily":false,"chose_seed":false,"campfire_upgraded":3,"win_rate":0,"timestamp":1554853573,"path_taken":["M","?","M","?","M","R","?","E","T","M","R","M","R","E","R","BOSS","M","M","?","M"],"build_version":"2019-01-23","purchased_purges":0,"victory":false,"max_hp_per_floor":[66,66,71,71,71,71,71,71,71,71,71,71,71,71,71,71,71,71,71,71,71],"card_choices":[{"not_picked":["Prepared","Eviscerate"],"picked":"Tactician","floor":1.0},{"not_picked":["Tactician","Caltrops"],"picked":"Skewer","floor":3.0},{"not_picked":["Poisoned Stab","Endless Agony"],"picked":"Prepared","floor":5.0},{"not_picked":["Bane","Masterful Stab"],"picked":"Burst","floor":8.0},{"not_picked":["Prepared","Bane","Flying Knee"],"picked":"SKIP","floor":10.0},{"not_picked":["Concentrate","Underhanded Strike"],"picked":"Acrobatics","floor":12.0},{"not_picked":["PiercingWail","Cloak And Dagger"],"picked":"Noxious Fumes","floor":14.0},{"not_picked":["Tools of the Trade","Venomology"],"picked":"Unload","floor":16.0},{"not_picked":["Accuracy","Dagger Spray"],"picked":"Underhanded Strike","floor":18.0},{"not_picked":["Flying Knee","Bane"],"picked":"PiercingWail","floor":19.0}],"player_experience":505750,"relics_obtained":[{"floor":8.0,"key":"Bag of Marbles"},{"floor":9.0,"key":"PreservedInsect"},{"floor":14.0,"key":"Oddly Smooth Stone"}],"event_choices":[{"damage_healed":0.0,"max_hp_gain":0.0,"max_hp_loss":0.0,"gold_gain":75.0,"event_name":"World of Goop","player_choice":"Gather Gold","floor":2.0,"gold_loss":0.0,"damage_taken":11.0},{"damage_healed":0.0,"max_hp_gain":0.0,"max_hp_loss":0.0,"gold_gain":0.0,"event_name":"Living Wall","player_choice":"Grow","floor":4.0,"gold_loss":0.0,"damage_taken":0.0,"cards_upgraded":["Skewer"]},{"damage_healed":0,"gold_gain":0,"player_choice":"Paid Fearfully","damage_taken":0,"max_hp_gain":0,"max_hp_loss":0,"event_name":"Masked Bandits","floor":20,"gold_loss":378}],"is_beta":false,"boss_relics":[{"not_picked":["WristBlade","Calling Bell"],"picked":"Eternal Feather"}],"items_purged_floors":[],"is_endless":false,"potions_floor_spawned":[3,12,16,18],"killed_by":"Snecko","ascension_level":19}