{"gold_per_floor":[110,123,123,123,123,123,154,154,209,209,244,262,281,296,296,393,393,412,327,106,71,87,119,119,148,224,224,244,244,244,244,244,244],"floor_reached":33,"playtime":1770,"items_purged":["Slice"],"score":318,"play_id":"b151f131-c2eb-48ec-9f4f-669d046d70d0","local_time":"20190105181403","is_ascension_mode":false,"campfire_choices":[{"data":"Venomology","floor":6,"key":"SMITH"},{"data":"Accuracy","floor":8,"key":"SMITH"},{"data":"Neutralize","floor":10,"key":"SMITH"},{"floor":15,"key":"REST"},{"data":"Blade Dance","floor":27,"key":"SMITH"},{"floor":32,"key":"REST"}],"neow_cost":"NONE","seed_source_timestamp":350950835766766,"circlet_count":0,"master_deck":["Defend_G","Defend_G","Defend_G+1","Defend_G","Defend_G","Strike_G","Strike_G","Strike_G","Strike_G","Strike_G","Survivor","Neutralize+1","Footwork+1","Venomology+1","Accuracy+1","Infinite Blades","Blade Dance+1","Reflex+1","Leg Sweep+1","Pain","Decay","Prepared+1","Injury","Finisher"],"relics":["Ring of the Snake","NeowsBlessing","Ancient Tea Set","PreservedInsect","Unceasing Top","Cursed Key","Centennial Puzzle","Dream Catcher","Toxic Egg 2","Juzu Bracelet","Matryoshka","Oddly Smooth Stone","Tingsha"],"potions_floor_usage":[11,12,13,16,18,21,22,22,23,25,25,28,33,33],"damage_taken":[{"damage":0,"enemies":"2 Louse","floor":1,"turns":1},{"damage":0,"enemies":"Jaw Worm","floor":2,"turns":1},{"damage":0,"enemies":"Lagavulin","floor":7,"turns":4},{"damage":24,"enemies":"Gremlin Nob","floor":11,"turns":4},{"damage":0,"enemies":"Cultist","floor":12,"turns":4},{"damage":0,"enemies":"Red Slaver","floor":13,"turns":5},{"damage":4,"enemies":"Blue Slaver","floor":14,"turns":4},{"damage":39,"enemies":"The Guardian","floor":16,"turns":12},{"damage":2,"enemies":"3 Byrds","floor":18,"turns":4},{"damage":16,"enemies":"2 Thieves","floor":21,"turns":5},{"damage":2,"enemies":"Sentry and Sphere","floor":22,"turns":6},{"damage":4,"enemies":"Book of Stabbing","floor":23,"turns":6},{"damage":15,"enemies":"Slavers","floor":25,"turns":6},{"damage":14,"enemies":"Cultist and Chosen","floor":28,"turns":10},{"damage":45,"enemies":"Automaton","floor":33,"turns":6}],"seed_played":"7235877461138416611","potions_obtained":[{"floor":2,"key":"GhostInAJar"},{"floor":7,"key":"LiquidBronze"},{"floor":21,"key":"Fire Potion"},{"floor":25,"key":"Ancient Potion"}],"is_trial":false,"path_per_floor":["M","M","?","$","?","R","E","R","T","R","E","M","M","M","R","B",null,"M","?","$","M","M","E","$","E","T","R","M","?","?","T","R","B"],"character_chosen":"THE_SILENT","items_purchased":["Dream Catcher"],"campfire_rested":2,"item_purchase_floors":[20],"current_hp_per_floor":[70,70,56,56,56,56,56,56,56,56,32,32,32,28,49,10,70,68,68,68,52,50,46,46,31,31,31,17,17,17,17,38,0],"gold":244,"neow_bonus":"THREE_ENEMY_KILL","is_prod":false,"is_daily":false,"chose_seed":false,"campfire_upgraded":4,"win_rate":0,"timestamp":1546740843,"path_taken":["M","M","?","$","?","R","E","R","T","R","E","M","?","M","R","BOSS","M","?","$","M","M","E","$","E","T","R","M","?","?","?","R","BOSS"],"build_version":"2019-01-03v4","purchased_purges":1,"victory":false,"max_hp_per_floor":[70,70,70,70,70,70,70,70,70,70,70,70,70,70,70,70,70,70,70,70,70,70,70,70,70,70,70,70,70,70,70,70,70],"card_choices":[{"not_picked":["Acrobatics","Slice"],"picked":"Footwork","floor":1},{"not_picked":["All Out Attack","Acrobatics","Outmaneuver"],"picked":"SKIP","floor":2},{"not_picked":["Slice","Skewer"],"picked":"Accuracy","floor":7},{"not_picked":["Crippling Poison","Terror","Leg Sweep"],"picked":"SKIP","floor":11},{"not_picked":["Footwork","Dodge and Roll"],"picked":"Infinite Blades","floor":12},{"not_picked":["Predator","Flying Knee","Expertise"],"picked":"SKIP","floor":13},{"not_picked":["Eviscerate","Expertise","Outmaneuver"],"picked":"SKIP","floor":14},{"not_picked":["Expertise","Outmaneuver","Bouncing Flask"],"picked":"SKIP","floor":18},{"not_picked":["Acrobatics","Dagger Spray"],"picked":"Blade Dance","floor":21},{"not_picked":["Escape Plan","Catalyst","Quick Slash+1"],"picked":"SKIP","floor":22},{"not_picked":["Escape Plan","Catalyst","Quick Slash+1"],"picked":"SKIP","floor":22},{"not_picked":["PiercingWail","Tactician"],"picked":"Reflex","floor":23},{"not_picked":["Quick Slash+1","Distraction+1"],"picked":"Leg Sweep+1","floor":25},{"not_picked":["Poisoned Stab","Dagger Throw","Accuracy"],"picked":"SKIP","floor":28},{"not_picked":["Dodge and Roll+1","Sucker Punch+1"],"picked":"Finisher","floor":32}],"player_experience":108585,"relics_obtained":[{"floor":7,"key":"Ancient Tea Set"},{"floor":9,"key":"PreservedInsect"},{"floor":11,"key":"Unceasing Top"},{"floor":23,"key":"Toxic Egg 2"},{"floor":25,"key":"Juzu Bracelet"},{"floor":26,"key":"Matryoshka"},{"floor":31,"key":"Oddly Smooth Stone"},{"floor":31,"key":"Tingsha"}],"event_choices":[{"damage_healed":0,"gold_gain":0,"player_choice":"Entered Light","damage_taken":14,"max_hp_gain":0,"max_hp_loss":0,"event_name":"Shining Light","floor":3,"gold_loss":0,"cards_upgraded":["Footwork","Defend_G"]},{"damage_healed":0,"gold_gain":0,"player_choice":"2 cards matched","damage_taken":0,"max_hp_gain":0,"max_hp_loss":0,"event_name":"Match and Keep!","floor":5,"gold_loss":0,"cards_obtained":["Slice","Venomology"]},{"damage_healed":0,"gold_gain":0,"player_choice":"Obtained Relic","damage_taken":0,"relics_obtained":["Centennial Puzzle"],"max_hp_gain":0,"max_hp_loss":0,"event_name":"Addict","floor":19,"gold_loss":85},{"damage_healed":0,"gold_gain":0,"player_choice":"Smashed Altar","damage_taken":0,"max_hp_gain":0,"max_hp_loss":0,"event_name":"Forgotten Altar","floor":29,"gold_loss":0,"cards_obtained":["Decay"]},{"damage_healed":0,"gold_gain":0,"player_choice":"Read","damage_taken":0,"max_hp_gain":0,"max_hp_loss":0,"event_name":"The Library","floor":30,"gold_loss":0,"cards_obtained":["Prepared"]}],"is_beta":false,"boss_relics":[{"not_picked":["White Beast Statue","Runic Dome"],"picked":"Cursed Key"}],"items_purged_floors":[20],"is_endless":false,"potions_floor_spawned":[2,7,21,25],"killed_by":"Automaton","ascension_level":0}