{"gold_per_floor":[117,131,151,101,111,146,146,146,171,8,8,8,8,23,23,142,142,126,41,61,86,99,99,99,115,115,55,74,74,99,122,122,250,250,264,264,0,18,32,32,32],"floor_reached":41,"playtime":2106,"items_purged":[],"score":462,"play_id":"67896e66-63fd-4d77-82e3-817a33ee5bbb","local_time":"20180828172631","is_ascension_mode":true,"campfire_choices":[{"floor":8,"key":"REST"},{"data":"Echo Form","floor":13,"key":"SMITH"},{"floor":15,"key":"REST"},{"floor":23,"key":"REST"},{"floor":29,"key":"REST"},{"floor":32,"key":"REST"},{"floor":40,"key":"REST"}],"neow_cost":"NONE","seed_source_timestamp":1006887151992521,"circlet_count":0,"master_deck":["Strike_B+1","Strike_B+1","Strike_B+1","Defend_B+1","Defend_B","Zap","Dualcast","Cold Snap","Chaos","Conserve Battery","Steam","Rainbow","Echo Form+1","Injury","Coolheaded","Electrodynamics","Coolheaded+1","Steam+1","Capacitor+1","Chaos","RitualDagger","Conserve Battery","Machine Learning","Steam Power","Go for the Eyes","Conserve Battery","Go for the Eyes","Conserve Battery","Rainbow","Conserve Battery+1"],"relics":["FrozenCore","NeowsBlessing","Vajra","Whetstone","Golden Idol","Lizard Tail","DataDisk","Calipers","Red Mask"],"potions_floor_usage":[14,16,16,21,22,28,33,35,39],"damage_taken":[{"damage":0,"enemies":"2 Louse","floor":1,"turns":1},{"damage":0,"enemies":"Jaw Worm","floor":2,"turns":1},{"damage":0,"enemies":"Small Slimes","floor":3,"turns":1},{"damage":7,"enemies":"2 Fungi Beasts","floor":5,"turns":4},{"damage":12,"enemies":"3 Sentries","floor":6,"turns":10},{"damage":34,"enemies":"Lots of Slimes","floor":14,"turns":3},{"damage":12,"enemies":"Slime Boss","floor":16,"turns":12},{"damage":27,"enemies":"2 Thieves","floor":18,"turns":5},{"damage":2,"enemies":"Spheric Guardian","floor":20,"turns":5},{"damage":16,"enemies":"Snake Plant","floor":21,"turns":4},{"damage":13,"enemies":"Centurion and Healer","floor":22,"turns":6},{"damage":13,"enemies":"Snecko","floor":25,"turns":5},{"damage":29,"enemies":"Shelled Parasite and Fungi","floor":28,"turns":8},{"damage":14,"enemies":"Centurion and Healer","floor":30,"turns":8},{"damage":25,"enemies":"Sentry and Sphere","floor":31,"turns":4},{"damage":8,"enemies":"Champ","floor":33,"turns":17},{"damage":14,"enemies":"3 Shapes","floor":35,"turns":4},{"damage":19,"enemies":"Flame Bruiser 1 Orb","floor":38,"turns":10},{"damage":27,"enemies":"Spire Growth","floor":39,"turns":8},{"damage":71,"enemies":"2 Orb Walkers","floor":41,"turns":5}],"seed_played":"9057768921276324644","potions_obtained":[{"floor":2,"key":"PowerPotion"},{"floor":5,"key":"Fire Potion"},{"floor":6,"key":"SteroidPotion"},{"floor":16,"key":"PowerPotion"},{"floor":20,"key":"SpeedPotion"},{"floor":21,"key":"Swift Potion"},{"floor":31,"key":"SkillPotion"},{"floor":33,"key":"Explosive Potion"},{"floor":38,"key":"Dexterity Potion"}],"is_trial":false,"path_per_floor":["M","M","M","?","M","E","?","R","T","$","?","$","R","M","R","B",null,"M","?","M","M","M","R","?","M","T","?","M","R","M","M","R","B",null,"M","?","?","M","M","R"],"character_chosen":"DEFECT","items_purchased":["Echo Form"],"campfire_rested":6,"item_purchase_floors":[10],"current_hp_per_floor":[75,75,75,75,68,56,41,63,63,63,63,63,63,29,51,39,75,48,48,46,30,17,39,33,20,20,20,37,59,45,20,42,34,75,61,85,85,66,39,64,0],"gold":32,"neow_bonus":"THREE_ENEMY_KILL","is_prod":false,"is_daily":false,"chose_seed":false,"campfire_upgraded":1,"win_rate":0,"timestamp":1535498791,"path_taken":["M","M","M","?","M","E","?","R","T","?","?","$","R","M","R","BOSS","M","?","M","M","M","R","?","M","T","?","?","R","M","M","R","BOSS","M","?","?","?","M","R","E"],"build_version":"2018-08-23v2","purchased_purges":0,"victory":false,"max_hp_per_floor":[75,75,75,75,75,75,75,75,75,75,75,75,75,75,75,75,75,75,75,75,75,75,75,75,75,75,75,75,75,75,75,75,75,75,75,85,85,85,85,85,85],"card_choices":[{"not_picked":["Steam Power","Barrage"],"picked":"Cold Snap","floor":1},{"not_picked":["FTL","Hello World"],"picked":"Chaos","floor":2},{"not_picked":["Sweeping Beam","Aggregate"],"picked":"Conserve Battery","floor":3},{"not_picked":["Hyperbeam","Barrage"],"picked":"Steam","floor":5},{"not_picked":["Barrage","Steam Power"],"picked":"Rainbow","floor":6},{"not_picked":["Scrape","Heatsinks"],"picked":"Coolheaded","floor":14},{"not_picked":["Reboot","Amplify"],"picked":"Electrodynamics","floor":16},{"not_picked":["Hologram","Glacier"],"picked":"Coolheaded+1","floor":18},{"not_picked":["Rip and Tear","Coolheaded"],"picked":"Steam+1","floor":20},{"not_picked":["Beam Cell","Rebound"],"picked":"Capacitor+1","floor":21},{"not_picked":["Consume+1","Fusion"],"picked":"Chaos","floor":22},{"not_picked":["Compile Driver","Sunder"],"picked":"Conserve Battery","floor":25},{"not_picked":["Leap","Compile Driver"],"picked":"Go for the Eyes","floor":28},{"not_picked":["Steam Power+1","Fission"],"picked":"Conserve Battery","floor":30},{"not_picked":["Fusion","Reprogram"],"picked":"Go for the Eyes","floor":31},{"not_picked":["Fission","Hyperbeam"],"picked":"Meteor Strike","floor":33},{"not_picked":["Leap","Streamline"],"picked":"Conserve Battery","floor":35},{"not_picked":["Compile Driver","Barrage"],"picked":"Rainbow","floor":38},{"not_picked":["Leap+1","Barrage+1"],"picked":"Conserve Battery+1","floor":39}],"player_experience":365508,"relics_obtained":[{"floor":6,"key":"Vajra"},{"floor":9,"key":"Whetstone"},{"floor":26,"key":"Calipers"}],"event_choices":[{"event_name":"The Cleric","player_choice":"Card Removal","floor":4,"damage_taken":0},{"event_name":"Shining Light","player_choice":"Entered Light","floor":7,"damage_taken":0},{"event_name":"Golden Idol","player_choice":"Take Wound","floor":11,"damage_taken":0},{"event_name":"Addict","player_choice":"Obtained Relic","floor":19,"damage_taken":0},{"event_name":"Nest","player_choice":"Joined the Cult","floor":24,"damage_taken":0},{"event_name":"Designer","player_choice":"Transform 2 Cards","floor":27,"damage_taken":0},{"event_name":"Bonfire Elementals","player_choice":"RARE","floor":36,"damage_taken":0},{"event_name":"Tomb of Lord Red Mask","player_choice":"Paid","floor":37,"damage_taken":0}],"is_beta":false,"boss_relics":[{"not_picked":["Coffee Dripper","Empty Cage"],"picked":"Lizard Tail"},{"not_picked":["Philosopher\u0027s Stone","Runic Dome"],"picked":"FrozenCore"}],"items_purged_floors":[],"is_endless":false,"potions_floor_spawned":[2,5,6,16,20,21,31,33,38],"killed_by":"2 Orb Walkers","ascension_level":2}