{"gold_per_floor":[119,119,138,152,167,167,180,212,282,282,292,0,0,13,13,110,110,121,121,138,138,149,149,21,31,107,123,123,135,135,35,35,138,138,157,32,0,0,13,13,44,54,78,97,110,110,145,158,158,158,158,158,12,45,45],"floor_reached":56,"playtime":3528,"items_purged":["Strike_B","Strike_B","Zap+1"],"score":1690,"play_id":"bdf50bd5-2a7e-44a4-9771-60cde66c47a5","local_time":"20190212213646","is_ascension_mode":true,"campfire_choices":[{"floor":6.0,"key":"REST"},{"data":"Sunder","floor":10.0,"key":"SMITH"},{"data":"Genetic Algorithm","floor":13.0,"key":"SMITH"},{"data":"Chaos","floor":15.0,"key":"SMITH"},{"data":"Glacier","floor":23.0,"key":"SMITH"},{"data":"Hologram","floor":28.0,"key":"SMITH"},{"data":"Capacitor","floor":30.0,"key":"SMITH"},{"data":"Loop","floor":32.0,"key":"SMITH"},{"data":"Rainbow","floor":40.0,"key":"SMITH"},{"floor":49.0,"key":"RECALL"},{"data":"Buffer","floor":52.0,"key":"SMITH"}],"neow_cost":"NONE","seed_source_timestamp":871567955272296,"circlet_count":0,"master_deck":["AscendersBane","Defend_B","Defend_B","Defend_B","Defend_B","Dualcast","Ball Lightning","Genetic Algorithm+1","Sunder+1","Go for the Eyes","Compile Driver","Chaos+1","Cold Snap","Glacier+1","Meteor Strike+1","Recycle","Coolheaded+1","Hologram+1","Loop+1","Capacitor+1","Rainbow+1","Glacier+1","Conserve Battery+1","Hologram","Consume+1","Buffer+1","White Noise","Coolheaded"],"special_seed":0,"relics":["Cracked Core","Dodecahedron","Meat on the Bone","Thread and Needle","Snecko Eye","Bottled Lightning","Empty Cage","Red Mask","Turnip","DataDisk","Bag of Preparation","Ginger"],"potions_floor_usage":[55],"damage_taken":[{"damage":1.0,"enemies":"Cultist","floor":1.0,"turns":4.0},{"damage":4.0,"enemies":"2 Louse","floor":3.0,"turns":2.0},{"damage":23.0,"enemies":"Small Slimes","floor":4.0,"turns":4.0},{"damage":23.0,"enemies":"Exordium Thugs","floor":5.0,"turns":4.0},{"damage":2.0,"enemies":"3 Louse","floor":7.0,"turns":3.0},{"damage":25.0,"enemies":"Lagavulin","floor":8.0,"turns":4.0},{"damage":1.0,"enemies":"Blue Slaver","floor":11.0,"turns":2.0},{"damage":0.0,"enemies":"Exordium Thugs","floor":14.0,"turns":3.0},{"damage":20.0,"enemies":"Hexaghost","floor":16.0,"turns":13.0},{"damage":0.0,"enemies":"Chosen","floor":18.0,"turns":3.0},{"damage":6.0,"enemies":"3 Byrds","floor":20.0,"turns":3.0},{"damage":1.0,"enemies":"Cultist and Chosen","floor":22.0,"turns":4.0},{"damage":0.0,"enemies":"Snake Plant","floor":25.0,"turns":3.0},{"damage":3.0,"enemies":"Centurion and Healer","floor":27.0,"turns":5.0},{"damage":0.0,"enemies":"3 Cultists","floor":29.0,"turns":4.0},{"damage":12.0,"enemies":"Champ","floor":33.0,"turns":9.0},{"damage":0.0,"enemies":"Orb Walker","floor":35.0,"turns":3.0},{"damage":0.0,"enemies":"3 Darklings","floor":39.0,"turns":6.0},{"damage":0.0,"enemies":"Giant Head","floor":41.0,"turns":8.0},{"damage":0.0,"enemies":"Spire Growth","floor":42.0,"turns":4.0},{"damage":0.0,"enemies":"4 Shapes","floor":44.0,"turns":5.0},{"damage":0.0,"enemies":"Maw","floor":45.0,"turns":7.0},{"damage":9.0,"enemies":"Reptomancer","floor":47.0,"turns":5.0},{"damage":0.0,"enemies":"Spire Growth","floor":48.0,"turns":5.0},{"damage":50.0,"enemies":"Donu and Deca","floor":50.0,"turns":14.0},{"damage":20.0,"enemies":"Shield and Spear","floor":54.0,"turns":10.0},{"damage":37,"enemies":"The Heart","floor":55,"turns":15}],"seed_played":"9100749783787526485","potions_obtained":[{"floor":0.0,"key":"PowerPotion"},{"floor":0.0,"key":"Poison Potion"},{"floor":0.0,"key":"SmokeBomb"},{"floor":4.0,"key":"Regen Potion"},{"floor":8.0,"key":"Block Potion"},{"floor":16.0,"key":"Block Potion"},{"floor":18.0,"key":"SteroidPotion"},{"floor":29.0,"key":"AttackPotion"},{"floor":35.0,"key":"PowerPotion"},{"floor":47.0,"key":"Swift Potion"}],"is_trial":false,"path_per_floor":["M","?","M","M","M","R","M","E","T","R","M","$","R","M","R","B",null,"M","?","M","?","M","R","$","M","T","M","R","M","R","$","R","B",null,"M","$","?","?","M","R","E","M","T","M","M","$","E","M","R","B",null,"R","$","E","B",null],"character_chosen":"DEFECT","items_purchased":["Thread and Needle","Hologram","Bag of Preparation"],"campfire_rested":1,"item_purchase_floors":[12,24,53],"current_hp_per_floor":[67,67,63,40,17,39,46,21,21,21,32,32,32,44,44,36,65,65,65,59,59,58,58,58,58,58,55,55,55,55,55,55,43,67,67,67,67,67,67,67,67,67,67,67,67,67,58,58,58,20,61,61,61,41,16],"gold":45,"neow_bonus":"THREE_SMALL_POTIONS","is_prod":false,"is_daily":false,"chose_seed":false,"campfire_upgraded":9,"win_rate":0,"timestamp":1550036206,"path_taken":["M","?","?","M","M","R","M","E","T","R","M","$","R","M","R","BOSS","M","?","?","?","M","R","$","M","T","M","R","M","R","?","R","BOSS","M","$","?","?","M","R","E","M","T","M","?","$","E","M","R","BOSS","R","$","E","BOSS"],"build_version":"2019-01-23","purchased_purges":3,"victory":true,"max_hp_per_floor":[75,75,75,75,75,75,75,75,75,75,75,75,75,75,75,75,75,75,75,75,75,75,75,75,75,75,75,75,75,75,75,75,75,75,75,75,75,75,75,75,75,75,75,75,75,75,75,75,75,75,75,75,75,75,75],"card_choices":[{"not_picked":["Stack","Sweeping Beam"],"picked":"Ball Lightning","floor":1.0},{"not_picked":["Ball Lightning","Barrage"],"picked":"Genetic Algorithm","floor":3.0},{"not_picked":["Turbo","Reinforced Body"],"picked":"Sunder","floor":4.0},{"not_picked":["Redo","Double Energy"],"picked":"Go for the Eyes","floor":5.0},{"not_picked":["Sunder","Turbo"],"picked":"Compile Driver","floor":7.0},{"not_picked":["Turbo","Static Discharge"],"picked":"Chaos","floor":8.0},{"not_picked":["Steam","Ball Lightning"],"picked":"Cold Snap","floor":11.0},{"not_picked":["Capacitor","Reprogram"],"picked":"Glacier","floor":14.0},{"not_picked":["Biased Cognition","All For One"],"picked":"Meteor Strike","floor":16.0},{"not_picked":["Reprogram","Compile Driver","Stack+1"],"picked":"SKIP","floor":18.0},{"not_picked":["Cold Snap+1","Beam Cell+1"],"picked":"Recycle","floor":20.0},{"not_picked":["Aggregate","Cold Snap"],"picked":"Coolheaded+1","floor":22.0},{"not_picked":["Fusion","Barrage"],"picked":"Loop","floor":25.0},{"not_picked":["Sweeping Beam+1","Amplify","Redo+1"],"picked":"SKIP","floor":27.0},{"not_picked":["Static Discharge+1","Double Energy+1"],"picked":"Capacitor","floor":29.0},{"not_picked":["Seek","Amplify"],"picked":"Rainbow","floor":33.0},{"not_picked":["Go for the Eyes","Turbo+1","Leap"],"picked":"SKIP","floor":35.0},{"not_picked":["Redo+1","Leap"],"picked":"Glacier+1","floor":39.0},{"not_picked":["Gash+1","Go for the Eyes"],"picked":"Conserve Battery+1","floor":41.0},{"not_picked":["Rebound","Tempest"],"picked":"Hologram","floor":42.0},{"not_picked":["Stack","Melter+1"],"picked":"Consume+1","floor":44.0},{"not_picked":["Conserve Battery+1","Recycle+1","Storm"],"picked":"SKIP","floor":45.0},{"not_picked":["Scrape","Amplify"],"picked":"Buffer","floor":47.0},{"not_picked":["Go for the Eyes+1","BootSequence"],"picked":"White Noise","floor":48.0},{"not_picked":["Melter+1","Reprogram+1"],"picked":"Coolheaded","floor":54.0}],"player_experience":387732,"relics_obtained":[{"floor":8.0,"key":"Dodecahedron"},{"floor":9.0,"key":"Meat on the Bone"},{"floor":26.0,"key":"Bottled Lightning"},{"floor":41.0,"key":"Turnip"},{"floor":47.0,"key":"DataDisk"},{"floor":54.0,"key":"Ginger"}],"event_choices":[{"damage_healed":0.0,"max_hp_gain":0.0,"max_hp_loss":0.0,"gold_gain":0.0,"event_name":"Upgrade Shrine","player_choice":"Upgraded","floor":2.0,"gold_loss":0.0,"damage_taken":0.0,"cards_upgraded":["Zap"]},{"damage_healed":0.0,"max_hp_gain":0.0,"max_hp_loss":0.0,"gold_gain":0.0,"event_name":"Upgrade Shrine","player_choice":"Upgraded","floor":19.0,"gold_loss":0.0,"damage_taken":0.0,"cards_upgraded":["Meteor Strike"]},{"damage_healed":0.0,"max_hp_gain":0.0,"max_hp_loss":0.0,"gold_gain":0.0,"event_name":"N\u0027loth","player_choice":"Ignored","floor":21.0,"gold_loss":0.0,"damage_taken":0.0},{"damage_healed":0.0,"max_hp_gain":0.0,"max_hp_loss":0.0,"gold_gain":0.0,"event_name":"Tomb of Lord Red Mask","player_choice":"Paid","floor":37.0,"gold_loss":32.0,"damage_taken":0.0,"relics_obtained":["Red Mask"]},{"damage_healed":0.0,"max_hp_gain":0.0,"max_hp_loss":0.0,"gold_gain":0.0,"event_name":"SecretPortal","player_choice":"Ignored","floor":38.0,"gold_loss":0.0,"damage_taken":0.0}],"is_beta":false,"boss_relics":[{"not_picked":["Fusion Hammer","White Beast Statue"],"picked":"Snecko Eye"},{"not_picked":["Runic Pyramid","FrozenCore"],"picked":"Empty Cage"}],"items_purged_floors":[24,31,36],"is_endless":false,"potions_floor_spawned":[4,8,16,18,29,33,35,39,47],"ascension_level":11}