{"gold_per_floor":[118,137,137,147,72,72,72,85,111,11,11,23,23,39,39,138,188,198,198,213,213,52,52,65,100,100,100,116,116],"floor_reached":29,"playtime":1497,"items_purged":["Strike_R","Strike_R","Bash"],"score":285,"play_id":"429b7262-84ae-4e3f-8d09-69a8c206a44c","local_time":"20190105214654","is_ascension_mode":false,"campfire_choices":[{"data":"Body Slam","floor":6,"key":"SMITH"},{"data":"Barricade","floor":13,"key":"SMITH"},{"data":"Entrench","floor":15,"key":"SMITH"},{"data":"Metallicize","floor":23,"key":"SMITH"}],"neow_cost":"NONE","seed_source_timestamp":363995072696936,"circlet_count":0,"master_deck":["Strike_R+1","Strike_R","Strike_R","Defend_R","Defend_R","Defend_R","Defend_R","Body Slam+1","Entrench+1","Barricade+1","Body Slam","Disarm","Warcry","Flame Barrier","Metallicize+1"],"relics":["Burning Blood","Boot","Tiny House","Happy Flower","Toxic Egg 2"],"potions_floor_usage":[20],"damage_taken":[{"damage":7,"enemies":"Small Slimes","floor":1,"turns":3},{"damage":1,"enemies":"Cultist","floor":2,"turns":4},{"damage":12,"enemies":"2 Louse","floor":4,"turns":3},{"damage":7,"enemies":"Lots of Slimes","floor":8,"turns":8},{"damage":7,"enemies":"Looter","floor":12,"turns":5},{"damage":11,"enemies":"3 Louse","floor":14,"turns":5},{"damage":30,"enemies":"Hexaghost","floor":16,"turns":11},{"damage":10,"enemies":"Chosen","floor":18,"turns":10},{"damage":25,"enemies":"Spheric Guardian","floor":20,"turns":12},{"damage":13,"enemies":"Shelled Parasite and Fungi","floor":24,"turns":6},{"damage":25,"enemies":"Gremlin Leader","floor":25,"turns":11},{"damage":12,"enemies":"Snake Plant","floor":28,"turns":6},{"damage":41,"enemies":"Slavers","floor":29,"turns":4}],"seed_played":"574633330532235136","potions_obtained":[{"floor":1,"key":"Ancient Potion"},{"floor":4,"key":"SteroidPotion"},{"floor":8,"key":"Poison Potion"},{"floor":17,"key":"Block Potion"},{"floor":25,"key":"SpeedPotion"},{"floor":28,"key":"Swift Potion"}],"is_trial":false,"path_per_floor":["M","M","$","M","$","R","?","M","T","$","?","M","R","M","R","B",null,"M","?","M","?","$","R","M","E","T","?","M","E"],"character_chosen":"IRONCLAD","items_purchased":["Metallicize"],"campfire_rested":0,"item_purchase_floors":[22],"current_hp_per_floor":[87,88,88,82,82,82,87,86,86,86,86,85,85,80,80,56,98,94,94,75,75,75,75,68,49,49,49,43,2],"gold":116,"neow_bonus":"TEN_PERCENT_HP_BONUS","is_prod":false,"is_daily":false,"chose_seed":false,"campfire_upgraded":4,"win_rate":0,"timestamp":1546753614,"path_taken":["M","M","$","M","$","R","?","M","T","$","?","M","R","M","R","BOSS","M","?","?","?","$","R","?","E","T","?","M","E"],"build_version":"2019-01-03v4","purchased_purges":3,"victory":false,"max_hp_per_floor":[88,88,88,88,88,88,93,93,93,93,93,93,93,93,93,93,98,98,98,98,98,98,98,98,98,98,98,98,98],"card_choices":[{"not_picked":["Rupture","Burning Pact","Sever Soul"],"picked":"SKIP","floor":1},{"not_picked":["Sever Soul","Iron Wave"],"picked":"Body Slam","floor":2},{"not_picked":["Cleave","Anger"],"picked":"Entrench","floor":4},{"not_picked":["Shockwave","Armaments"],"picked":"Barricade","floor":8},{"not_picked":["Seeing Red","Cleave"],"picked":"Body Slam","floor":12},{"not_picked":["Headbutt","Clothesline"],"picked":"Disarm","floor":14},{"not_picked":["Perfected Strike+1","Sentinel","Twin Strike"],"picked":"SKIP","floor":18},{"not_picked":["Flex+1","Body Slam"],"picked":"Flame Barrier","floor":20},{"not_picked":["Iron Wave+1","Dropkick+1","Clash"],"picked":"SKIP","floor":24},{"not_picked":["Bloodletting","Double Tap","Infernal Blade"],"picked":"SKIP","floor":25},{"not_picked":["Rupture","Feel No Pain","Sword Boomerang+1"],"picked":"SKIP","floor":28}],"player_experience":119947,"relics_obtained":[{"floor":9,"key":"Boot"},{"floor":25,"key":"Happy Flower"},{"floor":26,"key":"Toxic Egg 2"}],"event_choices":[{"damage_healed":0,"gold_gain":0,"player_choice":"Donut","damage_taken":0,"max_hp_gain":5,"max_hp_loss":0,"event_name":"Big Fish","floor":7,"gold_loss":0},{"damage_healed":0,"gold_gain":0,"player_choice":"Ignored","damage_taken":0,"max_hp_gain":0,"max_hp_loss":0,"event_name":"Liars Game","floor":11,"gold_loss":0},{"damage_healed":0,"gold_gain":0,"player_choice":"1 cards matched","damage_taken":0,"max_hp_gain":0,"max_hp_loss":0,"event_name":"Match and Keep!","floor":19,"gold_loss":0,"cards_obtained":["Warcry"]},{"damage_healed":0,"gold_gain":0,"player_choice":"Bought 0 Potions","damage_taken":0,"max_hp_gain":0,"max_hp_loss":0,"event_name":"The Woman in Blue","floor":21,"gold_loss":0},{"damage_healed":0,"gold_gain":0,"player_choice":"Ignored","damage_taken":0,"max_hp_gain":0,"max_hp_loss":0,"event_name":"Vampires","floor":27,"gold_loss":0}],"is_beta":false,"boss_relics":[{"not_picked":["Snecko Eye","Runic Dome"],"picked":"Tiny House"}],"items_purged_floors":[5,10,22],"is_endless":false,"potions_floor_spawned":[1,4,8,16,18,25,28],"killed_by":"Slavers","ascension_level":0}