{"gold_per_floor":[114,114,114,114,129,158,168,168,168,183,108,108,136,153,153,257,257,273,127,147,147,147],"floor_reached":22,"playtime":922,"items_purged":["Regret","Strike_R"],"score":194,"play_id":"59dd9c57-dfa0-4a59-a406-b44939cf15cc","local_time":"20181127124033","is_ascension_mode":false,"campfire_choices":[{"floor":8,"key":"REST"},{"data":"Bash","floor":12,"key":"SMITH"},{"data":"Seeing Red","floor":15,"key":"SMITH"}],"neow_cost":"NONE","seed_source_timestamp":1190810768263781,"circlet_count":0,"master_deck":["Strike_R","Strike_R","Strike_R","Defend_R","Defend_R","Defend_R","Defend_R","Bash+1","Heavy Blade","Anger","Anger","Rage","Seeing Red+1","Brutality","Barricade","Flex","Shrug It Off","Feed"],"relics":["Black Blood","Gambling Chip","PreservedInsect","Letter Opener","Sundial"],"potions_floor_usage":[10,16,16,20,22],"damage_taken":[{"damage":10,"enemies":"2 Louse","floor":1,"turns":3},{"damage":0,"enemies":"Small Slimes","floor":5,"turns":3},{"damage":42,"enemies":"3 Sentries","floor":6,"turns":11},{"damage":6,"enemies":"Jaw Worm","floor":7,"turns":2},{"damage":4,"enemies":"Gremlin Gang","floor":10,"turns":4},{"damage":9,"enemies":"Lagavulin","floor":13,"turns":3},{"damage":4,"enemies":"Red Slaver","floor":14,"turns":3},{"damage":45,"enemies":"The Guardian","floor":16,"turns":8},{"damage":47,"enemies":"Chosen","floor":18,"turns":7},{"damage":33,"enemies":"Shell Parasite","floor":20,"turns":8},{"damage":42,"enemies":"Shelled Parasite and Fungi","floor":22,"turns":8}],"seed_played":"1854880775540218666","potions_obtained":[{"floor":7,"key":"Regen Potion"},{"floor":10,"key":"LiquidBronze"},{"floor":13,"key":"PowerPotion"},{"floor":14,"key":"Regen Potion"},{"floor":18,"key":"PowerPotion"}],"is_trial":false,"path_per_floor":["M","?","?","T","M","E","M","R","T","M","$","R","E","M","R","B",null,"M","$","M","?","M"],"character_chosen":"IRONCLAD","items_purchased":["Shrug It Off"],"campfire_rested":1,"item_purchase_floors":[19],"current_hp_per_floor":[76,76,76,76,80,44,44,68,68,80,80,80,77,79,79,40,80,43,43,35,35,0],"gold":147,"neow_bonus":"REMOVE_CARD","is_prod":false,"is_daily":false,"chose_seed":false,"campfire_upgraded":2,"win_rate":0,"timestamp":1543347633,"path_taken":["M","?","?","?","M","E","M","R","T","?","?","R","E","M","R","BOSS","M","$","M","?","M"],"build_version":"2018-11-15","purchased_purges":2,"victory":false,"max_hp_per_floor":[80,80,80,80,80,80,80,80,80,80,80,80,80,80,80,80,80,80,80,80,80,83],"card_choices":[{"not_picked":["Twin Strike","True Grit"],"picked":"Heavy Blade","floor":1},{"not_picked":["Warcry","Disarm"],"picked":"Anger","floor":5},{"not_picked":["Second Wind","Inflame"],"picked":"Anger","floor":6},{"not_picked":["Flex","Warcry"],"picked":"Rage","floor":7},{"not_picked":["Dual Wield","Twin Strike"],"picked":"Seeing Red","floor":10},{"not_picked":["Twin Strike","Headbutt"],"picked":"Brutality","floor":13},{"not_picked":["Iron Wave","Sever Soul","Metallicize"],"picked":"SKIP","floor":14},{"not_picked":["Reaper","Immolate"],"picked":"Barricade","floor":16},{"not_picked":["Seeing Red","Pommel Strike+1"],"picked":"Flex","floor":18},{"not_picked":["Pommel Strike","Heavy Blade","Dual Wield"],"picked":"SKIP","floor":20}],"player_experience":1131692,"relics_obtained":[{"floor":6,"key":"PreservedInsect"},{"floor":9,"key":"Letter Opener"},{"floor":13,"key":"Sundial"}],"event_choices":[{"damage_healed":0,"gold_gain":0,"player_choice":"Box","damage_taken":0,"relics_obtained":["Gambling Chip"],"max_hp_gain":0,"max_hp_loss":0,"event_name":"Big Fish","floor":2,"gold_loss":0,"cards_obtained":["Regret"]},{"damage_healed":0,"gold_gain":0,"player_choice":"Ignored","damage_taken":0,"max_hp_gain":0,"max_hp_loss":0,"event_name":"Shining Light","floor":3,"gold_loss":0},{"damage_healed":0,"gold_gain":0,"player_choice":"1 cards matched","damage_taken":0,"max_hp_gain":0,"max_hp_loss":0,"event_name":"Match and Keep!","floor":21,"gold_loss":0,"cards_obtained":["Feed"]}],"is_beta":false,"boss_relics":[{"not_picked":["Empty Cage","Runic Dome"],"picked":"Black Blood"}],"items_purged_floors":[11,19],"is_endless":false,"potions_floor_spawned":[7,10,13,14,18],"killed_by":"Shelled Parasite and Fungi","ascension_level":0}