{"gold_per_floor":[115,115,133,144,162,162,189,45,122,122,142,142,175,140,140,244,244,257,257,257],"floor_reached":20,"playtime":5806,"items_purged":[],"score":291,"play_id":"5d084011-4732-4883-a158-6f6c123d959f","local_time":"20190328144850","is_ascension_mode":true,"campfire_choices":[{"data":"Neutralize","floor":6,"key":"SMITH"},{"floor":10,"key":"REST"},{"floor":15,"key":"REST"}],"neow_cost":"NONE","seed_source_timestamp":1087038315865827,"circlet_count":0,"master_deck":["AscendersBane","Defend_G","Defend_G","Defend_G","Defend_G","Defend_G","Strike_G","Strike_G","Strike_G","Strike_G","Survivor","Neutralize+1","Quick Slash","Adrenaline","Dagger Throw","Backflip","Poisoned Stab","Cloak And Dagger+1","All Out Attack","Burst","Infinite Blades"],"relics":["Ring of the Snake","Ice Cream","Bottled Flame","PreservedInsect","Black Star","MutagenicStrength"],"potions_floor_usage":[16,16],"damage_taken":[{"damage":1,"enemies":"Small Slimes","floor":1,"turns":4},{"damage":0,"enemies":"Jaw Worm","floor":3,"turns":5},{"damage":0,"enemies":"2 Louse","floor":4,"turns":3},{"damage":0,"enemies":"2 Fungi Beasts","floor":5,"turns":3},{"damage":32,"enemies":"3 Sentries","floor":7,"turns":14},{"damage":0,"enemies":"Exordium Wildlife","floor":11,"turns":4},{"damage":30,"enemies":"Gremlin Nob","floor":13,"turns":4},{"damage":51,"enemies":"Slime Boss","floor":16,"turns":15},{"damage":48,"enemies":"Spheric Guardian","floor":18,"turns":8},{"damage":13,"enemies":"Masked Bandits","floor":20,"turns":2}],"seed_played":"-1141945060204755855","potions_obtained":[{"floor":0,"key":"Regen Potion"},{"floor":0,"key":"Energy Potion"}],"is_trial":false,"path_per_floor":["?","?","?","?","?"],"character_chosen":"THE_SILENT","items_purchased":["GhostInAJar","GhostInAJar"],"campfire_rested":2,"item_purchase_floors":[8,8],"current_hp_per_floor":[62,55,55,55,55,55,23,23,23,44,44,44,14,31,52,1,53,5,5,0],"gold":257,"neow_bonus":"THREE_SMALL_POTIONS","is_prod":false,"is_daily":false,"chose_seed":false,"campfire_upgraded":1,"win_rate":0,"timestamp":1553798930,"path_taken":["M","?","M","M","M","R","E","$","T","R","M","?","E","?","R","BOSS","M","?","?"],"build_version":"2019-01-23","purchased_purges":0,"victory":false,"max_hp_per_floor":[70,70,70,70,70,70,70,70,70,70,70,70,70,70,70,70,70,70,70,70],"card_choices":[{"not_picked":["Reflex","Bane"],"picked":"Quick Slash","floor":1},{"not_picked":["Outmaneuver","Deadly Poison"],"picked":"Adrenaline","floor":3},{"not_picked":["Flying Knee","Dodge and Roll"],"picked":"Dagger Throw","floor":4},{"not_picked":["Flying Knee","Bane"],"picked":"Backflip","floor":5},{"not_picked":["Accuracy","Venomology"],"picked":"Poisoned Stab","floor":7},{"not_picked":["Backflip","Poisoned Stab"],"picked":"Cloak And Dagger","floor":11},{"not_picked":["Calculated Gamble","Skewer"],"picked":"All Out Attack","floor":13},{"not_picked":["Tools of the Trade","Glass Knife"],"picked":"Burst","floor":16},{"not_picked":["Outmaneuver","Concentrate"],"picked":"Infinite Blades","floor":18}],"player_experience":1124540,"relics_obtained":[{"floor":7,"key":"Ice Cream"},{"floor":9,"key":"Bottled Flame"},{"floor":13,"key":"PreservedInsect"}],"event_choices":[{"cards_removed":["Strike_G"],"damage_healed":0,"gold_gain":0,"player_choice":"Card Removal","damage_taken":7,"max_hp_gain":0,"max_hp_loss":0,"event_name":"Golden Wing","floor":2,"gold_loss":0},{"damage_healed":0,"gold_gain":0,"player_choice":"Grow","damage_taken":0,"max_hp_gain":0,"max_hp_loss":0,"event_name":"Living Wall","floor":12,"gold_loss":0,"cards_upgraded":["Cloak And Dagger"]},{"damage_healed":17,"gold_gain":0,"player_choice":"Healed","damage_taken":0,"max_hp_gain":0,"max_hp_loss":0,"event_name":"The Cleric","floor":14,"gold_loss":35},{"damage_healed":0,"gold_gain":0,"player_choice":"Inject Mutagens","damage_taken":0,"relics_obtained":["MutagenicStrength"],"max_hp_gain":0,"max_hp_loss":0,"event_name":"Drug Dealer","floor":19,"gold_loss":0},{"damage_healed":0,"gold_gain":0,"player_choice":"Fought Bandits","damage_taken":0,"max_hp_gain":0,"max_hp_loss":0,"event_name":"Masked Bandits","floor":20,"gold_loss":0}],"is_beta":false,"boss_relics":[{"not_picked":["Calling Bell","Busted Crown"],"picked":"Black Star"}],"items_purged_floors":[],"is_endless":false,"potions_floor_spawned":[3,7,11],"killed_by":"Masked Bandits","ascension_level":12}