{"gold_per_floor":[114,114,114,124,124,124,156,173,197,53,69,69,83,94,94,195,195,214,74,74,74,90,90,101,130,130,161,161,171,171,187,187,292,292,306,61,61,61,7,7,18,18,42,72,89,100,100,120,120,120],"floor_reached":51,"playtime":1887,"items_purged":["Strike_R","Strike_R"],"score":975,"play_id":"7193c001-dd65-472a-9d27-bacd022e79cd","local_time":"20190107231408","is_ascension_mode":true,"campfire_choices":[{"data":"1","floor":6.0,"key":"LIFT"},{"data":"2","floor":15.0,"key":"LIFT"},{"data":"3","floor":23.0,"key":"LIFT"},{"data":"Limit Break","floor":28.0,"key":"SMITH"},{"floor":32.0,"key":"REST"},{"data":"Dual Wield","floor":40.0,"key":"SMITH"},{"data":"Heavy Blade","floor":42.0,"key":"SMITH"},{"data":"Infernal Blade","floor":47.0,"key":"SMITH"},{"data":"Battle Trance","floor":49.0,"key":"SMITH"}],"neow_cost":"NONE","seed_source_timestamp":541400486667298,"circlet_count":0,"master_deck":["Defend_R","Defend_R","Defend_R","Thunderclap","Heavy Blade+1","Shrug It Off+1","Whirlwind+1","Headbutt","Reaper","Limit Break+1","Battle Trance+1","Dual Wield+1","Clothesline","Double Tap+1","Inflame+1","Spot Weakness+1","Anger+1","Burning Pact+1","Infernal Blade+1"],"special_seed":0,"relics":["Burning Blood","NeowsBlessing","Girya","Gremlin Horn","Bronze Scales","Velvet Choker","MutagenicStrength","Dream Catcher","Bird Faced Urn","Bag of Preparation","Question Card","Astrolabe","Pen Nib","War Paint","Centennial Puzzle","Lantern"],"potions_floor_usage":[],"damage_taken":[{"damage":0.0,"enemies":"Cultist","floor":1.0,"turns":1.0},{"damage":0.0,"enemies":"Small Slimes","floor":4.0,"turns":1.0},{"damage":0.0,"enemies":"Gremlin Nob","floor":7.0,"turns":1.0},{"damage":9.0,"enemies":"Jaw Worm","floor":8.0,"turns":3.0},{"damage":12.0,"enemies":"Large Slime","floor":11.0,"turns":4.0},{"damage":8.0,"enemies":"Blue Slaver","floor":13.0,"turns":3.0},{"damage":11.0,"enemies":"Exordium Thugs","floor":14.0,"turns":2.0},{"damage":63.0,"enemies":"Hexaghost","floor":16.0,"turns":9.0},{"damage":0.0,"enemies":"Chosen","floor":18.0,"turns":3.0},{"damage":0.0,"enemies":"Spheric Guardian","floor":22.0,"turns":2.0},{"damage":4.0,"enemies":"Snake Plant","floor":24.0,"turns":2.0},{"damage":18.0,"enemies":"Gremlin Leader","floor":25.0,"turns":3.0},{"damage":50.0,"enemies":"Book of Stabbing","floor":27.0,"turns":5.0},{"damage":44.0,"enemies":"Shelled Parasite and Fungi","floor":29.0,"turns":5.0},{"damage":0.0,"enemies":"Centurion and Healer","floor":31.0,"turns":2.0},{"damage":61.0,"enemies":"Champ","floor":33.0,"turns":8.0},{"damage":12.0,"enemies":"3 Shapes","floor":35.0,"turns":1.0},{"damage":0.0,"enemies":"3 Darklings","floor":41.0,"turns":2.0},{"damage":6.0,"enemies":"Nemesis","floor":44.0,"turns":3.0},{"damage":0.0,"enemies":"Writhing Mass","floor":45.0,"turns":1.0},{"damage":5.0,"enemies":"4 Shapes","floor":46.0,"turns":1.0},{"damage":2.0,"enemies":"Maw","floor":48.0,"turns":3.0},{"damage":51,"enemies":"Awakened One","floor":50,"turns":5}],"seed_played":"4704329834069922581","potions_obtained":[{"floor":3.0,"key":"FairyPotion"},{"floor":3.0,"key":"AttackPotion"},{"floor":3.0,"key":"FairyPotion"},{"floor":14.0,"key":"Dexterity Potion"},{"floor":29.0,"key":"LiquidBronze"}],"is_trial":false,"path_per_floor":["M","T","?","M","?","R","E","M","T","$","M","?","M","M","R","B",null,"M","$","?","?","M","R","M","E","T","E","R","M","T","M","R","B",null,"M","$","?","$","?","R","M","R","T","E","M","M","R","M","R","B",null],"character_chosen":"IRONCLAD","items_purchased":["Whirlwind","Limit Break","Pen Nib"],"campfire_rested":1,"item_purchase_floors":[10,19,36],"current_hp_per_floor":[80,80,80,80,80,80,80,77,77,77,71,71,69,64,64,7,80,80,80,80,80,80,80,80,68,68,31,31,18,18,24,48,11,80,74,74,74,74,74,74,80,80,80,80,80,80,80,80,80,80],"gold":120,"neow_bonus":"THREE_ENEMY_KILL","is_prod":false,"is_daily":false,"chose_seed":false,"campfire_upgraded":5,"win_rate":0,"timestamp":1546931648,"path_taken":["M","?","?","?","?","R","E","M","T","$","?","?","M","M","R","BOSS","M","$","?","?","M","R","M","E","T","E","R","M","?","M","R","BOSS","M","$","?","$","?","R","M","R","T","E","M","M","R","M","R","BOSS"],"build_version":"2019-01-03v4","purchased_purges":2,"victory":true,"max_hp_per_floor":[80,80,80,80,80,80,80,80,80,80,80,80,80,80,80,80,80,80,80,80,80,80,80,80,80,80,80,80,80,80,80,80,80,80,80,80,80,80,80,80,80,80,80,80,80,80,80,80,80,80],"card_choices":[{"not_picked":["Armaments","Anger"],"picked":"Thunderclap","floor":1.0},{"not_picked":["Combust","Havoc","Flex"],"picked":"SKIP","floor":4.0},{"not_picked":["Dark Embrace","Double Tap"],"picked":"Heavy Blade","floor":7.0},{"not_picked":["Feel No Pain","True Grit"],"picked":"Shrug It Off","floor":8.0},{"not_picked":["Perfected Strike","True Grit","Armaments"],"picked":"SKIP","floor":11.0},{"not_picked":["Sword Boomerang","Pommel Strike"],"picked":"Headbutt","floor":13.0},{"not_picked":["Twin Strike","Wild Strike","Warcry"],"picked":"SKIP","floor":14.0},{"not_picked":["Bludgeon","Feed"],"picked":"Reaper","floor":16.0},{"not_picked":["Perfected Strike","Flex","Headbutt"],"picked":"SKIP","floor":18.0},{"not_picked":["Perfected Strike+1","Havoc","Fire Breathing"],"picked":"SKIP","floor":22.0},{"not_picked":["Shrug It Off+1","Flex+1","Fire Breathing+1"],"picked":"SKIP","floor":24.0},{"not_picked":["Entrench","Sword Boomerang"],"picked":"Battle Trance","floor":25.0},{"not_picked":["Demon Form","Battle Trance"],"picked":"Dual Wield","floor":27.0},{"not_picked":["Shrug It Off","Sentinel"],"picked":"Clothesline","floor":29.0},{"not_picked":["Iron Wave","Rage+1","Twin Strike","Warcry"],"picked":"SKIP","floor":31.0},{"not_picked":["Impervious","Dark Embrace","Immolate"],"picked":"Double Tap","floor":33.0},{"not_picked":["Intimidate","Warcry+1","True Grit+1"],"picked":"Burning Pact+1","floor":35.0},{"not_picked":["Iron Wave","Shrug It Off","True Grit","Havoc"],"picked":"SKIP","floor":41.0},{"not_picked":["Iron Wave","Shrug It Off","True Grit","Havoc"],"picked":"SKIP","floor":41.0},{"not_picked":["Pommel Strike+1","Flex","Iron Wave","Armaments"],"picked":"SKIP","floor":44.0},{"not_picked":["Pommel Strike+1","Flex","Iron Wave","Armaments"],"picked":"SKIP","floor":44.0},{"not_picked":["Pummel","Cleave","Dual Wield","Sever Soul+1"],"picked":"SKIP","floor":45.0},{"not_picked":["Flex","Sword Boomerang","Wild Strike+1"],"picked":"Infernal Blade","floor":46.0},{"not_picked":["Clash+1","Wild Strike+1","Shrug It Off+1","Brutality"],"picked":"SKIP","floor":48.0}],"player_experience":168442,"relics_obtained":[{"floor":2.0,"key":"Girya"},{"floor":7.0,"key":"Gremlin Horn"},{"floor":9.0,"key":"Bronze Scales"},{"floor":25.0,"key":"Dream Catcher"},{"floor":26.0,"key":"Bird Faced Urn"},{"floor":27.0,"key":"Bag of Preparation"},{"floor":30.0,"key":"Question Card"},{"floor":43.0,"key":"Centennial Puzzle"},{"floor":44.0,"key":"Lantern"}],"event_choices":[{"damage_healed":0.0,"max_hp_gain":0.0,"max_hp_loss":0.0,"gold_gain":0.0,"event_name":"Lab","player_choice":"Got Potions","floor":3.0,"gold_loss":0.0,"damage_taken":0.0},{"cards_removed":["Bash"],"damage_healed":0.0,"max_hp_gain":0.0,"max_hp_loss":0.0,"gold_gain":0.0,"event_name":"Bonfire Elementals","player_choice":"Offered Basic","floor":5.0,"gold_loss":0.0,"damage_taken":0.0},{"damage_healed":0.0,"max_hp_gain":0.0,"max_hp_loss":0.0,"gold_gain":0.0,"event_name":"Living Wall","player_choice":"Grow","floor":12.0,"gold_loss":0.0,"damage_taken":0.0,"cards_upgraded":["Whirlwind"]},{"damage_healed":0.0,"max_hp_gain":0.0,"max_hp_loss":0.0,"gold_gain":0.0,"event_name":"Drug Dealer","player_choice":"Inject Mutagens","floor":20.0,"gold_loss":0.0,"damage_taken":0.0,"relics_obtained":["MutagenicStrength"]},{"damage_healed":0.0,"max_hp_gain":0.0,"max_hp_loss":0.0,"gold_gain":0.0,"event_name":"Ghosts","player_choice":"Ignored","floor":21.0,"gold_loss":0.0,"damage_taken":0.0},{"cards_removed":["Defend_R"],"damage_healed":0.0,"max_hp_gain":0.0,"max_hp_loss":0.0,"gold_gain":0.0,"event_name":"Purifier","player_choice":"Purged","floor":37.0,"gold_loss":0.0,"damage_taken":0.0},{"damage_healed":0.0,"max_hp_gain":0.0,"max_hp_loss":0.0,"gold_gain":0.0,"event_name":"WeMeetAgain","player_choice":"Paid Gold","floor":39.0,"gold_loss":54.0,"damage_taken":0.0,"relics_obtained":["War Paint"]}],"is_beta":false,"boss_relics":[{"not_picked":["Runic Pyramid","Mark of Pain"],"picked":"Velvet Choker"},{"not_picked":["Calling Bell","Runic Cube"],"picked":"Astrolabe"}],"items_purged_floors":[10,36],"is_endless":false,"potions_floor_spawned":[8,14,18,25,29,33,41,45,48],"ascension_level":3}