{"gold_per_floor":[110,124,134,153,164,164,197,197,197,197,226,226,254,318,318,391,391,404,420,420,440,440,440,450,450,496,143,172,42,52,80,80,156,156,168,180,180,200,211,241,260,260,260,260,272,272,272,288,288,288,288,288,55,86,86],"floor_reached":56,"playtime":3767,"items_purged":["Writhe","Strike_G","Flechettes"],"score":1832,"play_id":"432904a0-b5fa-4ee3-863e-9ffed93fa463","local_time":"20190404030023","is_ascension_mode":true,"campfire_choices":[{"data":"Neutralize","floor":6,"key":"SMITH"},{"data":"Footwork","floor":8,"key":"SMITH"},{"data":"Noxious Fumes","floor":12,"key":"SMITH"},{"floor":15,"key":"DIG"},{"floor":23,"key":"DIG"},{"floor":25,"key":"DIG"},{"floor":32,"key":"DIG"},{"floor":40,"key":"DIG"},{"floor":42,"key":"DIG"},{"floor":44,"key":"DIG"},{"floor":46,"key":"DIG"},{"floor":49,"key":"RECALL"},{"floor":52,"key":"DIG"}],"neow_cost":"NONE","seed_source_timestamp":1651357017093471,"circlet_count":0,"master_deck":["AscendersBane","Defend_G","Defend_G","Defend_G","Defend_G","Defend_G","Strike_G+1","Strike_G","Survivor","Neutralize+1","Predator+1","Leg Sweep","Deadly Poison+1","Sucker Punch","Footwork+1","Noxious Fumes+1","Bouncing Flask","PiercingWail","Dash","Deflect","Well Laid Plans","PiercingWail","Noxious Fumes","Caltrops","Crippling Poison","After Image","Predator+1","Decay","Bouncing Flask","Dash","Footwork","Catalyst"],"relics":["Velvet Choker","Thread and Needle","Bottled Tornado","Smiling Mask","Shovel","Potion Belt","Lantern","Cursed Key","Vajra","Happy Flower","Bronze Scales","Art of War","Oddly Smooth Stone","Paper Crane","Letter Opener","Snecko Eye","Tiny Chest","Kunai","Strawberry","Whetstone","SsserpentHead","Mummified Hand","Bag of Preparation"],"potions_floor_usage":[7,11,21,30,31,31,45,50,55,55,55,55],"damage_taken":[{"damage":0,"enemies":"Jaw Worm","floor":1,"turns":6},{"damage":2,"enemies":"2 Louse","floor":2,"turns":3},{"damage":0,"enemies":"Small Slimes","floor":3,"turns":2},{"damage":10,"enemies":"Red Slaver","floor":4,"turns":4},{"damage":0,"enemies":"2 Fungi Beasts","floor":5,"turns":4},{"damage":18,"enemies":"Lagavulin","floor":7,"turns":9},{"damage":0,"enemies":"3 Sentries","floor":11,"turns":9},{"damage":15,"enemies":"Gremlin Nob","floor":13,"turns":6},{"damage":0,"enemies":"Lagavulin Event","floor":14,"turns":6},{"damage":11,"enemies":"Hexaghost","floor":16,"turns":9},{"damage":0,"enemies":"Spheric Guardian","floor":18,"turns":4},{"damage":0,"enemies":"3 Byrds","floor":19,"turns":6},{"damage":2,"enemies":"Cultist and Chosen","floor":21,"turns":7},{"damage":0,"enemies":"Shelled Parasite and Fungi","floor":24,"turns":6},{"damage":4,"enemies":"Gremlin Leader","floor":28,"turns":7},{"damage":0,"enemies":"3 Cultists","floor":30,"turns":5},{"damage":0,"enemies":"Slavers","floor":31,"turns":5},{"damage":3,"enemies":"Champ","floor":33,"turns":11},{"damage":4,"enemies":"Orb Walker","floor":35,"turns":4},{"damage":0,"enemies":"3 Shapes","floor":36,"turns":5},{"damage":0,"enemies":"3 Darklings","floor":38,"turns":4},{"damage":0,"enemies":"Maw","floor":39,"turns":7},{"damage":2,"enemies":"Sphere and 2 Shapes","floor":41,"turns":5},{"damage":3,"enemies":"4 Shapes","floor":45,"turns":5},{"damage":4,"enemies":"Transient","floor":48,"turns":5},{"damage":16,"enemies":"Donu and Deca","floor":50,"turns":10},{"damage":38,"enemies":"Shield and Spear","floor":54,"turns":7},{"damage":30,"enemies":"The Heart","floor":55,"turns":8}],"seed_played":"1655002051361238099","potions_obtained":[{"floor":1,"key":"PowerPotion"},{"floor":5,"key":"Regen Potion"},{"floor":7,"key":"FearPotion"},{"floor":14,"key":"Swift Potion"},{"floor":16,"key":"SkillPotion"},{"floor":18,"key":"Block Potion"},{"floor":24,"key":"SkillPotion"},{"floor":33,"key":"SkillPotion"},{"floor":36,"key":"LiquidBronze"},{"floor":38,"key":"Fire Potion"},{"floor":45,"key":"Swift Potion"}],"is_trial":false,"path_per_floor":["?","?","?","?","M","?","M","?"],"character_chosen":"THE_SILENT","items_purchased":["Bronze Scales","Art of War","Caltrops","Footwork","LiquidBronze","Catalyst"],"campfire_rested":0,"item_purchase_floors":[27,27,29,53,53,53],"current_hp_per_floor":[63,61,61,51,51,51,48,48,48,53,53,53,38,38,38,27,63,63,63,63,61,61,61,61,61,61,61,57,57,57,57,57,54,70,66,66,66,66,66,66,64,64,64,71,68,68,68,64,64,48,74,74,74,36,6],"gold":86,"neow_bonus":"BOSS_RELIC","is_prod":false,"is_daily":false,"chose_seed":false,"campfire_upgraded":3,"win_rate":0,"timestamp":1554361223,"path_taken":["M","M","M","M","M","R","E","R","T","?","E","R","E","?","R","BOSS","M","M","?","M","?","R","?","R","T","$","E","$","M","E","R","BOSS","M","M","?","M","?","R","M","R","T","R","M","R","?","M","R","BOSS","R","$","E","BOSS"],"build_version":"2019-01-23","purchased_purges":3,"victory":true,"max_hp_per_floor":[70,70,70,70,70,70,70,70,70,75,75,75,75,75,75,75,75,75,75,75,75,75,75,75,75,75,75,75,75,75,75,75,75,75,75,75,75,75,75,75,75,75,75,82,82,82,82,82,82,82,82,82,82,82,82],"card_choices":[{"not_picked":["Prepared","PiercingWail"],"picked":"Flechettes","floor":1},{"not_picked":["Concentrate","Dagger Throw"],"picked":"Predator","floor":2},{"not_picked":["Finisher","Bouncing Flask"],"picked":"Leg Sweep","floor":3},{"not_picked":["PiercingWail","Slice"],"picked":"Deadly Poison","floor":4},{"not_picked":["Cloak And Dagger","Riddle With Holes"],"picked":"Sucker Punch","floor":5},{"not_picked":["Blade Dance","Underhanded Strike"],"picked":"Footwork","floor":7},{"not_picked":["Flying Knee","Deadly Poison"],"picked":"Noxious Fumes","floor":11},{"not_picked":["Cloak And Dagger","Envenom"],"picked":"Bouncing Flask","floor":13},{"not_picked":["Expertise","Dagger Throw"],"picked":"PiercingWail","floor":14},{"not_picked":["Outmaneuver+1","Blade Dance","Deflect"],"picked":"SKIP","floor":18},{"not_picked":["Finisher","Prepared","Riddle With Holes"],"picked":"SKIP","floor":19},{"not_picked":["Infinite Blades","Bane"],"picked":"Well Laid Plans","floor":21},{"not_picked":["Underhanded Strike","Outmaneuver"],"picked":"PiercingWail","floor":24},{"not_picked":["Underhanded Strike+1","Setup"],"picked":"Noxious Fumes","floor":28},{"not_picked":["Well Laid Plans","All Out Attack","Underhanded Strike+1"],"picked":"SKIP","floor":30},{"not_picked":["Acrobatics","Infinite Blades"],"picked":"Crippling Poison","floor":31},{"not_picked":["Bullet Time","Unload"],"picked":"After Image","floor":33},{"not_picked":["Masterful Stab+1","PiercingWail","Distraction+1"],"picked":"SKIP","floor":35},{"not_picked":["Sucker Punch","Blade Dance"],"picked":"Predator+1","floor":36},{"not_picked":["Quick Slash+1","Calculated Gamble+1","Outmaneuver+1"],"picked":"SKIP","floor":38},{"not_picked":["Flying Knee","Blade Dance","Blur"],"picked":"SKIP","floor":39},{"not_picked":["Flying Knee","Terror","Deflect+1"],"picked":"SKIP","floor":41},{"not_picked":["Dodge and Roll","Dagger Spray"],"picked":"Bouncing Flask","floor":45},{"not_picked":["Bane","Sucker Punch+1"],"picked":"Dash","floor":48},{"not_picked":["Bane+1","Setup","Storm of Steel"],"picked":"SKIP","floor":54}],"player_experience":1459838,"relics_obtained":[{"floor":7,"key":"Thread and Needle"},{"floor":9,"key":"Bottled Tornado"},{"floor":11,"key":"Smiling Mask"},{"floor":13,"key":"Shovel"},{"floor":14,"key":"Potion Belt"},{"floor":15,"key":"Lantern"},{"floor":23,"key":"Vajra"},{"floor":25,"key":"Happy Flower"},{"floor":28,"key":"Oddly Smooth Stone"},{"floor":31,"key":"Paper Crane"},{"floor":32,"key":"Letter Opener"},{"floor":40,"key":"Tiny Chest"},{"floor":42,"key":"Kunai"},{"floor":44,"key":"Strawberry"},{"floor":46,"key":"Whetstone"},{"floor":52,"key":"Mummified Hand"},{"floor":54,"key":"Bag of Preparation"}],"event_choices":[{"damage_healed":0,"gold_gain":0,"player_choice":"Donut","damage_taken":0,"max_hp_gain":5,"max_hp_loss":0,"event_name":"Big Fish","floor":10,"gold_loss":0},{"damage_healed":0,"gold_gain":0,"player_choice":"Searched \u00271\u0027 times","damage_taken":0,"max_hp_gain":0,"max_hp_loss":0,"event_name":"Dead Adventurer","floor":14,"gold_loss":0},{"damage_healed":0,"gold_gain":0,"cards_transformed":["Strike_G","Strike_G"],"player_choice":"Became Test Subject","damage_taken":0,"max_hp_gain":0,"max_hp_loss":0,"event_name":"Drug Dealer","floor":20,"gold_loss":0,"cards_obtained":["Dash","Deflect"]},{"damage_healed":0,"gold_gain":0,"player_choice":"Forge","damage_taken":0,"max_hp_gain":0,"max_hp_loss":0,"event_name":"Accursed Blacksmith","floor":22,"gold_loss":0,"cards_upgraded":["Deadly Poison"]},{"damage_healed":0,"gold_gain":0,"player_choice":"Cursed","damage_taken":0,"max_hp_gain":0,"max_hp_loss":0,"event_name":"Wheel of Change","floor":37,"gold_loss":0,"cards_obtained":["Decay"]},{"damage_healed":0,"gold_gain":0,"player_choice":"Trade","damage_taken":0,"relics_obtained":["SsserpentHead"],"max_hp_gain":0,"max_hp_loss":0,"event_name":"FaceTrader","floor":47,"gold_loss":0}],"is_beta":false,"boss_relics":[{"not_picked":["Runic Pyramid","WristBlade"],"picked":"Cursed Key"},{"not_picked":["Eternal Feather","White Beast Statue"],"picked":"Snecko Eye"}],"items_purged_floors":[27,29,53],"is_endless":false,"potions_floor_spawned":[1,5,7,14,16,18,24,33,36,38,39,45],"ascension_level":13}