{"gold_per_floor":[110,129,147,147,164,224,224,249,272,272,301,319,197,208,208,303,303,319,319,319,338,55,89,89,105,156,184,204,104,104,117,117,212,212,223,241,241,251,266,291,291,166,166,186,186,267,72,89,89,89],"floor_reached":50,"playtime":5000,"items_purged":["Bash","Strike_R","Parasite","Bite"],"score":639,"play_id":"7a38a4e7-32b7-4c67-90ef-bb76883c9c8f","local_time":"20190203151656","is_ascension_mode":true,"campfire_choices":[{"floor":7,"key":"REST"},{"floor":10,"key":"REST"},{"floor":15,"key":"REST"},{"data":"Body Slam","floor":24,"key":"SMITH"},{"data":"Body Slam","floor":32,"key":"SMITH"},{"floor":41,"key":"RECALL"},{"floor":49,"key":"REST"}],"neow_cost":"NONE","seed_source_timestamp":487117807338314,"circlet_count":0,"master_deck":["Defend_R","Defend_R","Defend_R","Defend_R+1","Body Slam+1","Armaments+1","True Grit","Juggernaut","Body Slam+1","Iron Wave+1","White Noise+1","Dodge and Roll","Bite","Bite","Bite","Bite","Backflip","Hologram+1","Genetic Algorithm+1","Metallicize","Shrug It Off","Blur+1"],"relics":["Black Blood","Pocketwatch","Tiny Chest","Dream Catcher","War Paint","Bag of Preparation","Ancient Tea Set","Velvet Choker","PrismaticShard","Lantern","Bag of Marbles","Mercury Hourglass","Happy Flower","Shuriken","Molten Egg 2"],"potions_floor_usage":[8,11,11,25,35,44,44,48,50],"damage_taken":[{"damage":18,"enemies":"Jaw Worm","floor":1,"turns":4},{"damage":0,"enemies":"Small Slimes","floor":2,"turns":3},{"damage":1,"enemies":"Cultist","floor":3,"turns":4},{"damage":41,"enemies":"Exordium Thugs","floor":5,"turns":8},{"damage":24,"enemies":"Gremlin Nob","floor":6,"turns":4},{"damage":42,"enemies":"Lagavulin","floor":8,"turns":8},{"damage":16,"enemies":"Gremlin Nob","floor":11,"turns":3},{"damage":1,"enemies":"2 Fungi Beasts","floor":12,"turns":4},{"damage":10,"enemies":"Gremlin Gang","floor":14,"turns":6},{"damage":38,"enemies":"The Guardian","floor":16,"turns":9},{"damage":0,"enemies":"Chosen","floor":18,"turns":4},{"damage":0,"enemies":"Spheric Guardian","floor":21,"turns":3},{"damage":33,"enemies":"Gremlin Leader","floor":23,"turns":8},{"damage":22,"enemies":"Centurion and Healer","floor":25,"turns":8},{"damage":8,"enemies":"Slavers","floor":27,"turns":5},{"damage":11,"enemies":"Snake Plant","floor":28,"turns":3},{"damage":19,"enemies":"3 Cultists","floor":31,"turns":5},{"damage":60,"enemies":"Champ","floor":33,"turns":9},{"damage":0,"enemies":"3 Darklings","floor":35,"turns":5},{"damage":0,"enemies":"Orb Walker","floor":36,"turns":3},{"damage":0,"enemies":"Writhing Mass","floor":38,"turns":4},{"damage":27,"enemies":"Sphere and 2 Shapes","floor":39,"turns":5},{"damage":65,"enemies":"Reptomancer","floor":40,"turns":7},{"damage":17,"enemies":"Spire Growth","floor":44,"turns":3},{"damage":12,"enemies":"Jaw Worm Horde","floor":48,"turns":5},{"damage":62,"enemies":"Donu and Deca","floor":50,"turns":10}],"seed_played":"-4198878112863091588","potions_obtained":[{"floor":2,"key":"Explosive Potion"},{"floor":5,"key":"AttackPotion"},{"floor":6,"key":"Explosive Potion"},{"floor":14,"key":"Strength Potion"},{"floor":16,"key":"Dexterity Potion"},{"floor":23,"key":"BloodPotion"},{"floor":28,"key":"Swift Potion"},{"floor":35,"key":"Energy Potion"},{"floor":44,"key":"Weak Potion"}],"is_trial":false,"path_per_floor":["?","?","M","T","?","M","?","?","M","?","T"],"character_chosen":"IRONCLAD","items_purchased":["PrismaticShard","Shrug It Off"],"campfire_rested":4,"item_purchase_floors":[22,47],"current_hp_per_floor":[76,82,87,84,49,31,57,21,21,47,37,42,42,38,64,32,88,88,88,80,86,86,59,59,51,51,49,44,44,44,53,53,25,61,61,61,61,61,50,19,19,19,19,22,22,22,22,26,42,0],"gold":89,"neow_bonus":"TEN_PERCENT_HP_BONUS","is_prod":false,"is_daily":false,"chose_seed":false,"campfire_upgraded":2,"win_rate":0,"timestamp":1549225016,"path_taken":["M","M","M","?","M","E","R","E","T","R","E","M","?","?","R","BOSS","M","?","?","M","$","E","R","M","T","E","?","$","?","M","R","BOSS","M","M","?","?","M","E","R","$","T","M","?","?","$","M","R","BOSS"],"build_version":"2019-01-23","purchased_purges":4,"victory":false,"max_hp_per_floor":[88,88,88,88,88,88,88,88,88,88,88,88,88,88,88,88,88,88,88,88,88,88,88,88,88,88,88,88,88,61,61,61,61,61,61,61,61,61,61,61,61,58,58,58,55,55,55,55,55,55],"card_choices":[{"not_picked":["Heavy Blade","Pummel","Bloodletting"],"picked":"SKIP","floor":1},{"not_picked":["Whirlwind","Perfected Strike","Pommel Strike"],"picked":"SKIP","floor":2},{"not_picked":["Pommel Strike","Flex"],"picked":"Body Slam","floor":3},{"not_picked":["Twin Strike","Warcry","Havoc"],"picked":"SKIP","floor":5},{"not_picked":["Pommel Strike","Entrench"],"picked":"Armaments","floor":6},{"not_picked":["Infernal Blade","Impervious","Perfected Strike"],"picked":"SKIP","floor":8},{"not_picked":["Corruption","Intimidate"],"picked":"True Grit","floor":10},{"not_picked":["Reckless Charge","Limit Break"],"picked":"Juggernaut","floor":11},{"not_picked":["Cleave","Bloodletting","Sword Boomerang"],"picked":"SKIP","floor":12},{"not_picked":["Perfected Strike","Warcry","Cleave"],"picked":"SKIP","floor":14},{"not_picked":["Sword Boomerang","Twin Strike"],"picked":"Body Slam","floor":15},{"not_picked":["Armaments","Sword Boomerang"],"picked":"Iron Wave+1","floor":18},{"not_picked":["Bloodletting","Dual Wield+1","Power Through"],"picked":"SKIP","floor":21},{"not_picked":["Iron Wave+1","Shrug It Off"],"picked":"White Noise","floor":23},{"not_picked":["Machine Learning","Twin Strike+1","Bouncing Flask"],"picked":"SKIP","floor":25},{"not_picked":["Heavy Blade+1","Tools of the Trade"],"picked":"Dodge and Roll","floor":27},{"not_picked":["Underhanded Strike","Compile Driver","Poisoned Stab"],"picked":"SKIP","floor":28},{"not_picked":["PiercingWail","Seeing Red"],"picked":"Backflip","floor":31},{"not_picked":["Wild Strike+1","Heavy Blade","Dagger Throw+1"],"picked":"SKIP","floor":35},{"not_picked":["Catalyst","Poisoned Stab"],"picked":"Hologram+1","floor":36},{"not_picked":["Flame Barrier+1","Recycle+1","Purity"],"picked":"SKIP","floor":38},{"not_picked":["Body Slam","Riddle With Holes"],"picked":"Genetic Algorithm+1","floor":39},{"not_picked":["Anger","Storm+1"],"picked":"Metallicize","floor":40},{"not_picked":["Cold Snap+1","Static Discharge","Heavy Blade+1"],"picked":"SKIP","floor":44},{"not_picked":["Turbo+1","Seeing Red"],"picked":"Blur+1","floor":48}],"player_experience":209715,"relics_obtained":[{"floor":6,"key":"Tiny Chest"},{"floor":8,"key":"Dream Catcher"},{"floor":9,"key":"War Paint"},{"floor":11,"key":"Bag of Preparation"},{"floor":23,"key":"Lantern"},{"floor":26,"key":"Bag of Marbles"},{"floor":27,"key":"Mercury Hourglass"},{"floor":40,"key":"Happy Flower"},{"floor":43,"key":"Shuriken"},{"floor":46,"key":"Molten Egg 2"}],"event_choices":[{"damage_healed":0,"gold_gain":0,"player_choice":"Success","damage_taken":3,"relics_obtained":["Pocketwatch"],"max_hp_gain":0,"max_hp_loss":0,"event_name":"Scrap Ooze","floor":4,"gold_loss":0},{"damage_healed":0,"gold_gain":0,"player_choice":"Paid Gold","damage_taken":0,"relics_obtained":["Ancient Tea Set"],"max_hp_gain":0,"max_hp_loss":0,"event_name":"WeMeetAgain","floor":13,"gold_loss":122},{"damage_healed":0,"gold_gain":0,"player_choice":"Damaged","damage_taken":8,"max_hp_gain":0,"max_hp_loss":0,"event_name":"Wheel of Change","floor":20,"gold_loss":0},{"damage_healed":0,"gold_gain":0,"player_choice":"Became a vampire","damage_taken":0,"max_hp_gain":0,"max_hp_loss":27,"event_name":"Vampires","floor":30,"gold_loss":0,"cards_obtained":["Bite","Bite","Bite","Bite","Bite"]},{"damage_healed":0,"gold_gain":0,"player_choice":"Upgraded","damage_taken":0,"max_hp_gain":0,"max_hp_loss":0,"event_name":"Upgrade Shrine","floor":37,"gold_loss":0,"cards_upgraded":["White Noise"]},{"damage_healed":0,"gold_gain":0,"player_choice":"Max HP","damage_taken":0,"max_hp_gain":0,"max_hp_loss":3,"event_name":"Winding Halls","floor":45,"gold_loss":0}],"is_beta":false,"boss_relics":[{"not_picked":["Busted Crown","Snecko Eye"],"picked":"Velvet Choker"},{"not_picked":["Fusion Hammer","Pandora\u0027s Box"],"picked":"Black Blood"}],"items_purged_floors":[22,29,42,47],"is_endless":false,"potions_floor_spawned":[2,5,6,14,16,23,28,35,38,44],"killed_by":"Donu and Deca","ascension_level":3}