{"gold_per_floor":[114,128,128,128,147,147,178,192,216,60,74,108,33,43,43,145,145,157,157,22,22,22,22,22,22,49,81,99,99,118,128,128,128],"floor_reached":33,"playtime":2166,"items_purged":["Strike_G","Strike_G"],"score":330,"play_id":"9973d0ea-2d98-4fe3-9bdb-3409888d4b3a","local_time":"20181028164823","is_ascension_mode":true,"campfire_choices":[{"data":"Cloak And Dagger","floor":6,"key":"SMITH"},{"floor":15,"key":"REST"},{"data":"Accuracy","floor":23,"key":"SMITH"},{"floor":25,"key":"REST"},{"floor":29,"key":"REST"},{"floor":32,"key":"REST"}],"neow_cost":"NONE","seed_source_timestamp":1550434099739758,"circlet_count":0,"master_deck":["Defend_G","Defend_G","Defend_G","Defend_G","Defend_G","Strike_G","Strike_G","Survivor","Neutralize","Blur","Cloak And Dagger+1","Finisher","Blade Dance","Accuracy+1","Prepared"],"relics":["Ring of the Snake","Boot","Orichalcum","Pen Nib","Centennial Puzzle","WristBlade","Blood Vial","PreservedInsect"],"potions_floor_usage":[1,7,7,7,8,16,16,16,16,16,21,30,33],"damage_taken":[{"damage":0,"enemies":"Jaw Worm","floor":1,"turns":5},{"damage":0,"enemies":"2 Louse","floor":2,"turns":5},{"damage":0,"enemies":"Small Slimes","floor":5,"turns":3},{"damage":14,"enemies":"Lagavulin","floor":7,"turns":15},{"damage":0,"enemies":"Exordium Wildlife","floor":8,"turns":4},{"damage":0,"enemies":"Blue Slaver","floor":11,"turns":4},{"damage":16,"enemies":"3 Sentries","floor":12,"turns":10},{"damage":0,"enemies":"Gremlin Gang","floor":14,"turns":5},{"damage":10,"enemies":"The Guardian","floor":16,"turns":10},{"damage":0,"enemies":"Chosen","floor":18,"turns":5},{"damage":17,"enemies":"Colosseum Slavers","floor":21,"turns":5},{"damage":46,"enemies":"Book of Stabbing","floor":27,"turns":7},{"damage":16,"enemies":"2 Thieves","floor":28,"turns":2},{"damage":4,"enemies":"3 Cultists","floor":30,"turns":6},{"damage":6,"enemies":"Chosen and Byrds","floor":31,"turns":5},{"damage":70,"enemies":"Champ","floor":33,"turns":10}],"seed_played":"-3342845701422079353","potions_obtained":[{"floor":0,"key":"Dexterity Potion"},{"floor":0,"key":"Weak Potion"},{"floor":0,"key":"PowerPotion"},{"floor":2,"key":"Dexterity Potion"},{"floor":7,"key":"Block Potion"},{"floor":8,"key":"SteroidPotion"},{"floor":14,"key":"EntropicBrew"},{"floor":18,"key":"SpeedPotion"},{"floor":28,"key":"AttackPotion"},{"floor":31,"key":"Energy Potion"}],"is_trial":false,"path_per_floor":["M","M","?","?","M","R","E","M","T","$","M","E","$","M","R","B",null,"M","?","$","?","?","R","?","R","T","E","M","R","M","M","R"],"character_chosen":"THE_SILENT","items_purchased":["Pen Nib","Accuracy"],"campfire_rested":4,"item_purchase_floors":[10,20],"current_hp_per_floor":[70,70,75,75,75,75,61,61,61,61,61,45,45,45,67,57,75,75,61,61,44,44,44,44,68,68,24,10,34,32,28,52,0],"gold":128,"neow_bonus":"THREE_SMALL_POTIONS","is_prod":false,"is_daily":false,"chose_seed":false,"campfire_upgraded":2,"win_rate":0,"timestamp":1540766903,"path_taken":["M","M","?","?","M","R","E","M","T","$","M","E","$","M","R","BOSS","M","?","$","?","?","R","?","R","T","E","?","R","M","M","R","BOSS"],"build_version":"2018-10-25v2","purchased_purges":2,"victory":false,"max_hp_per_floor":[70,70,75,75,75,75,75,75,75,75,75,75,75,75,75,75,75,75,80,80,80,80,80,80,80,80,80,80,80,80,80,80,80],"card_choices":[{"not_picked":["Skewer","Expertise"],"picked":"Blur","floor":1},{"not_picked":["Finisher","Crippling Poison"],"picked":"Cloak And Dagger","floor":2},{"not_picked":["All Out Attack","Dodge and Roll"],"picked":"Finisher","floor":5},{"not_picked":["Dagger Throw","Setup","Slice"],"picked":"SKIP","floor":7},{"not_picked":["Crippling Poison","Underhanded Strike","Leg Sweep"],"picked":"SKIP","floor":8},{"not_picked":["Concentrate","Backflip","Bane"],"picked":"SKIP","floor":11},{"not_picked":["Deadly Poison","Tactician"],"picked":"Blade Dance","floor":12},{"not_picked":["Backflip","Bane","Heel Hook"],"picked":"SKIP","floor":14},{"not_picked":["Outmaneuver","Deflect","Underhanded Strike"],"picked":"SKIP","floor":18},{"not_picked":["Endless Agony+1","Eviscerate","Dodge and Roll"],"picked":"SKIP","floor":27},{"not_picked":["Sucker Punch","Deadly Poison","Underhanded Strike+1"],"picked":"SKIP","floor":28},{"not_picked":["Leg Sweep","Flechettes","Predator+1"],"picked":"SKIP","floor":30},{"not_picked":["Dodge and Roll","Flying Knee"],"picked":"Prepared","floor":31}],"player_experience":941380,"relics_obtained":[{"floor":7,"key":"Boot"},{"floor":9,"key":"Orichalcum"},{"floor":12,"key":"Centennial Puzzle"},{"floor":26,"key":"Blood Vial"},{"floor":27,"key":"PreservedInsect"}],"event_choices":[{"damage_healed":0,"gold_gain":0,"player_choice":"Donut","damage_taken":0,"max_hp_gain":5,"max_hp_loss":0,"event_name":"Big Fish","floor":3,"gold_loss":0},{"cards_removed":["Strike_G"],"damage_healed":0,"gold_gain":0,"player_choice":"Forget","damage_taken":0,"max_hp_gain":0,"max_hp_loss":0,"event_name":"Living Wall","floor":4,"gold_loss":0},{"damage_healed":0,"gold_gain":0,"player_choice":"Shed Blood","damage_taken":19,"max_hp_gain":5,"max_hp_loss":0,"event_name":"Forgotten Altar","floor":19,"gold_loss":0},{"damage_healed":0,"gold_gain":0,"player_choice":"Fight","damage_taken":0,"max_hp_gain":0,"max_hp_loss":0,"event_name":"Colosseum","floor":21,"gold_loss":0},{"damage_healed":0,"gold_gain":0,"player_choice":"Fled From Nobs","damage_taken":0,"max_hp_gain":0,"max_hp_loss":0,"event_name":"Colosseum","floor":21,"gold_loss":0},{"damage_healed":0,"gold_gain":0,"player_choice":"Ignored","damage_taken":0,"max_hp_gain":0,"max_hp_loss":0,"event_name":"Vampires","floor":24,"gold_loss":0}],"is_beta":false,"boss_relics":[{"not_picked":["Snecko Eye","HoveringKite"],"picked":"WristBlade"}],"items_purged_floors":[13,20],"is_endless":false,"potions_floor_spawned":[2,7,8,14,18,21,28,31],"killed_by":"Champ","ascension_level":4}