{"gold_per_floor":[367,379,393,408,28,28,56,56,56,90,156,156,189,239,239,332,332,348,434,484,502,552,552,552],"floor_reached":24,"playtime":1383,"items_purged":[],"score":581,"play_id":"2259e162-747e-478a-8d25-41519e1e40b6","local_time":"20190410112756","is_ascension_mode":true,"campfire_choices":[{"data":"Neutralize","floor":6,"key":"SMITH"},{"data":"Quick Slash","floor":12,"key":"SMITH"},{"data":"Finisher","floor":15,"key":"SMITH"},{"floor":23,"key":"REST"}],"neow_cost":"TEN_PERCENT_HP_LOSS","seed_source_timestamp":2202605103022495,"circlet_count":0,"master_deck":["AscendersBane","Defend_G","Defend_G","Defend_G","Defend_G","Defend_G+1","Strike_G","Strike_G","Strike_G","Strike_G","Strike_G","Survivor","Neutralize+1","Dodge and Roll+1","Quick Slash+1","Dash","Dagger Throw","Infinite Blades","Escape Plan","Finisher+1","Dodge and Roll","Endless Agony","Envenom","Slice","Slice","Ghostly","Ghostly","Ghostly"],"relics":["Ring of the Snake","Vajra","Pen Nib","PreservedInsect","SsserpentHead","War Paint","Kunai","Bottled Lightning","Golden Idol","Runic Pyramid","Red Mask"],"potions_floor_usage":[10],"damage_taken":[{"damage":7,"enemies":"Small Slimes","floor":1,"turns":4},{"damage":12,"enemies":"Cultist","floor":2,"turns":5},{"damage":0,"enemies":"Jaw Worm","floor":3,"turns":4},{"damage":3,"enemies":"Blue Slaver","floor":4,"turns":5},{"damage":4,"enemies":"Lagavulin","floor":7,"turns":8},{"damage":0,"enemies":"3 Sentries","floor":10,"turns":6},{"damage":1,"enemies":"2 Fungi Beasts","floor":11,"turns":3},{"damage":0,"enemies":"Lagavulin","floor":13,"turns":4},{"damage":0,"enemies":"The Guardian","floor":16,"turns":12},{"damage":30,"enemies":"2 Thieves","floor":18,"turns":4},{"damage":12,"enemies":"Masked Bandits","floor":19,"turns":5},{"damage":2,"enemies":"Chosen","floor":21,"turns":6},{"damage":13,"enemies":"Snake Plant","floor":24,"turns":1}],"seed_played":"3422927904570802427","potions_obtained":[{"floor":4,"key":"Block Potion"},{"floor":7,"key":"Energy Potion"},{"floor":11,"key":"Poison Potion"}],"is_trial":false,"path_per_floor":["?","M","?","?","?","?"],"character_chosen":"THE_SILENT","items_purchased":["Vajra","Pen Nib","Infinite Blades"],"campfire_rested":1,"item_purchase_floors":[5,5,5],"current_hp_per_floor":[52,40,40,37,37,37,33,33,33,33,32,32,32,32,32,32,49,19,7,7,5,5,13,0],"gold":552,"neow_bonus":"TWO_FIFTY_GOLD","is_prod":false,"is_daily":false,"chose_seed":false,"campfire_upgraded":3,"win_rate":0,"timestamp":1554910076,"path_taken":["M","M","M","M","$","R","E","?","T","E","?","R","E","?","R","BOSS","M","?","?","M","?","R","M"],"build_version":"2019-01-23","purchased_purges":0,"victory":false,"max_hp_per_floor":[60,60,60,60,60,60,60,60,60,60,60,60,60,54,54,54,54,54,54,27,27,27,27,27],"card_choices":[{"not_picked":["Outmaneuver","Terror"],"picked":"Dodge and Roll","floor":1},{"not_picked":["Concentrate","Underhanded Strike"],"picked":"Quick Slash","floor":2},{"not_picked":["Catalyst","Deflect"],"picked":"Dash","floor":3},{"not_picked":["Bouncing Flask","Slice"],"picked":"Dagger Throw","floor":4},{"not_picked":["Acrobatics","Phantasmal Killer"],"picked":"Escape Plan","floor":7},{"not_picked":["Catalyst","Sucker Punch"],"picked":"Finisher","floor":10},{"not_picked":["Dagger Throw","Acrobatics"],"picked":"Dodge and Roll","floor":11},{"not_picked":["Poisoned Stab","Sucker Punch"],"picked":"Endless Agony","floor":13},{"not_picked":["Unload","Grand Finale"],"picked":"Envenom","floor":16},{"not_picked":["Outmaneuver+1","Finisher"],"picked":"Slice","floor":18},{"not_picked":["Quick Slash+1","Acrobatics"],"picked":"Slice","floor":19},{"not_picked":["Bane","Tactician","Expertise"],"picked":"SKIP","floor":21}],"player_experience":1721279,"relics_obtained":[{"floor":7,"key":"PreservedInsect"},{"floor":9,"key":"War Paint"},{"floor":10,"key":"Kunai"},{"floor":13,"key":"Bottled Lightning"},{"floor":19,"key":"Red Mask"}],"event_choices":[{"damage_healed":0,"gold_gain":0,"player_choice":"Trade","damage_taken":0,"relics_obtained":["SsserpentHead"],"max_hp_gain":0,"max_hp_loss":0,"event_name":"FaceTrader","floor":8,"gold_loss":0},{"damage_healed":0,"gold_gain":0,"player_choice":"Lose Max HP","damage_taken":0,"relics_obtained":["Golden Idol"],"max_hp_gain":0,"max_hp_loss":6,"event_name":"Golden Idol","floor":14,"gold_loss":0},{"damage_healed":0,"gold_gain":0,"player_choice":"Fought Bandits","damage_taken":0,"max_hp_gain":0,"max_hp_loss":0,"event_name":"Masked Bandits","floor":19,"gold_loss":0},{"damage_healed":0,"gold_gain":0,"player_choice":"Became a Ghost","damage_taken":0,"max_hp_gain":0,"max_hp_loss":27,"event_name":"Ghosts","floor":20,"gold_loss":0,"cards_obtained":["Ghostly","Ghostly","Ghostly"]},{"damage_healed":0,"gold_gain":0,"player_choice":"Ignored","damage_taken":0,"max_hp_gain":0,"max_hp_loss":0,"event_name":"The Mausoleum","floor":22,"gold_loss":0}],"is_beta":false,"boss_relics":[{"not_picked":["Velvet Choker","Philosopher\u0027s Stone"],"picked":"Runic Pyramid"}],"items_purged_floors":[],"is_endless":false,"potions_floor_spawned":[4,7,11,16],"killed_by":"Snake Plant","ascension_level":17}