{"gold_per_floor":[111,111,111,58,58,58,102,123,123,143,163,88,122,1,1,131,131,144,159,179,202,223,223],"floor_reached":23,"playtime":976,"items_purged":["Bash","Strike_R"],"score":228,"play_id":"49fe86f7-e50e-40e1-9d1f-7b72f48021d8","local_time":"20190211000206","is_ascension_mode":false,"campfire_choices":[{"floor":6,"key":"REST"},{"floor":15,"key":"REST"}],"neow_cost":"NONE","seed_source_timestamp":300321512016930,"circlet_count":0,"master_deck":["Strike_R","Strike_R","Strike_R","Strike_R","Defend_R","Defend_R+1","Defend_R","Defend_R+1","Iron Wave","Sever Soul","Cleave","Clash","Juggernaut","Clash","Flex"],"relics":["Burning Blood","NeowsBlessing","Golden Idol","Unceasing Top","Blue Candle","The Courier","Runic Cube"],"potions_floor_usage":[13,21,23],"damage_taken":[{"damage":0,"enemies":"Small Slimes","floor":1,"turns":1},{"damage":0,"enemies":"Gremlin Nob","floor":7,"turns":1},{"damage":0,"enemies":"Jaw Worm","floor":8,"turns":1},{"damage":3,"enemies":"2 Louse","floor":10,"turns":2},{"damage":11,"enemies":"Red Slaver","floor":11,"turns":5},{"damage":49,"enemies":"Lagavulin","floor":13,"turns":6},{"damage":24,"enemies":"Slime Boss","floor":16,"turns":10},{"damage":10,"enemies":"3 Byrds","floor":18,"turns":4},{"damage":0,"enemies":"Chosen","floor":19,"turns":4},{"damage":13,"enemies":"Centurion and Healer","floor":20,"turns":7},{"damage":32,"enemies":"Shelled Parasite and Fungi","floor":21,"turns":6},{"damage":13,"enemies":"3 Cultists","floor":22,"turns":5},{"damage":40,"enemies":"Slavers","floor":23,"turns":4}],"seed_played":"-2782680551114284998","potions_obtained":[{"floor":1,"key":"BloodPotion"},{"floor":11,"key":"FearPotion"},{"floor":13,"key":"FearPotion"},{"floor":18,"key":"SteroidPotion"},{"floor":21,"key":"SteroidPotion"}],"is_trial":false,"path_per_floor":["?","?","$","?","M"],"character_chosen":"IRONCLAD","items_purchased":["Iron Wave","Clash"],"campfire_rested":2,"item_purchase_floors":[4,14],"current_hp_per_floor":[80,60,44,44,44,68,74,80,80,80,75,75,40,40,64,46,80,76,80,73,47,40,0],"gold":223,"neow_bonus":"THREE_ENEMY_KILL","is_prod":false,"is_daily":false,"chose_seed":false,"campfire_upgraded":0,"win_rate":0,"timestamp":1549861326,"path_taken":["M","?","?","?","?","R","E","M","T","M","?","$","E","$","R","BOSS","M","M","M","M","M","E"],"build_version":"2019-01-23","purchased_purges":2,"victory":false,"max_hp_per_floor":[80,80,80,80,80,80,80,80,80,80,80,80,80,80,80,80,80,80,80,80,80,80,80],"card_choices":[{"not_picked":["Whirlwind","Evolve","Armaments"],"picked":"SKIP","floor":1},{"not_picked":["Evolve","Thunderclap","Wild Strike"],"picked":"SKIP","floor":7},{"not_picked":["Evolve","Thunderclap","Wild Strike"],"picked":"SKIP","floor":7},{"not_picked":["Intimidate","Flame Barrier","Perfected Strike"],"picked":"SKIP","floor":8},{"not_picked":["Whirlwind","Impervious"],"picked":"Cleave","floor":10},{"not_picked":["Thunderclap","Wild Strike","Cleave"],"picked":"SKIP","floor":11},{"not_picked":["Wild Strike","Corruption","Cleave"],"picked":"SKIP","floor":13},{"not_picked":["Reaper","Brutality"],"picked":"Juggernaut","floor":16},{"not_picked":["Power Through","Rage"],"picked":"Clash","floor":18},{"not_picked":["Warcry","Entrench+1","Armaments"],"picked":"SKIP","floor":19},{"not_picked":["Cleave","Wild Strike","Inflame+1"],"picked":"SKIP","floor":20},{"not_picked":["Clothesline","Headbutt+1","Feel No Pain"],"picked":"SKIP","floor":21},{"not_picked":["Searing Blow","Battle Trance"],"picked":"Flex","floor":22}],"player_experience":399899,"relics_obtained":[{"floor":7,"key":"Unceasing Top"},{"floor":9,"key":"Blue Candle"},{"floor":13,"key":"The Courier"}],"event_choices":[{"damage_healed":0,"gold_gain":0,"player_choice":"Take Damage","damage_taken":20,"relics_obtained":["Golden Idol"],"max_hp_gain":0,"max_hp_loss":0,"event_name":"Golden Idol","floor":2,"gold_loss":0},{"damage_healed":0,"gold_gain":0,"player_choice":"Entered Light","damage_taken":16,"max_hp_gain":0,"max_hp_loss":0,"event_name":"Shining Light","floor":3,"gold_loss":0,"cards_upgraded":["Defend_R","Defend_R"]},{"damage_healed":0,"gold_gain":0,"player_choice":"1 cards matched","damage_taken":0,"max_hp_gain":0,"max_hp_loss":0,"event_name":"Match and Keep!","floor":5,"gold_loss":0,"cards_obtained":["Sever Soul"]}],"is_beta":false,"boss_relics":[{"not_picked":["Pandora\u0027s Box","Orrery"],"picked":"Runic Cube"}],"items_purged_floors":[12,14],"is_endless":false,"potions_floor_spawned":[1,11,13,18,21],"killed_by":"Slavers","ascension_level":0}