{"gold_per_floor":[110,121,135,10,30,30,58,58,58,84,119,119,119,163,163,259,259,279,292,316,336,351,395,310,323,323,323,323,303,303,317,317,413,413,427,445,461,18,33,76,76,114,114,39,53,53,93,116,116,116,116,116,38,72,72],"floor_reached":56,"playtime":5558,"items_purged":["Doubt"],"score":2038,"play_id":"a453c355-3df8-4d67-8f10-3a943052468b","local_time":"20190405160253","is_ascension_mode":true,"campfire_choices":[{"data":"Footwork","floor":6,"key":"SMITH"},{"floor":13,"key":"REST"},{"data":"Footwork","floor":15,"key":"SMITH"},{"floor":27,"key":"REST"},{"floor":30,"key":"REST"},{"data":"After Image","floor":32,"key":"SMITH"},{"data":"Noxious Fumes","floor":41,"key":"SMITH"},{"data":"Footwork","floor":46,"key":"SMITH"},{"floor":49,"key":"RECALL"},{"data":"Footwork","floor":52,"key":"SMITH"}],"neow_cost":"TEN_PERCENT_HP_LOSS","seed_source_timestamp":1782913802520499,"circlet_count":0,"master_deck":["AscendersBane","Defend_G","Defend_G","Defend_G","Defend_G","Defend_G+1","Survivor","Neutralize","Cloak And Dagger","Caltrops","Sucker Punch","Crippling Poison","Footwork+1","Backflip","Footwork+1","Cloak And Dagger+1","After Image+1","Backflip+1","Dodge and Roll+1","Leg Sweep+1","Deadly Poison+1","PiercingWail+1","Backflip+1","Clumsy","Bite","Bite","Bite","Bite","Bite","Bouncing Flask+1","Malaise+1","Cloak And Dagger+1","Footwork+1","Caltrops","After Image+1","Footwork+1","Noxious Fumes+1","Backstab","Well Laid Plans+1","Footwork+1"],"relics":["Ring of the Snake","WingedGreaves","Mummified Hand","Odd Mushroom","Question Card","Golden Idol","Toxic Egg 2","Cursed Key","Nunchaku","Gremlin Horn","WristBlade","DollysMirror","Shuriken","Strawberry","PreservedInsect","Boot","Frozen Egg 2","Bronze Scales"],"potions_floor_usage":[7,10,11,11,23,23,55],"damage_taken":[{"damage":2,"enemies":"Cultist","floor":1,"turns":5},{"damage":0,"enemies":"2 Louse","floor":2,"turns":4},{"damage":5,"enemies":"Jaw Worm","floor":3,"turns":5},{"damage":0,"enemies":"3 Louse","floor":5,"turns":4},{"damage":7,"enemies":"Lagavulin","floor":7,"turns":9},{"damage":4,"enemies":"The Mushroom Lair","floor":10,"turns":4},{"damage":16,"enemies":"Gremlin Nob","floor":11,"turns":4},{"damage":5,"enemies":"Lagavulin","floor":14,"turns":12},{"damage":17,"enemies":"The Guardian","floor":16,"turns":18},{"damage":0,"enemies":"Chosen","floor":18,"turns":6},{"damage":0,"enemies":"Spheric Guardian","floor":19,"turns":7},{"damage":3,"enemies":"Chosen and Byrds","floor":20,"turns":10},{"damage":20,"enemies":"Cultist and Chosen","floor":21,"turns":14},{"damage":0,"enemies":"Centurion and Healer","floor":22,"turns":11},{"damage":4,"enemies":"Slavers","floor":23,"turns":6},{"damage":13,"enemies":"Chosen and Byrds","floor":25,"turns":8},{"damage":8,"enemies":"3 Cultists","floor":31,"turns":7},{"damage":5,"enemies":"Champ","floor":33,"turns":16},{"damage":0,"enemies":"3 Darklings","floor":35,"turns":8},{"damage":0,"enemies":"3 Shapes","floor":36,"turns":7},{"damage":3,"enemies":"Writhing Mass","floor":37,"turns":10},{"damage":0,"enemies":"3 Darklings","floor":39,"turns":8},{"damage":8,"enemies":"Giant Head","floor":40,"turns":12},{"damage":0,"enemies":"Nemesis","floor":42,"turns":9},{"damage":1,"enemies":"Jaw Worm Horde","floor":45,"turns":6},{"damage":14,"enemies":"Reptomancer","floor":47,"turns":9},{"damage":0,"enemies":"Transient","floor":48,"turns":5},{"damage":6,"enemies":"Donu and Deca","floor":50,"turns":12},{"damage":6,"enemies":"Shield and Spear","floor":54,"turns":8},{"damage":33,"enemies":"The Heart","floor":55,"turns":12}],"seed_played":"6525037902622206874","potions_obtained":[{"floor":3,"key":"AttackPotion"},{"floor":7,"key":"AttackPotion"},{"floor":10,"key":"Swift Potion"},{"floor":16,"key":"SteroidPotion"},{"floor":19,"key":"Ancient Potion"},{"floor":20,"key":"Fire Potion"},{"floor":23,"key":"FearPotion"},{"floor":25,"key":"Fire Potion"},{"floor":29,"key":"Block Potion"}],"is_trial":false,"path_per_floor":["M","?","?","?","?","?","?","M"],"character_chosen":"THE_SILENT","items_purchased":["Crippling Poison","PowerPotion","DollysMirror","Shuriken","Footwork+1"],"campfire_rested":3,"item_purchase_floors":[4,4,38,38,53],"current_hp_per_floor":[57,57,52,52,52,52,45,27,27,23,7,7,23,18,18,1,41,41,41,38,18,18,14,14,3,3,19,19,19,35,45,45,54,54,54,54,54,54,54,61,61,61,61,61,61,61,57,61,61,61,61,61,61,61,46],"gold":72,"neow_bonus":"ONE_RARE_RELIC","is_prod":false,"is_daily":false,"chose_seed":false,"campfire_upgraded":6,"win_rate":0,"timestamp":1554494573,"path_taken":["M","M","M","$","?","R","E","?","T","?","E","?","R","E","R","BOSS","M","M","M","M","M","E","?","M","T","R","?","?","R","?","R","BOSS","M","M","M","$","M","E","R","E","T","$","M","R","E","M","R","BOSS","R","$","E","BOSS"],"build_version":"2019-01-23","purchased_purges":1,"victory":true,"max_hp_per_floor":[60,60,60,60,60,60,60,60,60,60,60,54,54,54,54,54,54,54,54,54,54,54,54,54,54,54,54,54,54,54,54,54,54,54,54,54,54,54,54,61,61,61,61,61,61,61,61,61,61,61,61,61,61,61,61],"card_choices":[{"not_picked":["Riddle With Holes","Underhanded Strike"],"picked":"Cloak And Dagger","floor":1},{"not_picked":["Poisoned Stab","Riddle With Holes"],"picked":"Caltrops","floor":2},{"not_picked":["Deflect","Reflex"],"picked":"Sucker Punch","floor":3},{"not_picked":["Bouncing Flask","Outmaneuver"],"picked":"Footwork","floor":5},{"not_picked":["Poisoned Stab","Bouncing Flask"],"picked":"Backflip","floor":7},{"not_picked":["Endless Agony","Backstab"],"picked":"Footwork","floor":11},{"not_picked":["Accuracy","Tactician","Catalyst"],"picked":"Cloak And Dagger","floor":14},{"not_picked":["Night Terror+1","Venomology+1","Doppelganger+1"],"picked":"After Image","floor":16},{"not_picked":["Terror+1","Dagger Spray+1","Prepared+1"],"picked":"Backflip+1","floor":18},{"not_picked":["Bane","Flechettes","Outmaneuver+1"],"picked":"Dodge and Roll+1","floor":19},{"not_picked":["Catalyst+1","Endless Agony+1","Crippling Poison+1"],"picked":"Leg Sweep+1","floor":20},{"not_picked":["Underhanded Strike","Dodge and Roll+1","Dagger Spray+1"],"picked":"Deadly Poison+1","floor":21},{"not_picked":["Finisher","Setup+1","Blade Dance+1","Tools of the Trade"],"picked":"SKIP","floor":22},{"not_picked":["Dodge and Roll+1","Dagger Spray","Blade Dance+1"],"picked":"PiercingWail+1","floor":23},{"not_picked":["Quick Slash","Flying Knee","Deadly Poison+1"],"picked":"Backflip+1","floor":25},{"not_picked":["Acrobatics+1","Blade Dance+1","Backflip+1"],"picked":"Bouncing Flask+1","floor":31},{"not_picked":["Unload","Night Terror+1","Bullet Time+1"],"picked":"Malaise+1","floor":33},{"not_picked":["All Out Attack","Dagger Throw","Poisoned Stab"],"picked":"Cloak And Dagger+1","floor":35},{"not_picked":["Dagger Spray","Prepared+1","Endless Agony"],"picked":"Footwork","floor":36},{"not_picked":["Sucker Punch","Prepared+1","Dagger Spray+1"],"picked":"Caltrops","floor":37},{"not_picked":["Deadly Poison+1","Dagger Throw","Concentrate+1"],"picked":"Footwork","floor":39},{"not_picked":["Accuracy","Infinite Blades+1","Heel Hook"],"picked":"Noxious Fumes","floor":40},{"not_picked":["Bane","Sucker Punch","Die Die Die"],"picked":"Backstab","floor":42},{"not_picked":["Bouncing Flask+1","Dagger Spray","Skewer","Slice"],"picked":"SKIP","floor":45},{"not_picked":["Cloak And Dagger+1","PiercingWail+1","Terror+1"],"picked":"Well Laid Plans","floor":47},{"not_picked":["Crippling Poison+1","Well Laid Plans+1","Flying Knee+1","Masterful Stab"],"picked":"SKIP","floor":48},{"not_picked":["Flying Knee","Deadly Poison+1","Riddle With Holes+1","Well Laid Plans+1"],"picked":"SKIP","floor":54}],"player_experience":1511281,"relics_obtained":[{"floor":7,"key":"Mummified Hand"},{"floor":10,"key":"Odd Mushroom"},{"floor":11,"key":"Question Card"},{"floor":14,"key":"Toxic Egg 2"},{"floor":23,"key":"Nunchaku"},{"floor":26,"key":"Gremlin Horn"},{"floor":40,"key":"Strawberry"},{"floor":42,"key":"PreservedInsect"},{"floor":43,"key":"Boot"},{"floor":47,"key":"Frozen Egg 2"},{"floor":54,"key":"Bronze Scales"}],"event_choices":[{"damage_healed":0,"gold_gain":0,"player_choice":"Entered Light","damage_taken":18,"max_hp_gain":0,"max_hp_loss":0,"event_name":"Shining Light","floor":8,"gold_loss":0,"cards_upgraded":["Strike_G","Defend_G"]},{"damage_healed":0,"gold_gain":0,"player_choice":"Fought Mushrooms","damage_taken":0,"max_hp_gain":0,"max_hp_loss":0,"event_name":"Mushrooms","floor":10,"gold_loss":0},{"damage_healed":0,"gold_gain":0,"player_choice":"Lose Max HP","damage_taken":0,"relics_obtained":["Golden Idol"],"max_hp_gain":0,"max_hp_loss":6,"event_name":"Golden Idol","floor":12,"gold_loss":0},{"damage_healed":0,"gold_gain":0,"player_choice":"Obtained Relic","damage_taken":0,"relics_obtained":["Blood Vial"],"max_hp_gain":0,"max_hp_loss":0,"event_name":"Addict","floor":24,"gold_loss":85},{"damage_healed":0,"gold_gain":0,"player_choice":"Became a vampire (Vial)","damage_taken":0,"max_hp_gain":0,"max_hp_loss":0,"event_name":"Vampires","floor":28,"relics_lost":["Blood Vial"],"gold_loss":0,"cards_obtained":["Bite","Bite","Bite","Bite","Bite"]},{"damage_healed":0,"gold_gain":0,"player_choice":"Bought 1 Potion","damage_taken":0,"max_hp_gain":0,"max_hp_loss":0,"event_name":"The Woman in Blue","floor":29,"gold_loss":0}],"is_beta":false,"boss_relics":[{"not_picked":["HoveringKite","Astrolabe"],"picked":"Cursed Key"},{"not_picked":["Eternal Feather","Runic Dome"],"picked":"WristBlade"}],"items_purged_floors":[44],"is_endless":false,"potions_floor_spawned":[3,7,10,16,19,20,23,25,36,40,42,45,47,54],"ascension_level":15}