{"gold_per_floor":[119,44,44,62,137,137,172,148,199,199,199,219,278,294,294,394,394,413,488,488,488],"floor_reached":21,"playtime":812,"items_purged":["Strike_B"],"score":230,"play_id":"6d09b8b0-b414-4655-8689-74d81c2458f4","local_time":"20190318135721","is_ascension_mode":true,"campfire_choices":[{"data":"Dualcast","floor":6,"key":"SMITH"},{"floor":11,"key":"REST"},{"floor":15,"key":"REST"}],"neow_cost":"NONE","seed_source_timestamp":224942710662925,"circlet_count":0,"master_deck":["Strike_B","Strike_B","Strike_B","Defend_B","Defend_B+1","Defend_B","Defend_B","Zap+1","Dualcast+1","Gash","Cold Snap","Genetic Algorithm","Scrape","Conserve Battery","Gash","Defragment+1","Core Surge","Defragment+1"],"relics":["Cracked Core","NeowsBlessing","War Paint","Matryoshka","Juzu Bracelet","Bag of Preparation","Dream Catcher","Frozen Egg 2","Nuclear Battery"],"potions_floor_usage":[13,21,21],"damage_taken":[{"damage":0,"enemies":"Cultist","floor":1,"turns":1},{"damage":0,"enemies":"Jaw Worm","floor":4,"turns":1},{"damage":0,"enemies":"Lagavulin","floor":7,"turns":1},{"damage":5,"enemies":"Small Slimes","floor":12,"turns":3},{"damage":14,"enemies":"Gremlin Nob","floor":13,"turns":3},{"damage":0,"enemies":"2 Fungi Beasts","floor":14,"turns":3},{"damage":37,"enemies":"Hexaghost","floor":16,"turns":11},{"damage":4,"enemies":"3 Byrds","floor":18,"turns":5},{"damage":27,"enemies":"Colosseum Slavers","floor":21,"turns":5},{"damage":23,"enemies":"Colosseum Nobs","floor":21,"turns":3}],"seed_played":"-7627364593347476401","potions_obtained":[{"floor":4,"key":"SpeedPotion"},{"floor":7,"key":"AttackPotion"},{"floor":14,"key":"Dexterity Potion"}],"is_trial":false,"path_per_floor":["?","M","?","?","?","?","?","?"],"character_chosen":"DEFECT","items_purchased":["Cold Snap"],"campfire_rested":2,"item_purchase_floors":[8],"current_hp_per_floor":[75,75,75,75,64,64,64,64,64,31,53,48,34,34,56,19,75,71,64,50,0],"gold":488,"neow_bonus":"THREE_ENEMY_KILL","is_prod":false,"is_daily":false,"chose_seed":false,"campfire_upgraded":1,"win_rate":0,"timestamp":1552931841,"path_taken":["M","$","?","?","?","R","E","$","T","?","R","M","?","M","R","BOSS","M","?","?","?"],"build_version":"2019-01-23","purchased_purges":1,"victory":false,"max_hp_per_floor":[75,75,75,75,75,75,75,75,75,75,75,75,75,75,75,75,75,75,75,80,80],"card_choices":[{"not_picked":["Conserve Battery","Scrape"],"picked":"Compile Driver","floor":1},{"not_picked":["Barrage","Chaos"],"picked":"Gash","floor":4},{"not_picked":["Tempest","Stack","Leap"],"picked":"SKIP","floor":7},{"not_picked":["Chill","Scrape"],"picked":"Genetic Algorithm","floor":11},{"not_picked":["Rip and Tear","Rainbow"],"picked":"Scrape","floor":12},{"not_picked":["Sweeping Beam","Rebound"],"picked":"Conserve Battery","floor":13},{"not_picked":["Coolheaded","Steam Power"],"picked":"Gash","floor":14},{"not_picked":["Reinforced Body","Cold Snap"],"picked":"Defragment+1","floor":15},{"not_picked":["Hyperbeam","Machine Learning+1"],"picked":"Core Surge","floor":16},{"not_picked":["Glacier","Stack"],"picked":"Defragment+1","floor":18}],"player_experience":755359,"relics_obtained":[{"floor":7,"key":"Matryoshka"},{"floor":9,"key":"Juzu Bracelet"},{"floor":9,"key":"Bag of Preparation"}],"event_choices":[{"cards_removed":["Compile Driver"],"damage_healed":0,"gold_gain":0,"player_choice":"Gave Card","damage_taken":0,"relics_obtained":["War Paint"],"max_hp_gain":0,"max_hp_loss":0,"event_name":"WeMeetAgain","floor":3,"gold_loss":0},{"damage_healed":0,"gold_gain":75,"player_choice":"Gather Gold","damage_taken":11,"max_hp_gain":0,"max_hp_loss":0,"event_name":"World of Goop","floor":5,"gold_loss":0},{"damage_healed":0,"gold_gain":0,"player_choice":"Success","damage_taken":33,"relics_obtained":["Dream Catcher"],"max_hp_gain":0,"max_hp_loss":0,"event_name":"Scrap Ooze","floor":10,"gold_loss":0},{"damage_healed":0,"gold_gain":30,"player_choice":"Searched \u00273\u0027 times","damage_taken":0,"relics_obtained":["Frozen Egg 2"],"max_hp_gain":0,"max_hp_loss":0,"event_name":"Dead Adventurer","floor":13,"gold_loss":0},{"damage_healed":0,"gold_gain":75,"player_choice":"Touch","damage_taken":7,"max_hp_gain":0,"max_hp_loss":0,"event_name":"FaceTrader","floor":19,"gold_loss":0},{"damage_healed":0,"gold_gain":0,"player_choice":"Shed Blood","damage_taken":19,"max_hp_gain":5,"max_hp_loss":0,"event_name":"Forgotten Altar","floor":20,"gold_loss":0},{"damage_healed":0,"gold_gain":0,"player_choice":"Fight","damage_taken":0,"max_hp_gain":0,"max_hp_loss":0,"event_name":"Colosseum","floor":21,"gold_loss":0},{"damage_healed":0,"gold_gain":0,"player_choice":"Fought Nobs","damage_taken":0,"max_hp_gain":0,"max_hp_loss":0,"event_name":"Colosseum","floor":21,"gold_loss":0}],"is_beta":false,"boss_relics":[{"not_picked":["Snecko Eye","Tiny House"],"picked":"Nuclear Battery"}],"items_purged_floors":[2],"is_endless":false,"potions_floor_spawned":[4,7,14],"killed_by":"Colosseum Nobs","ascension_level":3}