{"gold_per_floor":[119,136,286,266,279,279,311,311,311,341,360,51,51,63,63,63],"floor_reached":16,"playtime":711,"items_purged":[],"score":204,"play_id":"428a2dd9-eb84-4597-82ff-d034f5752fcd","local_time":"20190406233406","is_ascension_mode":true,"campfire_choices":[{"data":"Skewer","floor":6,"key":"SMITH"},{"data":"Neutralize","floor":8,"key":"SMITH"},{"data":"After Image","floor":13,"key":"SMITH"},{"data":"After Image","floor":15,"key":"SMITH"}],"neow_cost":"NONE","seed_source_timestamp":1901248882891267,"circlet_count":0,"master_deck":["AscendersBane","Defend_G","Defend_G","Defend_G","Defend_G","Defend_G","Strike_G","Strike_G","Strike_G","Strike_G","Strike_G","Survivor","Neutralize+1","Footwork","Deflect","Doubt","Skewer+1","Backflip","Crippling Poison","Footwork","After Image+1","After Image+1","Choke"],"relics":["Ring of the Snake","NeowsBlessing","Mercury Hourglass","Meat on the Bone","Ninja Scroll","DollysMirror"],"potions_floor_usage":[7,16],"damage_taken":[{"damage":0,"enemies":"Small Slimes","floor":1,"turns":1},{"damage":0,"enemies":"Cultist","floor":2,"turns":1},{"damage":0,"enemies":"2 Louse","floor":5,"turns":1},{"damage":32,"enemies":"Gremlin Nob","floor":7,"turns":6},{"damage":17,"enemies":"3 Sentries","floor":10,"turns":7},{"damage":1,"enemies":"Blue Slaver","floor":11,"turns":4},{"damage":0,"enemies":"Looter","floor":14,"turns":4},{"damage":46,"enemies":"Hexaghost","floor":16,"turns":16}],"seed_played":"-9008134732976745743","potions_obtained":[{"floor":1,"key":"FearPotion"},{"floor":2,"key":"LiquidBronze"},{"floor":4,"key":"Block Potion"},{"floor":14,"key":"SteroidPotion"}],"is_trial":false,"path_per_floor":["?","?","M"],"character_chosen":"THE_SILENT","items_purchased":["After Image","DollysMirror"],"campfire_rested":0,"item_purchase_floors":[12,12],"current_hp_per_floor":[59,59,59,59,59,59,27,27,27,22,33,33,33,45,45,0],"gold":63,"neow_bonus":"THREE_ENEMY_KILL","is_prod":false,"is_daily":false,"chose_seed":false,"campfire_upgraded":4,"win_rate":0,"timestamp":1554608046,"path_taken":["M","M","?","?","?","R","E","R","T","E","M","$","R","M","R","BOSS"],"build_version":"2019-01-23","purchased_purges":0,"victory":false,"max_hp_per_floor":[66,66,66,66,66,66,66,66,66,66,66,66,66,66,66,66],"card_choices":[{"not_picked":["Flying Knee","Quick Slash"],"picked":"Footwork","floor":1},{"not_picked":["Outmaneuver","Prepared"],"picked":"Deflect","floor":2},{"not_picked":["Tactician","Choke"],"picked":"Skewer","floor":5},{"not_picked":["Cloak And Dagger","PiercingWail"],"picked":"Backflip","floor":7},{"not_picked":["Bane","Escape Plan"],"picked":"Crippling Poison","floor":10},{"not_picked":["Catalyst","Backflip"],"picked":"Footwork","floor":11},{"not_picked":["Tactician","Sucker Punch"],"picked":"Choke","floor":14}],"player_experience":1581238,"relics_obtained":[{"floor":7,"key":"Mercury Hourglass"},{"floor":9,"key":"Meat on the Bone"},{"floor":10,"key":"Ninja Scroll"}],"event_choices":[{"damage_healed":0,"gold_gain":150,"player_choice":"AGREE","damage_taken":0,"max_hp_gain":0,"max_hp_loss":0,"event_name":"Liars Game","floor":3,"gold_loss":0,"cards_obtained":["Doubt"]},{"damage_healed":0,"gold_gain":0,"player_choice":"Bought 1 Potion","damage_taken":0,"max_hp_gain":0,"max_hp_loss":0,"event_name":"The Woman in Blue","floor":4,"gold_loss":0}],"is_beta":false,"boss_relics":[],"items_purged_floors":[],"is_endless":false,"potions_floor_spawned":[1,2,5,14],"killed_by":"Hexaghost","ascension_level":17}