{"gold_per_floor":[214,214,164,176,176,176,219,219,219,27,67,142,142,158,158,284,284,307,300,210,234,234,22,37,50,77,77,77,77,118,139,139,139],"floor_reached":33,"playtime":1368,"items_purged":[],"score":407,"play_id":"015f84e8-9ded-48b4-a9df-7b1e1d37438e","local_time":"20181014232157","is_ascension_mode":true,"campfire_choices":[{"data":"Caltrops","floor":6,"key":"SMITH"},{"floor":8,"key":"REST"},{"floor":13,"key":"REST"},{"floor":15,"key":"REST"},{"data":"Concentrate","floor":27,"key":"SMITH"},{"data":"After Image","floor":29,"key":"SMITH"},{"data":"Caltrops","floor":32,"key":"SMITH"}],"neow_cost":"NONE","seed_source_timestamp":104882548910794,"circlet_count":0,"master_deck":["Defend_G","Defend_G","Defend_G","Defend_G","Defend_G","Survivor","Neutralize","Dagger Throw","Caltrops+1","Underhanded Strike","After Image+1","Concentrate+1","Acrobatics","Storm of Steel+1","Predator+1","All Out Attack","Bite","Bite","Bite","Bite","Bite","Masterful Stab","Dagger Throw","Leg Sweep","Backflip+1","Expertise","Venomology","Caltrops+1","Concentrate+1","Footwork"],"relics":["Ring of the Snake","Calipers","Golden Idol","Darkstone Periapt","Tough Bandages","Sozu","Bag of Marbles","Kunai"],"potions_floor_usage":[7,11,25],"damage_taken":[{"damage":0,"enemies":"Jaw Worm","floor":1,"turns":6},{"damage":0,"enemies":"2 Louse","floor":4,"turns":3},{"damage":38,"enemies":"Lagavulin","floor":7,"turns":10},{"damage":21,"enemies":"Gremlin Nob","floor":11,"turns":4},{"damage":0,"enemies":"Cultist","floor":14,"turns":3},{"damage":39,"enemies":"The Guardian","floor":16,"turns":14},{"damage":0,"enemies":"Shell Parasite","floor":18,"turns":8},{"damage":15,"enemies":"2 Thieves","floor":19,"turns":4},{"damage":12,"enemies":"Sentry and Sphere","floor":21,"turns":5},{"damage":8,"enemies":"Snake Plant","floor":24,"turns":5},{"damage":13,"enemies":"Cultist and Chosen","floor":25,"turns":7},{"damage":21,"enemies":"Slavers","floor":30,"turns":5},{"damage":0,"enemies":"Shelled Parasite and Fungi","floor":31,"turns":6},{"damage":53,"enemies":"Collector","floor":33,"turns":6}],"seed_played":"-7933348605004622466","potions_obtained":[{"floor":4,"key":"LiquidBronze"},{"floor":16,"key":"Regen Potion"}],"is_trial":false,"path_per_floor":["M","?","?","M","?","R","E","R","T","$","E","?","R","M","R","B",null,"M","M","?","M","?","$","M","M","T","R","?","R","E","M","R"],"character_chosen":"THE_SILENT","items_purchased":["After Image","PowerPotion","Masterful Stab","Dagger Throw","Leg Sweep"],"campfire_rested":3,"item_purchase_floors":[10,10,23,23,23],"current_hp_per_floor":[63,63,63,63,63,63,25,44,44,44,25,14,33,35,54,17,53,55,42,42,32,32,32,32,44,44,44,44,44,29,41,41,0],"gold":139,"neow_bonus":"HUNDRED_GOLD","is_prod":false,"is_daily":false,"chose_seed":false,"campfire_upgraded":4,"win_rate":0,"timestamp":1539573717,"path_taken":["M","?","?","M","?","R","E","R","T","$","E","?","R","?","R","BOSS","M","?","?","M","?","$","M","?","T","R","?","R","E","M","R","BOSS"],"build_version":"2018-10-11","purchased_purges":0,"victory":false,"max_hp_per_floor":[70,70,70,70,65,65,65,65,65,65,65,65,65,65,65,65,65,65,65,65,65,65,65,65,65,65,65,65,65,65,65,65,65],"card_choices":[{"not_picked":["Deadly Poison","Sucker Punch"],"picked":"Dagger Throw","floor":1},{"not_picked":["Quick Slash","Endless Agony"],"picked":"Caltrops","floor":4},{"not_picked":["Flying Knee","Dodge and Roll"],"picked":"Underhanded Strike","floor":7},{"not_picked":["Bane","Predator"],"picked":"Concentrate","floor":11},{"not_picked":["Sucker Punch","Prepared"],"picked":"Acrobatics","floor":14},{"not_picked":["Glass Knife","Envenom"],"picked":"Storm of Steel","floor":16},{"not_picked":["Infinite Blades","Dagger Spray"],"picked":"Predator+1","floor":18},{"not_picked":["Riddle With Holes+1","Finisher+1","Dagger Spray"],"picked":"SKIP","floor":19},{"not_picked":["Dodge and Roll","Heel Hook+1"],"picked":"All Out Attack","floor":21},{"not_picked":["Slice","Leg Sweep"],"picked":"Backflip+1","floor":24},{"not_picked":["Sucker Punch","PiercingWail"],"picked":"Expertise","floor":25},{"not_picked":["Underhanded Strike","Dagger Spray"],"picked":"Concentrate+1","floor":30},{"not_picked":["Flechettes","Blade Dance"],"picked":"Footwork","floor":31}],"player_experience":338583,"relics_obtained":[{"floor":7,"key":"Blood Vial"},{"floor":9,"key":"Darkstone Periapt"},{"floor":11,"key":"Tough Bandages"},{"floor":26,"key":"Bag of Marbles"},{"floor":30,"key":"Kunai"}],"event_choices":[{"event_name":"Big Fish","player_choice":"Box","floor":2,"damage_taken":0},{"event_name":"The Cleric","player_choice":"Card Removal","floor":3,"damage_taken":0},{"event_name":"Golden Idol","player_choice":"Lose Max HP","floor":5,"damage_taken":0},{"event_name":"World of Goop","player_choice":"Gather Gold","floor":12,"damage_taken":0},{"event_name":"Designer","player_choice":"Full Service","floor":20,"damage_taken":0},{"event_name":"Vampires","player_choice":"Became a vampire (Vial)","floor":22,"damage_taken":0},{"event_name":"Match and Keep!","player_choice":"2 cards matched","floor":28,"damage_taken":0}],"is_beta":true,"boss_relics":[{"not_picked":["Calling Bell","Eternal Feather"],"picked":"Sozu"}],"items_purged_floors":[],"is_endless":false,"potions_floor_spawned":[4,16,19,24,31],"killed_by":"Collector","ascension_level":8}