{"gold_per_floor":[111,129,5,5,5,32,32,46,72,72,82,93,120,132,132,237,237,255,355,372,272,272,299,299,314,362,212,230,80,80,94,94,194,194,206,206,306,322,30,30,42,76,76,76,33,67,67,78,78,78,78,78,1,31,31],"floor_reached":56,"playtime":4173,"items_purged":["Strike_B","Strike_B","Strike_B","Defend_B","Defend_B"],"score":1425,"play_id":"0cfd4976-0155-438d-9246-ae2bda1526f0","local_time":"20190218191823","is_ascension_mode":false,"campfire_choices":[{"floor":15.0,"key":"REST"},{"data":"Zap","floor":32,"key":"SMITH"},{"data":"Redo","floor":40,"key":"SMITH"},{"data":"1","floor":47,"key":"LIFT"},{"floor":49,"key":"RECALL"},{"data":"2","floor":52,"key":"LIFT"}],"neow_cost":"PERCENT_DAMAGE","seed_source_timestamp":0,"circlet_count":0,"master_deck":["Strike_B+1","Defend_B","Zap+1","Dualcast+1","Static Discharge","Go for the Eyes","Go for the Eyes","Beam Cell","Gash","Go for the Eyes","Steam","Redo+1","White Noise","Go for the Eyes+1","Steam","Loop","White Noise+1","Beam Cell","Beam Cell+1","Purity","Beam Cell","Go for the Eyes+1","Finesse","FTL","Defragment"],"special_seed":0,"relics":["Cracked Core","Unceasing Top","Bag of Marbles","WarpedTongs","Happy Flower","Odd Mushroom","Lizard Tail","Torii","Pear","Turnip","Sozu","Girya","Membership Card","Boot","Ornamental Fan","Symbiotic Virus","Bag of Preparation"],"potions_floor_usage":[33,55],"damage_taken":[{"damage":1.0,"enemies":"Jaw Worm","floor":1.0,"turns":3.0},{"damage":2.0,"enemies":"2 Louse","floor":2.0,"turns":3.0},{"damage":34.0,"enemies":"3 Sentries","floor":6.0,"turns":6.0},{"damage":4.0,"enemies":"Cultist","floor":8.0,"turns":3.0},{"damage":4.0,"enemies":"Blue Slaver","floor":11.0,"turns":3.0},{"damage":0.0,"enemies":"3 Louse","floor":12.0,"turns":2.0},{"damage":6.0,"enemies":"The Mushroom Lair","floor":13.0,"turns":3.0},{"damage":4.0,"enemies":"Large Slime","floor":14.0,"turns":4.0},{"damage":5.0,"enemies":"Slime Boss","floor":16.0,"turns":8.0},{"damage":0.0,"enemies":"3 Byrds","floor":18.0,"turns":4.0},{"damage":0.0,"enemies":"Colosseum Slavers","floor":19.0,"turns":5.0},{"damage":37.0,"enemies":"Colosseum Nobs","floor":19.0,"turns":5.0},{"damage":17.0,"enemies":"2 Thieves","floor":20.0,"turns":3.0},{"damage":3.0,"enemies":"Book of Stabbing","floor":23.0,"turns":5.0},{"damage":3,"enemies":"Snake Plant","floor":25,"turns":3},{"damage":1,"enemies":"3 Cultists","floor":28,"turns":5},{"damage":16,"enemies":"Snecko","floor":31,"turns":4},{"damage":8,"enemies":"Collector","floor":33,"turns":6},{"damage":12,"enemies":"Orb Walker","floor":35,"turns":4},{"damage":0,"enemies":"Mind Bloom Boss Battle","floor":37,"turns":4},{"damage":9,"enemies":"3 Darklings","floor":38,"turns":3},{"damage":0,"enemies":"4 Shapes","floor":41,"turns":3},{"damage":0,"enemies":"Giant Head","floor":42,"turns":3},{"damage":0,"enemies":"Nemesis","floor":46,"turns":3},{"damage":0,"enemies":"Sphere and 2 Shapes","floor":48,"turns":3},{"damage":0,"enemies":"Donu and Deca","floor":50,"turns":4},{"damage":0,"enemies":"Shield and Spear","floor":54,"turns":2},{"damage":70,"enemies":"The Heart","floor":55,"turns":6}],"seed_played":"726703572737386998","potions_obtained":[{"floor":8.0,"key":"FocusPotion"},{"floor":13.0,"key":"SpeedPotion"},{"floor":14.0,"key":"SkillPotion"},{"floor":16.0,"key":"EssenceOfSteel"},{"floor":23,"key":"Strength Potion"},{"floor":31,"key":"SkillPotion"}],"is_trial":false,"path_per_floor":["?","?","?","M","?","?","?","?","?","$","?","?","?","M","$"],"character_chosen":"DEFECT","items_purchased":["Go for the Eyes","Steam","Membership Card","Purity","Finesse","FTL"],"campfire_rested":1,"item_purchase_floors":[3,27,39,45,53,53],"current_hp_per_floor":[53,51,51,36,61,27,27,23,23,16,12,12,6,2,24,19,75,75,48,31,31,31,28,56,53,53,53,52,52,52,36,36,28,85,73,73,73,64,64,64,64,64,64,64,64,64,64,64,64,64,85,85,85,85,15],"gold":31,"neow_bonus":"ONE_RARE_RELIC","is_prod":false,"is_daily":false,"chose_seed":false,"campfire_upgraded":2,"win_rate":0,"timestamp":1550535503,"path_taken":["M","M","$","?","?","E","?","?","T","?","M","M","?","M","R","BOSS","M","?","M","$","?","E","?","M","T","?","M","$","?","M","R","BOSS","M","?","?","?","$","R","M","E","T","?","$","E","R","M","R","BOSS","R","$","E","BOSS"],"build_version":"2019-01-23","purchased_purges":5,"victory":true,"max_hp_per_floor":[75,75,75,75,75,75,75,75,75,75,75,75,75,75,75,75,75,75,85,85,85,85,85,85,85,85,85,85,85,85,85,85,85,85,85,85,85,85,85,85,85,85,85,85,85,85,85,85,85,85,85,85,85,85,85],"card_choices":[{"not_picked":["Streamline","Loop"],"picked":"Static Discharge","floor":1.0},{"not_picked":["Storm","Turbo"],"picked":"Go for the Eyes","floor":2.0},{"not_picked":["Doom and Gloom","Ball Lightning","Skim"],"picked":"SKIP","floor":6.0},{"not_picked":["Coolheaded","Conserve Battery"],"picked":"Beam Cell","floor":8.0},{"not_picked":["Conserve Battery","Cold Snap","Tempest"],"picked":"SKIP","floor":11.0},{"not_picked":["Leap","Rebound"],"picked":"Gash","floor":12.0},{"not_picked":["Streamline","Machine Learning"],"picked":"Go for the Eyes","floor":13.0},{"not_picked":["Streamline","Glacier","Reinforced Body"],"picked":"SKIP","floor":14.0},{"not_picked":["Rebound","Compile Driver"],"picked":"Steam","floor":18.0},{"not_picked":["Conserve Battery","Leap"],"picked":"Redo","floor":19.0},{"not_picked":["Ball Lightning+1","Cold Snap+1"],"picked":"White Noise","floor":20.0},{"not_picked":["Capacitor","Hello World","Doom and Gloom+1"],"picked":"SKIP","floor":23},{"not_picked":["Storm","Hyperbeam"],"picked":"Go for the Eyes+1","floor":25},{"not_picked":["Conserve Battery","Sweeping Beam","Undo"],"picked":"SKIP","floor":28},{"not_picked":["Conserve Battery+1","Redo"],"picked":"Loop","floor":31},{"not_picked":["Capacitor+1","Conserve Battery","Steam"],"picked":"SKIP","floor":35},{"not_picked":["BootSequence","Turbo"],"picked":"White Noise+1","floor":37},{"not_picked":["Reinforced Body+1","Biased Cognition"],"picked":"Beam Cell","floor":38},{"not_picked":["Barrage+1","Consume"],"picked":"Beam Cell+1","floor":41},{"not_picked":["Hologram","Stack+1","Leap"],"picked":"SKIP","floor":42},{"not_picked":["Undo+1","Turbo+1"],"picked":"Beam Cell","floor":46},{"not_picked":["Coolheaded","Leap"],"picked":"Go for the Eyes+1","floor":48},{"not_picked":["Thunder Strike","Fusion+1"],"picked":"Defragment","floor":54}],"player_experience":519329,"relics_obtained":[{"floor":6.0,"key":"Bag of Marbles"},{"floor":9.0,"key":"Happy Flower"},{"floor":13.0,"key":"Odd Mushroom"},{"floor":19.0,"key":"Torii"},{"floor":19.0,"key":"Pear"},{"floor":23,"key":"Turnip"},{"floor":37,"key":"Girya"},{"floor":42,"key":"Boot"},{"floor":43,"key":"Ornamental Fan"},{"floor":46,"key":"Symbiotic Virus"},{"floor":54,"key":"Bag of Preparation"}],"event_choices":[{"damage_healed":0.0,"max_hp_gain":0.0,"max_hp_loss":0.0,"gold_gain":0.0,"event_name":"Shining Light","player_choice":"Entered Light","floor":4.0,"gold_loss":0.0,"damage_taken":15.0,"cards_upgraded":["Dualcast","Strike_B"]},{"damage_healed":25.0,"max_hp_gain":0.0,"max_hp_loss":0.0,"gold_gain":0.0,"event_name":"Big Fish","player_choice":"Banana","floor":5.0,"gold_loss":0.0,"damage_taken":0.0},{"damage_healed":0.0,"max_hp_gain":0.0,"max_hp_loss":0.0,"gold_gain":0.0,"event_name":"Accursed Blacksmith","player_choice":"Rummage","floor":7.0,"gold_loss":0.0,"damage_taken":0.0,"relics_obtained":["WarpedTongs"],"cards_obtained":["Pain"]},{"cards_removed":["Pain"],"damage_healed":0.0,"max_hp_gain":0.0,"max_hp_loss":0.0,"gold_gain":0.0,"event_name":"Golden Wing","player_choice":"Card Removal","floor":10.0,"gold_loss":0.0,"damage_taken":7.0},{"damage_healed":0.0,"max_hp_gain":0.0,"max_hp_loss":0.0,"gold_gain":0.0,"event_name":"Mushrooms","player_choice":"Fought Mushrooms","floor":13.0,"gold_loss":0.0,"damage_taken":0.0},{"damage_healed":0.0,"max_hp_gain":0.0,"max_hp_loss":0.0,"gold_gain":0.0,"event_name":"Colosseum","player_choice":"Fight","floor":19.0,"gold_loss":0.0,"damage_taken":0.0},{"damage_healed":0.0,"max_hp_gain":0.0,"max_hp_loss":0.0,"gold_gain":0.0,"event_name":"Colosseum","player_choice":"Fought Nobs","floor":19.0,"gold_loss":0.0,"damage_taken":0.0},{"cards_removed":["Defend_B"],"damage_healed":0.0,"max_hp_gain":0.0,"max_hp_loss":0.0,"gold_gain":0.0,"event_name":"Back to Basics","player_choice":"Elegance","floor":22.0,"gold_loss":0.0,"damage_taken":0.0},{"damage_healed":28,"gold_gain":0,"player_choice":"Heal","damage_taken":0,"max_hp_gain":0,"max_hp_loss":0,"event_name":"The Library","floor":24,"gold_loss":0},{"damage_healed":0,"gold_gain":0,"player_choice":"Ignored","damage_taken":0,"max_hp_gain":0,"max_hp_loss":0,"event_name":"The Mausoleum","floor":30,"gold_loss":0},{"damage_healed":0,"gold_gain":0,"player_choice":"Ignored","damage_taken":0,"max_hp_gain":0,"max_hp_loss":0,"event_name":"Tomb of Lord Red Mask","floor":36,"gold_loss":0},{"damage_healed":0,"gold_gain":0,"player_choice":"Fight","damage_taken":0,"max_hp_gain":0,"max_hp_loss":0,"event_name":"MindBloom","floor":37,"gold_loss":0}],"is_beta":false,"boss_relics":[{"not_picked":["Ectoplasm","Runic Pyramid"],"picked":"Lizard Tail"},{"not_picked":["Tiny House","Calling Bell"],"picked":"Sozu"}],"items_purged_floors":[3,21,27,29,39],"is_endless":false,"potions_floor_spawned":[8,13,14,16,18,23,31,37,38,42],"ascension_level":0}