{"gold_per_floor":[114,114,114,127,139,139,4,4,4,19,38,17,17,32,32,128,128,141,15,0,19,19,19,19],"floor_reached":24,"playtime":3640,"items_purged":["Strike_G","Strike_G"],"score":188,"play_id":"d32afad8-16d4-49a1-9ec8-eaa88fadc565","local_time":"20190401165315","is_ascension_mode":false,"campfire_choices":[{"data":"Leg Sweep","floor":6.0,"key":"SMITH"},{"data":"Footwork","floor":8.0,"key":"SMITH"},{"floor":15.0,"key":"REST"},{"floor":23.0,"key":"REST"}],"neow_cost":"NONE","seed_source_timestamp":0,"circlet_count":0,"master_deck":["Defend_G","Defend_G","Defend_G","Defend_G","Defend_G","Strike_G","Strike_G","Strike_G","Survivor","Neutralize","Outmaneuver","Cloak And Dagger","Leg Sweep+1","Footwork+1","A Thousand Cuts","Escape Plan","Footwork","Cloak And Dagger","Flying Knee+1"],"special_seed":0,"relics":["Ring of the Snake","Smiling Mask","Bottled Lightning","Ornamental Fan","Boot","WristBlade"],"potions_floor_usage":[24,24],"damage_taken":[{"damage":0.0,"enemies":"Jaw Worm","floor":1.0,"turns":6.0},{"damage":1.0,"enemies":"Cultist","floor":4.0,"turns":3.0},{"damage":2.0,"enemies":"Small Slimes","floor":5.0,"turns":4.0},{"damage":5.0,"enemies":"Blue Slaver","floor":10.0,"turns":5.0},{"damage":12.0,"enemies":"Large Slime","floor":11.0,"turns":11.0},{"damage":0.0,"enemies":"Exordium Thugs","floor":12.0,"turns":5.0},{"damage":0.0,"enemies":"Blue Slaver","floor":14.0,"turns":6.0},{"damage":74.0,"enemies":"Slime Boss","floor":16.0,"turns":40.0},{"damage":18.0,"enemies":"3 Byrds","floor":18.0,"turns":6.0},{"damage":17.0,"enemies":"2 Thieves","floor":20.0,"turns":5.0},{"damage":7.0,"enemies":"Centurion and Healer","floor":21.0,"turns":14.0},{"damage":14,"enemies":"Colosseum Slavers","floor":24,"turns":6},{"damage":46,"enemies":"Colosseum Nobs","floor":24,"turns":7}],"seed_played":"5257686551626442933","potions_obtained":[{"floor":1.0,"key":"SteroidPotion"},{"floor":5.0,"key":"SpeedPotion"},{"floor":11.0,"key":"SpeedPotion"},{"floor":14.0,"key":"Regen Potion"},{"floor":16.0,"key":"FearPotion"},{"floor":21.0,"key":"Swift Potion"}],"is_trial":false,"path_per_floor":["M","?","T","M","M","R","$","R","T","M","M","M","?","M","R","B",null,"M","$","M","M","?","R","?"],"character_chosen":"THE_SILENT","items_purchased":["Footwork","SpeedPotion","Footwork"],"campfire_rested":2,"item_purchase_floors":[7,7,19],"current_hp_per_floor":[70,75,75,74,72,72,72,72,72,67,55,55,55,55,75,16,75,57,57,40,33,33,55,0],"gold":19,"neow_bonus":"RANDOM_COMMON_RELIC","is_prod":false,"is_daily":false,"chose_seed":false,"campfire_upgraded":2,"win_rate":0,"timestamp":1554151995,"path_taken":["M","?","?","M","M","R","$","R","T","M","M","?","?","M","R","BOSS","M","$","M","M","?","R","?"],"build_version":"2019-01-23","purchased_purges":2,"victory":false,"max_hp_per_floor":[70,75,75,75,75,75,75,75,75,75,75,75,75,75,75,75,75,75,75,75,75,75,75,75],"card_choices":[{"not_picked":["Crippling Poison","Tactician"],"picked":"Outmaneuver","floor":1.0},{"not_picked":["Deflect","Dodge and Roll"],"picked":"Cloak And Dagger","floor":4.0},{"not_picked":["Deadly Poison","Accuracy"],"picked":"Leg Sweep","floor":5.0},{"not_picked":["PiercingWail","Eviscerate","Acrobatics"],"picked":"SKIP","floor":10.0},{"not_picked":["Phantasmal Killer","Crippling Poison","Dodge and Roll"],"picked":"SKIP","floor":11.0},{"not_picked":["All Out Attack","Bouncing Flask","PiercingWail"],"picked":"SKIP","floor":12.0},{"not_picked":["Underhanded Strike","Heel Hook","Distraction"],"picked":"SKIP","floor":14.0},{"not_picked":["After Image","Unload"],"picked":"A Thousand Cuts","floor":16.0},{"not_picked":["Distraction+1","Calculated Gamble+1"],"picked":"Escape Plan","floor":18.0},{"not_picked":["Bane+1","Dodge and Roll+1"],"picked":"Cloak And Dagger","floor":20.0},{"not_picked":["Dagger Throw","Skewer"],"picked":"Flying Knee+1","floor":21.0}],"player_experience":72542,"relics_obtained":[{"floor":3.0,"key":"Bottled Lightning"},{"floor":9.0,"key":"Ornamental Fan"}],"event_choices":[{"damage_healed":0.0,"max_hp_gain":5.0,"max_hp_loss":0.0,"gold_gain":0.0,"event_name":"Big Fish","player_choice":"Donut","floor":2.0,"gold_loss":0.0,"damage_taken":0.0},{"damage_healed":0.0,"max_hp_gain":0.0,"max_hp_loss":0.0,"gold_gain":0.0,"event_name":"Dead Adventurer","player_choice":"Searched \u00271\u0027 times","floor":13.0,"gold_loss":0.0,"damage_taken":0.0,"relics_obtained":["Boot"]},{"damage_healed":0.0,"max_hp_gain":0.0,"max_hp_loss":0.0,"gold_gain":0.0,"event_name":"Beggar","player_choice":"Ignored","floor":22.0,"gold_loss":0.0,"damage_taken":0.0},{"damage_healed":0,"gold_gain":0,"player_choice":"Fight","damage_taken":0,"max_hp_gain":0,"max_hp_loss":0,"event_name":"Colosseum","floor":24,"gold_loss":0},{"damage_healed":0,"gold_gain":0,"player_choice":"Fought Nobs","damage_taken":0,"max_hp_gain":0,"max_hp_loss":0,"event_name":"Colosseum","floor":24,"gold_loss":0}],"is_beta":false,"boss_relics":[{"not_picked":["Snecko Eye","Fusion Hammer"],"picked":"WristBlade"}],"items_purged_floors":[7,19],"is_endless":false,"potions_floor_spawned":[1,5,11,14,16,21],"killed_by":"Colosseum Nobs","ascension_level":0}