{"gold_per_floor":[114,124,144,120,120,151,116,149,149,176,189,203,203,228,228,228],"floor_reached":16,"playtime":910,"items_purged":[],"score":221,"play_id":"2b2d35ae-0f6c-48b8-a517-09d4b593ca93","local_time":"20190331171559","is_ascension_mode":true,"campfire_choices":[{"data":"Bash","floor":13,"key":"SMITH"},{"floor":15,"key":"REST"}],"neow_cost":"NONE","seed_source_timestamp":1359961572289063,"circlet_count":0,"master_deck":["AscendersBane","Strike_R","Strike_R","Strike_R","Strike_R","Strike_R+1","Defend_R","Defend_R+1","Defend_R","Defend_R+1","Bash+1","Twin Strike+1","Pommel Strike","Shrug It Off","Reaper","Anger","Pummel","Iron Wave","Shrug It Off"],"relics":["Burning Blood","Pen Nib","Ornamental Fan","War Paint","Peace Pipe","Juzu Bracelet"],"potions_floor_usage":[8,10,11],"damage_taken":[{"damage":4,"enemies":"2 Louse","floor":1,"turns":5},{"damage":0,"enemies":"Small Slimes","floor":2,"turns":3},{"damage":7,"enemies":"Jaw Worm","floor":3,"turns":4},{"damage":54,"enemies":"Lagavulin","floor":6,"turns":8},{"damage":8,"enemies":"Gremlin Nob","floor":8,"turns":3},{"damage":21,"enemies":"3 Sentries","floor":10,"turns":10},{"damage":4,"enemies":"Large Slime","floor":11,"turns":6},{"damage":8,"enemies":"Exordium Thugs","floor":12,"turns":5},{"damage":18,"enemies":"Lagavulin","floor":14,"turns":6},{"damage":52,"enemies":"The Guardian","floor":16,"turns":15}],"seed_played":"6456259215800253135","potions_obtained":[{"floor":0,"key":"Fire Potion"},{"floor":0,"key":"Block Potion"},{"floor":10,"key":"Energy Potion"}],"is_trial":false,"path_per_floor":["?","?"],"character_chosen":"IRONCLAD","items_purchased":["Shrug It Off"],"campfire_rested":1,"item_purchase_floors":[4],"current_hp_per_floor":[70,75,74,74,59,11,11,15,15,12,26,28,28,16,38,0],"gold":228,"neow_bonus":"THREE_SMALL_POTIONS","is_prod":false,"is_daily":false,"chose_seed":false,"campfire_upgraded":1,"win_rate":0,"timestamp":1554066959,"path_taken":["M","M","M","$","?","E","?","E","T","E","M","M","R","E","R","BOSS"],"build_version":"2019-01-23","purchased_purges":0,"victory":false,"max_hp_per_floor":[75,75,75,75,75,75,75,75,75,75,75,75,75,75,75,75],"card_choices":[{"not_picked":["True Grit","Ghostly Armor"],"picked":"Twin Strike","floor":1},{"not_picked":["Sentinel","Heavy Blade"],"picked":"Pommel Strike","floor":2},{"not_picked":["Cleave","Flex","Headbutt"],"picked":"SKIP","floor":3},{"not_picked":["Headbutt","Rage"],"picked":"Reaper","floor":6},{"not_picked":["Entrench","Flex"],"picked":"Anger","floor":8},{"not_picked":["Clash","Infernal Blade"],"picked":"Pummel","floor":10},{"not_picked":["Cleave","Dual Wield"],"picked":"Iron Wave","floor":11},{"not_picked":["Clash","Warcry","Havoc"],"picked":"SKIP","floor":12},{"not_picked":["Flex","Havoc"],"picked":"Shrug It Off","floor":14}],"player_experience":1340098,"relics_obtained":[{"floor":6,"key":"Pen Nib"},{"floor":8,"key":"Ornamental Fan"},{"floor":9,"key":"War Paint"},{"floor":10,"key":"Peace Pipe"},{"floor":14,"key":"Juzu Bracelet"}],"event_choices":[{"damage_healed":0,"gold_gain":0,"player_choice":"Entered Light","damage_taken":15,"max_hp_gain":0,"max_hp_loss":0,"event_name":"Shining Light","floor":5,"gold_loss":0,"cards_upgraded":["Twin Strike","Strike_R"]},{"damage_healed":0,"gold_gain":0,"player_choice":"Left Gold","damage_taken":0,"max_hp_gain":0,"max_hp_loss":0,"event_name":"World of Goop","floor":7,"gold_loss":35}],"is_beta":false,"boss_relics":[],"items_purged_floors":[],"is_endless":false,"potions_floor_spawned":[1,3,10],"killed_by":"The Guardian","ascension_level":14}