{"gold_per_floor":[117,117,117,167,36,67,67,67,67,81,81,97,130,141,141,244,244,257,275,275,275,287,318,349,374,455,485,497,524,553,578,590,699,711,740,752,129,148,148,148,162,178,251,251,261,293,345,362,362,362],"floor_reached":51,"playtime":3014,"items_purged":[],"score":879,"play_id":"e3864c22-928f-41ec-82dd-0604234dad73","local_time":"20180830212102","is_ascension_mode":true,"campfire_choices":[{"floor":8,"key":"REST"},{"data":"Creative AI","floor":11,"key":"SMITH"},{"data":"White Noise","floor":15,"key":"SMITH"},{"data":"Self Repair","floor":28,"key":"SMITH"},{"data":"Bandage Up","floor":32,"key":"SMITH"},{"data":"1","floor":40,"key":"LIFT"},{"floor":44,"key":"REST"},{"data":"Ghostly","floor":49,"key":"SMITH"}],"neow_cost":"NONE","seed_source_timestamp":89595249320272,"circlet_count":0,"master_deck":["Zap","Dualcast","Creative AI+1","Static Discharge","Bandage Up+1","Cold Snap","White Noise+1","Ball Lightning","Ball Lightning","Cold Snap","Self Repair+1","Thunder Strike","Turbo","Coolheaded","Ghostly+1","Ghostly","Ghostly","Ghostly","Ghostly","Defragment","Hello World","Leap","Steam+1","Gash","Streamline","Compile Driver","Leap","Sweeping Beam","Steam","Stack+1","Leap","Sunder","The Bomb","Self Repair","Ball Lightning","Steam","Violence","Steam+1","Gash+1","Biased Cognition"],"relics":["Cracked Core","Bag of Preparation","Pen Nib","Ginger","Mummified Hand","Boot","Busted Crown","MawBank","Cables","Pandora\u0027s Box","Girya","Dodecahedron","Letter Opener","Meat on the Bone","Prayer Wheel"],"potions_floor_usage":[6,19,23,25,33,33,41,45,47,50,50,50],"damage_taken":[{"damage":4,"enemies":"Small Slimes","floor":1,"turns":4},{"damage":18,"enemies":"Gremlin Nob","floor":6,"turns":5},{"damage":4,"enemies":"Jaw Worm","floor":10,"turns":4},{"damage":5,"enemies":"2 Louse","floor":12,"turns":3},{"damage":6,"enemies":"Lagavulin","floor":13,"turns":4},{"damage":0,"enemies":"2 Fungi Beasts","floor":14,"turns":2},{"damage":3,"enemies":"Slime Boss","floor":16,"turns":7},{"damage":16,"enemies":"Shell Parasite","floor":18,"turns":5},{"damage":12,"enemies":"3 Byrds","floor":19,"turns":2},{"damage":0,"enemies":"Snake Plant","floor":22,"turns":4},{"damage":15,"enemies":"Slavers","floor":23,"turns":5},{"damage":9,"enemies":"Centurion and Healer","floor":24,"turns":5},{"damage":27,"enemies":"3 Cultists","floor":25,"turns":5},{"damage":0,"enemies":"Snecko","floor":27,"turns":5},{"damage":10,"enemies":"Chosen and Byrds","floor":29,"turns":6},{"damage":9,"enemies":"Centurion and Healer","floor":30,"turns":6},{"damage":0,"enemies":"Snake Plant","floor":31,"turns":4},{"damage":9,"enemies":"Champ","floor":33,"turns":11},{"damage":2,"enemies":"3 Darklings","floor":35,"turns":5},{"damage":5,"enemies":"Mind Bloom Boss Battle","floor":36,"turns":9},{"damage":1,"enemies":"3 Shapes","floor":38,"turns":5},{"damage":0,"enemies":"Flame Bruiser 2 Orb","floor":41,"turns":5},{"damage":28,"enemies":"Sphere and 2 Shapes","floor":42,"turns":4},{"damage":1,"enemies":"Transient","floor":45,"turns":5},{"damage":12,"enemies":"Giant Head","floor":46,"turns":7},{"damage":7,"enemies":"Mysterious Sphere","floor":47,"turns":3},{"damage":1,"enemies":"Flame Bruiser 2 Orb","floor":48,"turns":4},{"damage":35,"enemies":"Awakened One","floor":50,"turns":9}],"seed_played":"6492343591793967861","potions_obtained":[{"floor":1,"key":"FocusPotion"},{"floor":6,"key":"FocusPotion"},{"floor":16,"key":"FairyPotion"},{"floor":19,"key":"Fruit Juice"},{"floor":23,"key":"PowerPotion"},{"floor":29,"key":"SpeedPotion"},{"floor":30,"key":"SteroidPotion"},{"floor":31,"key":"AttackPotion"},{"floor":35,"key":"Weak Potion"},{"floor":36,"key":"SkillPotion"},{"floor":42,"key":"SteroidPotion"},{"floor":46,"key":"Poison Potion"},{"floor":47,"key":"Weak Potion"}],"is_trial":false,"path_per_floor":["M","?","?","T","$","E","?","R","T","M","R","M","E","M","R","B",null,"M","M","?","?","M","E","M","M","T","M","R","M","M","M","R","B",null,"M","?","$","M","?","R","M","M","T","R","M","E","?","M","R","B"],"character_chosen":"DEFECT","items_purchased":["Bandage Up","Cold Snap","Dodecahedron","Sunder","The Bomb","Self Repair","Ball Lightning","Steam"],"campfire_rested":2,"item_purchase_floors":[5,5,37,37,37,37,37,37],"current_hp_per_floor":[71,68,61,61,61,47,47,69,69,75,75,70,68,72,72,75,75,70,74,40,40,40,32,27,22,22,33,33,37,40,40,40,40,40,40,40,40,40,40,40,40,12,12,24,29,40,40,40,40,40],"gold":362,"neow_bonus":"ONE_RANDOM_RARE_CARD","is_prod":false,"is_daily":false,"chose_seed":false,"campfire_upgraded":5,"win_rate":0,"timestamp":1535685662,"path_taken":["M","?","?","?","$","E","?","R","T","?","R","M","E","M","R","BOSS","M","M","?","?","?","E","M","?","T","M","R","?","M","M","R","BOSS","M","?","$","?","?","R","M","M","T","R","?","E","?","M","R","BOSS"],"build_version":"2018-08-23v2","purchased_purges":0,"victory":true,"max_hp_per_floor":[75,75,75,75,75,75,75,75,75,75,75,75,75,75,75,75,75,75,80,40,40,40,40,40,40,40,40,40,40,40,40,40,40,40,40,40,40,40,40,40,40,40,40,40,40,40,40,40,40,40],"card_choices":[{"not_picked":["Recycle","Steam"],"picked":"Static Discharge","floor":1},{"not_picked":["Compile Driver","Gash"],"picked":"White Noise","floor":6},{"not_picked":["Go for the Eyes","Hologram"],"picked":"Ball Lightning","floor":10},{"not_picked":["Coolheaded","Go for the Eyes"],"picked":"Ball Lightning","floor":12},{"not_picked":["Go for the Eyes","Biased Cognition"],"picked":"Cold Snap","floor":13},{"not_picked":["Genetic Algorithm","Coolheaded"],"picked":"Self Repair","floor":14},{"not_picked":["Hyperbeam","Multi-Cast"],"picked":"Thunder Strike","floor":16},{"not_picked":[],"picked":"Turbo","floor":18},{"not_picked":[],"picked":"Coolheaded","floor":19},{"not_picked":["Compile Driver"],"picked":"SKIP","floor":22},{"not_picked":["Turbo+1"],"picked":"SKIP","floor":23},{"not_picked":[],"picked":"Defragment","floor":24},{"not_picked":["Hologram"],"picked":"SKIP","floor":25},{"not_picked":[],"picked":"Hello World","floor":27},{"not_picked":[],"picked":"Leap","floor":29},{"not_picked":[],"picked":"Steam+1","floor":30},{"not_picked":[],"picked":"Gash","floor":31},{"not_picked":[],"picked":"Stack+1","floor":35},{"not_picked":[],"picked":"Leap","floor":36},{"not_picked":["Steam Power"],"picked":"SKIP","floor":38},{"not_picked":[],"picked":"Violence","floor":39},{"not_picked":[],"picked":"Steam+1","floor":41},{"not_picked":["Steam"],"picked":"SKIP","floor":42},{"not_picked":["Steam"],"picked":"SKIP","floor":45},{"not_picked":[],"picked":"Gash+1","floor":46},{"not_picked":[],"picked":"Biased Cognition","floor":48},{"not_picked":["Consume+1"],"picked":"SKIP","floor":48}],"player_experience":450131,"relics_obtained":[{"floor":4,"key":"Pen Nib"},{"floor":6,"key":"Ginger"},{"floor":9,"key":"Mummified Hand"},{"floor":13,"key":"Boot"},{"floor":23,"key":"MawBank"},{"floor":26,"key":"Cables"},{"floor":36,"key":"Girya"},{"floor":43,"key":"Letter Opener"},{"floor":46,"key":"Meat on the Bone"},{"floor":47,"key":"Prayer Wheel"}],"event_choices":[{"event_name":"Scrap Ooze","player_choice":"success","floor":2,"damage_taken":3},{"event_name":"Golden Wing","player_choice":"Card Removal","floor":3,"damage_taken":0},{"event_name":"Bonfire Elementals","player_choice":"BASIC","floor":7,"damage_taken":0},{"event_name":"Ghosts","player_choice":"Became a Ghost","floor":20,"damage_taken":0},{"event_name":"Purifier","player_choice":"One Purge","floor":21,"damage_taken":0},{"event_name":"MindBloom","player_choice":"Fight","floor":36,"damage_taken":0},{"event_name":"SensoryStone","player_choice":"Memory 1","floor":39,"damage_taken":0},{"event_name":"Mysterious Sphere","player_choice":"Fight","floor":47,"damage_taken":0}],"is_beta":false,"boss_relics":[{"not_picked":["Snecko Eye","Calling Bell"],"picked":"Busted Crown"},{"not_picked":["Velvet Choker","Fusion Hammer"],"picked":"Pandora\u0027s Box"}],"items_purged_floors":[],"is_endless":false,"potions_floor_spawned":[1,6,16,19,23,29,30,31,35,36,42,46,47],"ascension_level":2}