{"gold_per_floor":[113,128,138,157,177,207,48,63,86,98,98,116,116,142,142,240,240,250,265,265,277,295,329,329,130,202,70,128,144,157,167,167,262,262,273,289,289,306,323,323],"floor_reached":40,"playtime":8351,"items_purged":["Strike_B"],"score":448,"play_id":"686d5504-afb6-454c-b0ab-e6ed4d38ea62","local_time":"20190218123016","is_ascension_mode":false,"campfire_choices":[{"floor":13,"key":"REST"},{"floor":15,"key":"REST"},{"floor":32,"key":"REST"}],"neow_cost":"NONE","seed_source_timestamp":381860957224830,"circlet_count":0,"master_deck":["Strike_B","Strike_B","Strike_B","Defend_B","Defend_B","Defend_B","Defend_B","Zap","Dualcast","Genetic Algorithm","Redo","Sweeping Beam","Conserve Battery","Sweeping Beam","Core Surge","Bandage Up","Sweeping Beam","Defragment","Echo Form","Steam","Electrodynamics","Gash","Gash","Finesse","Backstab","Gash","Berserk","Prepared+1","Conserve Battery"],"relics":["Cracked Core","Oddly Smooth Stone","Anchor","Runic Pyramid","Boot","PrismaticShard","Pear","Tiny Chest","Philosopher\u0027s Stone","Bottled Tornado"],"potions_floor_usage":[6,16,23,35,38,40,40],"damage_taken":[{"damage":5,"enemies":"2 Louse","floor":1,"turns":3},{"damage":0,"enemies":"Cultist","floor":2,"turns":4},{"damage":1,"enemies":"Small Slimes","floor":3,"turns":3},{"damage":17,"enemies":"Exordium Thugs","floor":4,"turns":4},{"damage":10,"enemies":"Lots of Slimes","floor":5,"turns":2},{"damage":36,"enemies":"Gremlin Nob","floor":6,"turns":5},{"damage":0,"enemies":"2 Fungi Beasts","floor":8,"turns":2},{"damage":5,"enemies":"Red Slaver","floor":10,"turns":2},{"damage":2,"enemies":"Lots of Slimes","floor":12,"turns":3},{"damage":13,"enemies":"3 Sentries","floor":14,"turns":6},{"damage":45,"enemies":"The Guardian","floor":16,"turns":12},{"damage":10,"enemies":"3 Byrds","floor":18,"turns":4},{"damage":4,"enemies":"Shell Parasite","floor":19,"turns":8},{"damage":17,"enemies":"Snake Plant","floor":21,"turns":6},{"damage":12,"enemies":"Sentry and Sphere","floor":22,"turns":7},{"damage":22,"enemies":"Slavers","floor":23,"turns":3},{"damage":5,"enemies":"Gremlin Leader","floor":28,"turns":6},{"damage":0,"enemies":"Chosen and Byrds","floor":29,"turns":5},{"damage":0,"enemies":"Centurion and Healer","floor":30,"turns":7},{"damage":41,"enemies":"Snecko","floor":31,"turns":6},{"damage":40,"enemies":"Champ","floor":33,"turns":12},{"damage":22,"enemies":"Orb Walker","floor":35,"turns":3},{"damage":0,"enemies":"3 Darklings","floor":36,"turns":3},{"damage":34,"enemies":"Spire Growth","floor":38,"turns":5},{"damage":1,"enemies":"4 Shapes","floor":39,"turns":4},{"damage":97,"enemies":"Giant Head","floor":40,"turns":9}],"seed_played":"-413409062233822950","potions_obtained":[{"floor":3,"key":"Dexterity Potion"},{"floor":4,"key":"Fire Potion"},{"floor":6,"key":"GamblersBrew"},{"floor":21,"key":"SteroidPotion"},{"floor":22,"key":"SneckoOil"},{"floor":29,"key":"FocusPotion"},{"floor":31,"key":"Fire Potion"},{"floor":36,"key":"Strength Potion"}],"is_trial":false,"path_per_floor":["?","M","?","M","?","$","M","T"],"character_chosen":"DEFECT","items_purchased":["Bandage Up","PrismaticShard","Gash","Finesse"],"campfire_rested":3,"item_purchase_floors":[7,25,27,27],"current_hp_per_floor":[70,70,69,52,42,6,6,10,10,5,5,7,29,20,42,1,75,69,73,73,64,56,34,34,34,44,44,47,51,59,26,51,15,85,67,75,75,49,48,0],"gold":323,"neow_bonus":"THREE_CARDS","is_prod":false,"is_daily":false,"chose_seed":false,"campfire_upgraded":0,"win_rate":0,"timestamp":1550511016,"path_taken":["M","M","M","M","M","E","$","M","T","M","?","M","R","E","R","BOSS","M","?","?","?","M","E","?","?","T","$","E","M","M","M","R","BOSS","M","?","?","M","M","E"],"build_version":"2019-01-23","purchased_purges":1,"victory":false,"max_hp_per_floor":[75,75,75,75,75,75,75,75,75,75,75,75,75,75,75,75,75,75,75,75,75,75,75,75,75,85,85,85,85,85,85,85,85,85,85,85,85,85,85,85],"card_choices":[{"not_picked":["Chill","Darkness"],"picked":"Genetic Algorithm","floor":0},{"not_picked":["Cold Snap","Recycle"],"picked":"Redo","floor":1},{"not_picked":["Darkness","Barrage"],"picked":"Sweeping Beam","floor":2},{"not_picked":["Ball Lightning","Reboot"],"picked":"Conserve Battery","floor":3},{"not_picked":["Streamline","Recycle"],"picked":"Sweeping Beam","floor":4},{"not_picked":["Go for the Eyes","Streamline","Biased Cognition"],"picked":"SKIP","floor":5},{"not_picked":["Hologram","Turbo"],"picked":"Core Surge","floor":6},{"not_picked":["Turbo","Darkness","Leap"],"picked":"SKIP","floor":8},{"not_picked":["Aggregate","Hologram","Consume"],"picked":"SKIP","floor":10},{"not_picked":["Cold Snap","Streamline"],"picked":"Sweeping Beam","floor":12},{"not_picked":["Stack","Compile Driver"],"picked":"Defragment","floor":14},{"not_picked":["Fission","Buffer"],"picked":"Echo Form","floor":16},{"not_picked":["Aggregate","Scrape","Ball Lightning"],"picked":"SKIP","floor":18},{"not_picked":["Force Field","Reprogram"],"picked":"Steam","floor":19},{"not_picked":["Steam Power","Redo","Reinforced Body"],"picked":"SKIP","floor":21},{"not_picked":["Barrage","Hologram","Coolheaded"],"picked":"SKIP","floor":22},{"not_picked":["Stack","Tempest","Skim+1"],"picked":"SKIP","floor":23},{"not_picked":["Cleave","Echo Form","Bane+1"],"picked":"SKIP","floor":28},{"not_picked":["Twin Strike+1","Prepared"],"picked":"Backstab","floor":29},{"not_picked":["Forethought","Prepared"],"picked":"Gash","floor":30},{"not_picked":["Havoc","Searing Blow+1","Sweeping Beam"],"picked":"SKIP","floor":31},{"not_picked":["Burst","Immolate"],"picked":"Berserk","floor":33},{"not_picked":["Dagger Throw","Sentinel"],"picked":"Prepared+1","floor":35},{"not_picked":["Barrage+1","Slice+1","Go for the Eyes+1"],"picked":"SKIP","floor":36},{"not_picked":["Go for the Eyes","Second Wind","Deflect+1"],"picked":"SKIP","floor":38},{"not_picked":["Mind Blast","Flechettes"],"picked":"Conserve Battery","floor":39}],"player_experience":494152,"relics_obtained":[{"floor":6,"key":"Oddly Smooth Stone"},{"floor":14,"key":"Anchor"},{"floor":23,"key":"Boot"},{"floor":26,"key":"Pear"},{"floor":28,"key":"Tiny Chest"},{"floor":37,"key":"Bottled Tornado"}],"event_choices":[{"damage_healed":0,"gold_gain":0,"player_choice":"Ignored","damage_taken":0,"max_hp_gain":0,"max_hp_loss":0,"event_name":"NoteForYourself","floor":11,"gold_loss":0},{"damage_healed":0,"gold_gain":0,"player_choice":"2 cards matched","damage_taken":0,"max_hp_gain":0,"max_hp_loss":0,"event_name":"Match and Keep!","floor":20,"gold_loss":0,"cards_obtained":["Electrodynamics","Gash"]},{"damage_healed":0,"gold_gain":0,"player_choice":"Bought 0 Potions","damage_taken":0,"max_hp_gain":0,"max_hp_loss":0,"event_name":"The Woman in Blue","floor":24,"gold_loss":0}],"is_beta":false,"boss_relics":[{"not_picked":["Velvet Choker","Orrery"],"picked":"Runic Pyramid"},{"not_picked":["Pandora\u0027s Box","FrozenCore"],"picked":"Philosopher\u0027s Stone"}],"items_purged_floors":[7],"is_endless":false,"potions_floor_spawned":[3,4,6,21,22,29,31,36],"killed_by":"Giant Head","ascension_level":0}