{"gold_per_floor":[114,64,64,77,94,125,125,145,145,170,188,188,22,97,97,195,195,215,127,127,141,141,169,169,169,169,71,85,23,38,38,38,38],"floor_reached":33,"playtime":1360,"items_purged":[],"score":353,"play_id":"ab8b0d06-e3f3-4fc9-a0b4-dcf69c4e0bbe","local_time":"20180930095826","is_ascension_mode":true,"campfire_choices":[{"data":"Armaments","floor":7,"key":"SMITH"},{"data":"Metallicize","floor":12,"key":"SMITH"},{"data":"Rage","floor":15,"key":"SMITH"},{"floor":24,"key":"REST"},{"floor":25,"key":"REST"},{"floor":32,"key":"REST"}],"neow_cost":"NONE","seed_source_timestamp":1440243752430337,"circlet_count":0,"master_deck":["Strike_R","Strike_R","Defend_R","Defend_R","Defend_R","Defend_R","Bash","Armaments+1","Battle Trance","Anger","Iron Wave","Anger","Anger","Metallicize+1","Rage+1","Bandage Up","Limit Break","Pommel Strike","Warcry","Havoc","True Grit","Battle Trance","Flex","Panacea","Warcry+1","Shrug It Off","Anger","True Grit+1"],"relics":["Burning Blood","Potion Belt","Blue Candle","Mercury Hourglass","PreservedInsect","Orrery","WingedGreaves","Singing Bowl","Ornamental Fan"],"potions_floor_usage":[6,10,18,21,28,30,30,33,33],"damage_taken":[{"damage":2,"enemies":"2 Louse","floor":1,"turns":5},{"damage":9,"enemies":"Jaw Worm","floor":4,"turns":5},{"damage":5,"enemies":"Small Slimes","floor":5,"turns":4},{"damage":15,"enemies":"Gremlin Nob","floor":6,"turns":4},{"damage":12,"enemies":"3 Louse","floor":8,"turns":3},{"damage":10,"enemies":"3 Sentries","floor":10,"turns":6},{"damage":3,"enemies":"Exordium Thugs","floor":11,"turns":3},{"damage":24,"enemies":"Slime Boss","floor":16,"turns":7},{"damage":29,"enemies":"Chosen","floor":18,"turns":7},{"damage":14,"enemies":"3 Byrds","floor":21,"turns":4},{"damage":71,"enemies":"Gremlin Leader","floor":23,"turns":7},{"damage":14,"enemies":"Snecko","floor":28,"turns":5},{"damage":36,"enemies":"3 Cultists","floor":30,"turns":6},{"damage":84,"enemies":"Automaton","floor":33,"turns":8}],"seed_played":"7056384712965414835","potions_obtained":[{"floor":4,"key":"GamblersBrew"},{"floor":8,"key":"Regen Potion"},{"floor":16,"key":"GamblersBrew"},{"floor":18,"key":"Explosive Potion"},{"floor":23,"key":"EntropicBrew"},{"floor":30,"key":"Fruit Juice"}],"is_trial":false,"path_per_floor":["M","?","?","M","M","E","R","M","T","E","M","R","$","?","R","B",null,"M","$","?","M","?","E","R","R","T","$","M","?","M","?","R"],"character_chosen":"IRONCLAD","items_purchased":["Rage","Bandage Up","Panacea","Shrug It Off","Anger"],"campfire_rested":3,"item_purchase_floors":[13,13,19,27,27],"current_hp_per_floor":[80,80,80,77,78,69,69,63,63,74,77,77,77,66,66,54,80,57,57,80,72,72,13,37,61,61,61,59,59,38,38,64,0],"gold":38,"neow_bonus":"RANDOM_COMMON_RELIC","is_prod":false,"is_daily":false,"chose_seed":false,"campfire_upgraded":3,"win_rate":0,"timestamp":1538323106,"path_taken":["M","?","?","M","M","E","R","M","T","E","?","R","?","?","R","BOSS","M","$","?","M","?","E","R","R","T","?","M","?","?","?","R","BOSS"],"build_version":"2018-09-27","purchased_purges":0,"victory":false,"max_hp_per_floor":[80,80,80,80,80,80,80,80,80,80,80,80,80,80,80,80,80,80,80,80,80,80,80,80,80,80,80,82,82,87,87,87,87],"card_choices":[{"not_picked":["Cleave","Heavy Blade"],"picked":"Armaments","floor":1},{"not_picked":["Headbutt","Havoc"],"picked":"Anger","floor":4},{"not_picked":["Exhume","Body Slam"],"picked":"Iron Wave","floor":5},{"not_picked":["Entrench","Blood for Blood"],"picked":"Anger","floor":6},{"not_picked":["Reckless Charge","Pommel Strike"],"picked":"Anger","floor":8},{"not_picked":["Havoc","Twin Strike"],"picked":"Metallicize","floor":10},{"not_picked":["Cleave","Corruption","Headbutt"],"picked":"SKIP","floor":11},{"not_picked":["Immolate","Fiend Fire"],"picked":"Limit Break","floor":16},{"not_picked":["Sword Boomerang","Headbutt"],"picked":"Pommel Strike","floor":17},{"not_picked":["Reckless Charge","Berserk"],"picked":"Warcry","floor":17},{"not_picked":["Rampage","True Grit"],"picked":"Havoc","floor":17},{"not_picked":["Rampage","Heavy Blade"],"picked":"True Grit","floor":17},{"not_picked":["Body Slam","Iron Wave"],"picked":"Battle Trance","floor":17},{"not_picked":["Searing Blow+1","Bloodletting"],"picked":"Flex","floor":18},{"not_picked":["Perfected Strike+1","Clash"],"picked":"Warcry+1","floor":21},{"not_picked":["Corruption","Havoc","Thunderclap"],"picked":"SKIP","floor":23},{"not_picked":["Flex","Carnage","Headbutt"],"picked":"Singing Bowl","floor":28},{"not_picked":["Cleave","Thunderclap"],"picked":"True Grit+1","floor":30}],"player_experience":646381,"relics_obtained":[{"floor":6,"key":"Blue Candle"},{"floor":9,"key":"Mercury Hourglass"},{"floor":10,"key":"PreservedInsect"},{"floor":23,"key":"WingedGreaves"},{"floor":26,"key":"Singing Bowl"}],"event_choices":[{"event_name":"The Cleric","player_choice":"Card Removal","floor":2,"damage_taken":0},{"event_name":"Living Wall","player_choice":"Change","floor":3,"damage_taken":0},{"event_name":"World of Goop","player_choice":"Gather Gold","floor":14,"damage_taken":0},{"event_name":"The Library","player_choice":"Heal","floor":20,"damage_taken":0},{"event_name":"Wheel of Change","player_choice":"Card Removal","floor":22,"damage_taken":0},{"event_name":"WeMeetAgain","player_choice":"Gold","floor":29,"damage_taken":0},{"event_name":"Ghosts","player_choice":"Ignored","floor":31,"damage_taken":0}],"is_beta":false,"boss_relics":[{"not_picked":["Sozu","Lizard Tail"],"picked":"Orrery"}],"items_purged_floors":[],"is_endless":false,"potions_floor_spawned":[4,8,16,18,23,30],"killed_by":"Automaton","ascension_level":4}