{"gold_per_floor":[116,116,132,183,203,203,62,62,113,144,144,155,183,202,202,202],"floor_reached":16,"playtime":1225,"items_purged":[],"score":127,"play_id":"c6d8bdd8-7659-4e41-bf4d-8d8b1c96ddee","local_time":"20190203130517","is_ascension_mode":true,"campfire_choices":[{"data":"Burning Pact","floor":6,"key":"SMITH"},{"data":"Feed","floor":8,"key":"SMITH"},{"floor":15,"key":"REST"}],"neow_cost":"NONE","seed_source_timestamp":482990332156084,"circlet_count":0,"master_deck":["Strike_R","Strike_R","Strike_R","Strike_R+1","Strike_R","Defend_R","Defend_R","Defend_R+1","Defend_R","Burning Pact+1","Feed+1"],"relics":["Burning Blood","Omamori","Orichalcum","Potion Belt","Gremlin Horn"],"potions_floor_usage":[13,16,16],"damage_taken":[{"damage":10,"enemies":"Cultist","floor":1,"turns":5},{"damage":2,"enemies":"2 Louse","floor":3,"turns":4},{"damage":19,"enemies":"Jaw Worm","floor":5,"turns":5},{"damage":34,"enemies":"3 Sentries","floor":10,"turns":9},{"damage":0,"enemies":"Exordium Wildlife","floor":12,"turns":2},{"damage":22,"enemies":"Gremlin Nob","floor":13,"turns":5},{"damage":15,"enemies":"Large Slime","floor":14,"turns":6},{"damage":45,"enemies":"The Guardian","floor":16,"turns":10}],"seed_played":"-6013777974080513465","potions_obtained":[{"floor":5,"key":"AttackPotion"},{"floor":10,"key":"Energy Potion"},{"floor":12,"key":"SpeedPotion"},{"floor":13,"key":"SmokeBomb"}],"is_trial":false,"path_per_floor":["?","M","T","M","?"],"character_chosen":"IRONCLAD","items_purchased":["Feed"],"campfire_rested":1,"item_purchase_floors":[7],"current_hp_per_floor":[76,76,80,80,67,67,67,67,67,43,26,36,20,15,42,0],"gold":202,"neow_bonus":"REMOVE_CARD","is_prod":false,"is_daily":false,"chose_seed":false,"campfire_upgraded":2,"win_rate":0,"timestamp":1549217117,"path_taken":["M","?","?","?","?","R","$","R","T","E","?","M","E","M","R","BOSS"],"build_version":"2019-01-23","purchased_purges":0,"victory":false,"max_hp_per_floor":[80,80,80,80,80,80,80,80,80,84,84,88,88,92,92,92],"card_choices":[{"not_picked":["Cleave","Body Slam","Twin Strike"],"picked":"SKIP","floor":1},{"not_picked":["Ghostly Armor","Spot Weakness","Thunderclap"],"picked":"SKIP","floor":3},{"not_picked":["Infernal Blade","Rampage"],"picked":"Burning Pact","floor":5},{"not_picked":["Shrug It Off","Second Wind","Rage"],"picked":"SKIP","floor":10},{"not_picked":["Corruption","Hemokinesis","Iron Wave"],"picked":"SKIP","floor":12},{"not_picked":["Havoc","Twin Strike","Hemokinesis"],"picked":"SKIP","floor":13},{"not_picked":["Sword Boomerang","Iron Wave","Evolve"],"picked":"SKIP","floor":14}],"player_experience":205614,"relics_obtained":[{"floor":4,"key":"Omamori"},{"floor":9,"key":"Orichalcum"},{"floor":10,"key":"Potion Belt"},{"floor":13,"key":"Gremlin Horn"}],"event_choices":[{"damage_healed":0,"gold_gain":0,"player_choice":"Bought 0 Potions","damage_taken":0,"max_hp_gain":0,"max_hp_loss":0,"event_name":"The Woman in Blue","floor":2,"gold_loss":0},{"damage_healed":0,"gold_gain":0,"player_choice":"Entered Light","damage_taken":17,"max_hp_gain":0,"max_hp_loss":0,"event_name":"Shining Light","floor":11,"gold_loss":0,"cards_upgraded":["Strike_R","Defend_R"]}],"is_beta":false,"boss_relics":[],"items_purged_floors":[],"is_endless":false,"potions_floor_spawned":[5,10,12,13],"killed_by":"The Guardian","ascension_level":3}