{"gold_per_floor":[20,20,20,20,32,32,44,8,8,37,0,0,30,42,42,42],"floor_reached":16,"playtime":302,"items_purged":[],"score":127,"play_id":"bbcd6b02-5448-47fc-9553-0f96349a8ad7","local_time":"20181115205847","is_ascension_mode":true,"campfire_choices":[{"data":"Gash","floor":6,"key":"SMITH"},{"floor":15,"key":"REST"}],"neow_cost":"NO_GOLD","seed_source_timestamp":43923453846134,"circlet_count":0,"master_deck":["Strike_B","Strike_B","Strike_B+1","Strike_B","Defend_B","Defend_B","Defend_B","Defend_B","Zap+1","Dualcast","Fusion","Gash+1","Conserve Battery","Double Energy","Hyperbeam","Go for the Eyes"],"relics":["Cracked Core","Matryoshka","Bird Faced Urn","Tiny Chest"],"potions_floor_usage":[14,14],"damage_taken":[{"damage":1,"enemies":"Cultist","floor":1,"turns":3},{"damage":0,"enemies":"2 Louse","floor":5,"turns":1},{"damage":2,"enemies":"Jaw Worm","floor":7,"turns":3},{"damage":46,"enemies":"Gremlin Nob","floor":10,"turns":5},{"damage":0,"enemies":"2 Fungi Beasts","floor":14,"turns":3},{"damage":31,"enemies":"The Guardian","floor":16,"turns":10}],"seed_played":"461717428895338411","potions_obtained":[{"floor":1,"key":"SpeedPotion"},{"floor":10,"key":"SpeedPotion"}],"is_trial":false,"path_per_floor":["M","$","?","$","M","R","M","$","T","E","?","$","?","M","R","B"],"character_chosen":"DEFECT","items_purchased":["Double Energy"],"campfire_rested":1,"item_purchase_floors":[8],"current_hp_per_floor":[81,81,63,63,63,63,61,61,61,15,15,15,3,3,29,0],"gold":42,"neow_bonus":"TWENTY_PERCENT_HP_BONUS","is_prod":false,"is_daily":false,"chose_seed":false,"campfire_upgraded":1,"win_rate":0,"timestamp":1542333527,"path_taken":["M","?","?","$","M","R","M","$","T","E","?","?","?","M","R","BOSS"],"build_version":"2018-11-15","purchased_purges":0,"victory":false,"max_hp_per_floor":[89,89,89,89,89,89,89,89,89,89,89,89,89,89,89,89],"card_choices":[{"not_picked":["Doom and Gloom","Rebound"],"picked":"Fusion","floor":1},{"not_picked":["Hologram","Turbo"],"picked":"Gash","floor":5},{"not_picked":["Rip and Tear","Steam Power"],"picked":"Conserve Battery","floor":7},{"not_picked":["Steam Power","Conserve Battery"],"picked":"Hyperbeam","floor":10},{"not_picked":["BootSequence","Undo"],"picked":"Go for the Eyes","floor":14}],"player_experience":458177,"relics_obtained":[{"floor":9,"key":"Matryoshka"},{"floor":10,"key":"Bird Faced Urn"}],"event_choices":[{"damage_healed":0,"gold_gain":0,"player_choice":"Entered Light","damage_taken":18,"max_hp_gain":0,"max_hp_loss":0,"event_name":"Shining Light","floor":3,"gold_loss":0,"cards_upgraded":["Strike_B","Zap"]},{"damage_healed":0,"gold_gain":0,"player_choice":"Left Gold","damage_taken":0,"max_hp_gain":0,"max_hp_loss":0,"event_name":"World of Goop","floor":11,"gold_loss":37},{"damage_healed":0,"gold_gain":0,"player_choice":"Success","damage_taken":12,"relics_obtained":["Tiny Chest"],"max_hp_gain":0,"max_hp_loss":0,"event_name":"Scrap Ooze","floor":13,"gold_loss":0}],"is_beta":true,"boss_relics":[],"items_purged_floors":[],"is_endless":false,"potions_floor_spawned":[1,10],"killed_by":"The Guardian","ascension_level":6}