{"gold_per_floor":[110,123,134,152,152,179,179,179,179,179,207,225,257,269,269,367,367,379,654,667,446,458,458,490,490,516,516,548,580,596,596],"floor_reached":31,"playtime":1325,"items_purged":["Regret"],"score":325,"play_id":"44c38d1e-3d84-4044-8563-facd22fa1d3e","local_time":"20180827205446","is_ascension_mode":true,"campfire_choices":[{"data":"Infinite Blades","floor":7,"key":"SMITH"},{"data":"Cloak And Dagger","floor":10,"key":"SMITH"},{"floor":15,"key":"REST"},{"floor":23,"key":"REST"},{"floor":25,"key":"REST"},{"data":"Catalyst","floor":27,"key":"SMITH"}],"neow_cost":"NONE","seed_source_timestamp":933760668248910,"circlet_count":0,"master_deck":["Defend_G","Defend_G","Defend_G","Defend_G","Strike_G","Strike_G+1","Survivor","Neutralize+1","Infinite Blades+1","Deadly Poison","Poisoned Stab","Adrenaline","Cloak And Dagger+1","Deflect","Cloak And Dagger","Terror","Sucker Punch","Glass Knife","Blade Dance+1","Blur+1","Dagger Throw+1","Catalyst+1","Bouncing Flask","Footwork","Deflect","Dagger Spray","Deadly Poison","Cloak And Dagger+1","Glass Knife","Dash","Bane"],"relics":["Ring of the Snake","Shuriken","Blue Candle","Bottled Flame","Mercury Hourglass","Astrolabe","Art of War","Whetstone","Snake Skull","Red Mask"],"potions_floor_usage":[18,18,24,24,24],"damage_taken":[{"damage":4,"enemies":"Cultist","floor":1,"turns":5},{"damage":11,"enemies":"Jaw Worm","floor":2,"turns":5},{"damage":2,"enemies":"2 Louse","floor":3,"turns":4},{"damage":4,"enemies":"Blue Slaver","floor":4,"turns":4},{"damage":21,"enemies":"3 Sentries","floor":6,"turns":9},{"damage":8,"enemies":"Lagavulin","floor":11,"turns":5},{"damage":0,"enemies":"3 Louse","floor":12,"turns":3},{"damage":6,"enemies":"Gremlin Nob","floor":13,"turns":3},{"damage":4,"enemies":"Red Slaver","floor":14,"turns":3},{"damage":5,"enemies":"Hexaghost","floor":16,"turns":7},{"damage":3,"enemies":"2 Thieves","floor":18,"turns":3},{"damage":17,"enemies":"Spheric Guardian","floor":20,"turns":4},{"damage":29,"enemies":"Centurion and Healer","floor":22,"turns":5},{"damage":7,"enemies":"Book of Stabbing","floor":24,"turns":4},{"damage":19,"enemies":"Gremlin Leader","floor":28,"turns":5},{"damage":29,"enemies":"Masked Bandits","floor":29,"turns":4},{"damage":19,"enemies":"Snake Plant","floor":30,"turns":3},{"damage":12,"enemies":"Sentry and Sphere","floor":31,"turns":3}],"seed_played":"1954570260767354016","potions_obtained":[{"floor":2,"key":"Energy Potion"},{"floor":6,"key":"Block Potion"},{"floor":12,"key":"GhostInAJar"},{"floor":13,"key":"Block Potion"},{"floor":18,"key":"PowerPotion"},{"floor":22,"key":"Poison Potion"},{"floor":24,"key":"FearPotion"}],"is_trial":false,"path_per_floor":["M","M","M","M","?","E","R","?","T","R","E","M","E","M","R","B",null,"M","?","M","$","M","R","E","R","T","R","E","?","M"],"character_chosen":"THE_SILENT","items_purchased":["Footwork","Deflect","Dagger Spray"],"campfire_rested":3,"item_purchase_floors":[21,21,21],"current_hp_per_floor":[66,55,53,49,80,59,59,52,52,52,44,44,38,34,58,53,80,77,77,60,60,31,55,48,72,72,72,53,24,5,0],"gold":596,"neow_bonus":"ONE_RANDOM_RARE_CARD","is_prod":false,"is_daily":false,"chose_seed":false,"campfire_upgraded":3,"win_rate":0,"timestamp":1535424886,"path_taken":["M","?","M","M","?","E","R","?","T","R","E","M","E","M","R","BOSS","M","?","M","$","M","R","E","R","T","R","E","?","M","M"],"build_version":"2018-08-23v2","purchased_purges":1,"victory":false,"max_hp_per_floor":[70,70,70,70,80,80,80,80,80,80,80,80,80,80,80,80,80,80,80,80,80,80,80,80,80,80,80,80,80,80,80],"card_choices":[{"not_picked":["Bane","Expertise"],"picked":"Infinite Blades","floor":1},{"not_picked":["Prepared","Outmaneuver"],"picked":"Deadly Poison","floor":2},{"not_picked":["Tactician","Slice"],"picked":"Poisoned Stab","floor":3},{"not_picked":["Quick Slash","Dagger Throw"],"picked":"Adrenaline","floor":4},{"not_picked":["Prepared","Choke"],"picked":"Cloak And Dagger","floor":6},{"not_picked":["Deflect","Dagger Throw","Acrobatics"],"picked":"SKIP","floor":11},{"not_picked":["Dagger Throw","Acrobatics"],"picked":"Deflect","floor":11},{"not_picked":["Deflect","Quick Slash"],"picked":"Cloak And Dagger","floor":12},{"not_picked":["Backflip","Quick Slash"],"picked":"Terror","floor":13},{"not_picked":["Underhanded Strike","Dagger Throw"],"picked":"Sucker Punch","floor":14},{"not_picked":["Adrenaline","Bullet Time"],"picked":"Glass Knife","floor":16},{"not_picked":["Backflip","Flying Knee"],"picked":"Catalyst","floor":18},{"not_picked":["Expertise","Dodge and Roll"],"picked":"Bouncing Flask","floor":20},{"not_picked":["Flying Knee","Reflex+1"],"picked":"Deadly Poison","floor":22},{"not_picked":["Slice+1","Poisoned Stab"],"picked":"Cloak And Dagger+1","floor":24},{"not_picked":["Dodge and Roll","Expertise"],"picked":"Glass Knife","floor":28},{"not_picked":["Escape Plan","Underhanded Strike"],"picked":"Dash","floor":29},{"not_picked":["Predator","Flying Knee"],"picked":"Bane","floor":30}],"player_experience":357939,"relics_obtained":[{"floor":6,"key":"Shuriken"},{"floor":9,"key":"Blue Candle"},{"floor":11,"key":"Bottled Flame"},{"floor":13,"key":"Mercury Hourglass"},{"floor":24,"key":"Art of War"},{"floor":26,"key":"Whetstone"},{"floor":28,"key":"Snake Skull"},{"floor":29,"key":"Red Mask"}],"event_choices":[{"event_name":"Bonfire Elementals","player_choice":"RARE","floor":5,"damage_taken":0},{"event_name":"Golden Wing","player_choice":"Card Removal","floor":8,"damage_taken":0},{"event_name":"Golden Shrine","player_choice":"Desecrate","floor":19,"damage_taken":0},{"event_name":"Masked Bandits","player_choice":"Fought Bandits","floor":29,"damage_taken":0}],"is_beta":false,"boss_relics":[{"not_picked":["Tiny House","Philosopher\u0027s Stone"],"picked":"Astrolabe"}],"items_purged_floors":[21],"is_endless":false,"potions_floor_spawned":[2,6,12,13,18,22,24],"killed_by":"Sentry and Sphere","ascension_level":2}