{"gold_per_floor":[109,126,182,182,182,211,233,245,257,283,306,336,378,403,415,532,544,544,544,544,544,544,544,544,397,397,260,260,260,260,260,260,260,260,260,112,112,112,112,112,112,52,52,52,52,52,52,52,52,52],"floor_reached":51,"playtime":2029,"items_purged":["Strike_R"],"score":783,"play_id":"22a968f8-5681-49be-93bc-3f10202953c2","local_time":"20190113152053","is_ascension_mode":false,"campfire_choices":[{"data":"Armaments","floor":8,"key":"SMITH"},{"data":"Barricade","floor":15,"key":"SMITH"},{"floor":24,"key":"REST"},{"floor":32,"key":"REST"},{"data":"Apotheosis","floor":41,"key":"SMITH"},{"data":"Disarm","floor":44,"key":"SMITH"},{"data":"Uppercut","floor":49,"key":"SMITH"}],"neow_cost":"NONE","seed_source_timestamp":62523252091073,"circlet_count":0,"master_deck":["Strike_R","Strike_R","Strike_R","Strike_R","Defend_R","Defend_R","Defend_R","Bash","Iron Wave","Thunderclap","Uppercut+1","Armaments+1","Body Slam","Cleave","Barricade+1","Disarm+1","True Grit+1","Shockwave","Headbutt","Impervious","Impervious","Shrug It Off+1","Impervious","Apotheosis+1","Body Slam"],"relics":["Burning Blood","NeowsBlessing","Tiny Chest","MawBank","Bag of Preparation","Ancient Tea Set","Ectoplasm","Bronze Scales","Dream Catcher","Strawberry","Ornamental Fan","The Courier","Velvet Choker","Centennial Puzzle","Meat on the Bone"],"potions_floor_usage":[],"damage_taken":[{"damage":0,"enemies":"Cultist","floor":1,"turns":1},{"damage":0,"enemies":"2 Louse","floor":2,"turns":1},{"damage":0,"enemies":"3 Sentries","floor":6,"turns":1},{"damage":4,"enemies":"Small Slimes","floor":7,"turns":3},{"damage":8,"enemies":"Gremlin Gang","floor":10,"turns":6},{"damage":3,"enemies":"Large Slime","floor":11,"turns":6},{"damage":14,"enemies":"Exordium Thugs","floor":12,"turns":3},{"damage":21,"enemies":"Lagavulin","floor":13,"turns":9},{"damage":8,"enemies":"Lots of Slimes","floor":14,"turns":2},{"damage":16,"enemies":"The Guardian","floor":16,"turns":12},{"damage":3,"enemies":"3 Byrds","floor":18,"turns":5},{"damage":6,"enemies":"Chosen","floor":21,"turns":4},{"damage":24,"enemies":"Snake Plant","floor":22,"turns":5},{"damage":31,"enemies":"Gremlin Leader","floor":23,"turns":9},{"damage":0,"enemies":"Centurion and Healer","floor":28,"turns":6},{"damage":60,"enemies":"Slavers","floor":29,"turns":7},{"damage":13,"enemies":"Shelled Parasite and Fungi","floor":31,"turns":6},{"damage":27,"enemies":"Automaton","floor":33,"turns":14},{"damage":0,"enemies":"3 Darklings","floor":35,"turns":6},{"damage":0,"enemies":"Orb Walker","floor":37,"turns":5},{"damage":1,"enemies":"Jaw Worm Horde","floor":38,"turns":5},{"damage":2,"enemies":"Giant Head","floor":40,"turns":9},{"damage":20,"enemies":"3 Darklings","floor":45,"turns":6},{"damage":0,"enemies":"Transient","floor":46,"turns":5},{"damage":0,"enemies":"4 Shapes","floor":47,"turns":5},{"damage":9,"enemies":"Jaw Worm Horde","floor":48,"turns":4},{"damage":83,"enemies":"Donu and Deca","floor":50,"turns":14}],"seed_played":"5975957332960678282","potions_obtained":[{"floor":1,"key":"Weak Potion"},{"floor":2,"key":"Energy Potion"},{"floor":5,"key":"FearPotion"},{"floor":5,"key":"FairyPotion"},{"floor":31,"key":"BloodPotion"}],"is_trial":false,"path_per_floor":["M","M","T","?","?","E","M","R","T","M","M","M","E","M","R","B",null,"M","$","?","M","M","E","R","$","T","$","M","E","T","M","R","B",null,"M","$","M","M","$","E","R","$","T","R","M","M","M","M","R","B",null],"character_chosen":"IRONCLAD","items_purchased":["Dream Catcher","Impervious","Apotheosis"],"campfire_rested":2,"item_purchase_floors":[25,27,36],"current_hp_per_floor":[80,80,80,73,73,79,80,80,80,78,80,72,57,55,55,45,80,80,80,80,80,62,37,61,61,68,68,74,20,20,13,39,18,87,87,87,87,87,87,87,87,87,87,87,73,79,85,82,82,26],"gold":52,"neow_bonus":"THREE_ENEMY_KILL","is_prod":false,"is_daily":false,"chose_seed":false,"campfire_upgraded":5,"win_rate":0,"timestamp":1547421653,"path_taken":["M","M","?","?","?","E","M","R","T","M","M","M","E","?","R","BOSS","M","$","?","?","M","E","R","$","T","$","M","E","?","M","R","BOSS","M","$","M","M","$","E","R","?","T","R","M","M","?","M","R","BOSS"],"build_version":"2019-01-10","purchased_purges":1,"victory":true,"max_hp_per_floor":[80,80,80,80,80,80,80,80,80,80,80,80,80,80,80,80,80,80,80,80,80,80,80,80,80,87,87,87,87,87,87,87,87,87,87,87,87,87,87,87,87,87,87,87,87,87,87,87,87,87],"card_choices":[{"not_picked":["Second Wind","Metallicize"],"picked":"Iron Wave","floor":1},{"not_picked":["Seeing Red","Flex"],"picked":"Thunderclap","floor":2},{"not_picked":["Brutality","Headbutt"],"picked":"Uppercut","floor":6},{"not_picked":["Flex","True Grit"],"picked":"Armaments","floor":7},{"not_picked":["Carnage","Iron Wave"],"picked":"Body Slam","floor":10},{"not_picked":["Pommel Strike","Havoc"],"picked":"Cleave","floor":11},{"not_picked":["Thunderclap","Twin Strike"],"picked":"Barricade","floor":12},{"not_picked":["True Grit","Fire Breathing","Clothesline"],"picked":"SKIP","floor":13},{"not_picked":["Iron Wave","Pommel Strike"],"picked":"Disarm","floor":14},{"not_picked":["Hemokinesis","Body Slam+1","Flex"],"picked":"SKIP","floor":18},{"not_picked":["Pommel Strike","Reckless Charge+1"],"picked":"True Grit+1","floor":21},{"not_picked":["Iron Wave","Spot Weakness"],"picked":"Shockwave","floor":22},{"not_picked":["Cleave+1","Combust+1"],"picked":"Headbutt","floor":23},{"not_picked":["Headbutt","Clothesline+1","Carnage+1"],"picked":"SKIP","floor":28},{"not_picked":["Corruption","Fire Breathing+1","Wild Strike"],"picked":"SKIP","floor":29},{"not_picked":["Reckless Charge+1","Armaments"],"picked":"Impervious","floor":31},{"not_picked":["Thunderclap","Heavy Blade"],"picked":"Shrug It Off+1","floor":32},{"not_picked":["Feed","Bludgeon"],"picked":"Impervious","floor":33},{"not_picked":["Feel No Pain","Twin Strike+1","Havoc"],"picked":"SKIP","floor":35},{"not_picked":["Flex+1","Shrug It Off","Combust+1"],"picked":"SKIP","floor":37},{"not_picked":["Thunderclap+1","Iron Wave+1"],"picked":"Body Slam","floor":38},{"not_picked":["Uppercut+1","Perfected Strike","Warcry+1"],"picked":"SKIP","floor":40},{"not_picked":["Feed","Combust","Cleave"],"picked":"SKIP","floor":45},{"not_picked":["Corruption+1","Cleave","Armaments"],"picked":"SKIP","floor":46},{"not_picked":["Flex+1","Havoc","Armaments+1"],"picked":"SKIP","floor":47},{"not_picked":["Wild Strike+1","Anger","Dual Wield+1"],"picked":"SKIP","floor":48}],"player_experience":226391,"relics_obtained":[{"floor":3,"key":"Tiny Chest"},{"floor":6,"key":"MawBank"},{"floor":9,"key":"Bag of Preparation"},{"floor":13,"key":"Ancient Tea Set"},{"floor":23,"key":"Bronze Scales"},{"floor":26,"key":"Strawberry"},{"floor":29,"key":"Ornamental Fan"},{"floor":30,"key":"The Courier"},{"floor":40,"key":"Centennial Puzzle"},{"floor":43,"key":"Meat on the Bone"}],"event_choices":[{"cards_removed":["Defend_R"],"damage_healed":0,"gold_gain":0,"player_choice":"Card Removal","damage_taken":7,"max_hp_gain":0,"max_hp_loss":0,"event_name":"Golden Wing","floor":4,"gold_loss":0},{"damage_healed":0,"gold_gain":0,"player_choice":"Got Potions","damage_taken":0,"max_hp_gain":0,"max_hp_loss":0,"event_name":"Lab","floor":5,"gold_loss":0},{"damage_healed":0,"gold_gain":0,"player_choice":"Ignored","damage_taken":0,"max_hp_gain":0,"max_hp_loss":0,"event_name":"NoteForYourself","floor":20,"gold_loss":0}],"is_beta":false,"boss_relics":[{"not_picked":["Coffee Dripper","Busted Crown"],"picked":"Ectoplasm"},{"not_picked":["Pandora\u0027s Box","Philosopher\u0027s Stone"],"picked":"Velvet Choker"}],"items_purged_floors":[42],"is_endless":false,"potions_floor_spawned":[1,2,6,13,16,28,29,31,33,37,38,46],"ascension_level":0}