{"gold_per_floor":[18,18,99,110,185,218,218,247,270,270,289,289,316,335,335,433,433,451,269,369,27,27,27,54,54,54,89,124,143,176,25,25,122,122,138,150,195,1194,1469,1499,1513,1524,1600,1613,838,838,838,852,852,852],"floor_reached":51,"playtime":2059,"items_purged":["Regret"],"score":1069,"play_id":"08552846-7db3-4091-8516-0187db58fbd7","local_time":"20181112004241","is_ascension_mode":true,"campfire_choices":[{"floor":7,"key":"REST"},{"floor":10,"key":"REST"},{"floor":15,"key":"REST"},{"floor":23,"key":"REST"},{"floor":25,"key":"REST"},{"floor":32,"key":"REST"},{"floor":49,"key":"REST"}],"neow_cost":"NO_GOLD","seed_source_timestamp":315714643075860,"circlet_count":0,"master_deck":["Strike_B","Strike_B","Strike_B","Strike_B","Defend_B","Defend_B+1","Defend_B","Defend_B+1","Zap","Creative AI+1","White Noise","Ball Lightning","Loop+1","Glacier","Reinforced Body","Stack","Biased Cognition+1","Capacitor+1","Tempest","Cold Snap+1","Lockon","Force Field","Biased Cognition+1","Storm+1","Discovery","Buffer+1","Amplify","Storm+1","Parasite","Seek","Sadistic Nature+1","Lockon","Coolheaded","Tempest+1","Leap"],"relics":["Cracked Core","Mummified Hand","Frozen Egg 2","WingedGreaves","Smiling Mask","PreservedInsect","Potion Belt","Eternal Feather","Omamori","Du-Vu Doll","Bottled Flame","Chemical X","Blood Vial","Gambling Chip","Ancient Tea Set","Orichalcum","Red Mask","Gremlin Horn","Runic Pyramid","Pocketwatch","War Paint","Darkstone Periapt","Membership Card","Emotion Chip","Prayer Wheel","Bottled Lightning"],"potions_floor_usage":[8,13,20,20,20,28,37,37,44,50,50,50],"damage_taken":[{"damage":0,"enemies":"Cultist","floor":1,"turns":4},{"damage":7,"enemies":"Jaw Worm","floor":4,"turns":3},{"damage":40,"enemies":"Lagavulin","floor":6,"turns":5},{"damage":34,"enemies":"Gremlin Nob","floor":8,"turns":4},{"damage":0,"enemies":"Small Slimes","floor":11,"turns":3},{"damage":12,"enemies":"3 Sentries","floor":13,"turns":6},{"damage":11,"enemies":"Looter","floor":14,"turns":4},{"damage":38,"enemies":"Slime Boss","floor":16,"turns":6},{"damage":25,"enemies":"Shell Parasite","floor":18,"turns":4},{"damage":16,"enemies":"Colosseum Slavers","floor":20,"turns":5},{"damage":28,"enemies":"Colosseum Nobs","floor":20,"turns":7},{"damage":19,"enemies":"Book of Stabbing","floor":24,"turns":3},{"damage":23,"enemies":"Slavers","floor":27,"turns":5},{"damage":23,"enemies":"Masked Bandits","floor":28,"turns":5},{"damage":0,"enemies":"3 Byrds","floor":29,"turns":5},{"damage":13,"enemies":"Book of Stabbing","floor":30,"turns":5},{"damage":33,"enemies":"Automaton","floor":33,"turns":6},{"damage":6,"enemies":"Orb Walker","floor":35,"turns":2},{"damage":7,"enemies":"3 Shapes","floor":36,"turns":3},{"damage":16,"enemies":"2 Orb Walkers","floor":37,"turns":4},{"damage":0,"enemies":"Reptomancer","floor":40,"turns":3},{"damage":20,"enemies":"Jaw Worm Horde","floor":41,"turns":3},{"damage":8,"enemies":"4 Shapes","floor":42,"turns":2},{"damage":4,"enemies":"Writhing Mass","floor":44,"turns":3},{"damage":0,"enemies":"Spire Growth","floor":48,"turns":2},{"damage":24,"enemies":"Time Eater","floor":50,"turns":3}],"seed_played":"-5118167901721052240","potions_obtained":[{"floor":6,"key":"Regen Potion"},{"floor":8,"key":"Regen Potion"},{"floor":13,"key":"SneckoOil"},{"floor":14,"key":"Swift Potion"},{"floor":18,"key":"Block Potion"},{"floor":24,"key":"EssenceOfSteel"},{"floor":27,"key":"Regen Potion"},{"floor":28,"key":"Energy Potion"},{"floor":36,"key":"FearPotion"},{"floor":37,"key":"FocusPotion"},{"floor":44,"key":"Fruit Juice"}],"is_trial":false,"path_per_floor":["M","?","T","M","?","E","R","E","T","R","M","?","E","M","R","B",null,"M","$","?","$","?","R","E","R","T","E","?","M","E","$","R","B",null,"M","M","?","?","?","E","M","M","T","M","$","T","?","M","R","B",null],"character_chosen":"DEFECT","items_purchased":["Capacitor+1","Omamori","Chemical X","Blood Vial","Storm+1","Discovery","Membership Card","Sadistic Nature+1","Emotion Chip","PowerPotion","Ancient Potion","Prayer Wheel","Lockon","Coolheaded"],"campfire_rested":7,"item_purchase_floors":[19,19,21,21,31,31,45,45,45,45,45,45,45,45],"current_hp_per_floor":[75,68,68,61,50,10,32,10,10,32,32,32,35,24,46,8,75,50,50,6,6,6,40,23,57,57,36,29,31,20,20,57,26,75,69,64,50,50,50,52,34,28,28,37,37,37,37,39,85,62],"gold":852,"neow_bonus":"THREE_RARE_CARDS","is_prod":false,"is_daily":false,"chose_seed":false,"campfire_upgraded":0,"win_rate":0,"timestamp":1542001361,"path_taken":["M","?","?","?","?","E","R","E","T","R","M","?","E","M","R","BOSS","M","$","?","$","?","R","E","R","T","E","?","?","E","?","R","BOSS","M","M","?","?","?","E","?","?","T","M","$","?","?","M","R","BOSS"],"build_version":"2018-11-08","purchased_purges":1,"victory":true,"max_hp_per_floor":[75,75,75,75,75,75,75,75,75,75,75,75,75,75,75,75,75,75,75,75,75,75,75,75,75,75,75,75,75,75,75,75,75,75,75,75,75,75,75,75,75,75,75,86,86,86,86,86,86,86],"card_choices":[{"not_picked":["Multi-Cast","Hyperbeam"],"picked":"Creative AI","floor":0},{"not_picked":["Steam","Go for the Eyes"],"picked":"White Noise","floor":1},{"not_picked":["Beam Cell","Streamline"],"picked":"Ball Lightning","floor":4},{"not_picked":["Cold Snap","Turbo"],"picked":"Loop+1","floor":6},{"not_picked":["Leap","Cold Snap"],"picked":"Glacier","floor":8},{"not_picked":["Rip and Tear","Genetic Algorithm"],"picked":"Reinforced Body","floor":11},{"not_picked":["Steam Power","Barrage"],"picked":"Stack","floor":13},{"not_picked":["Hello World+1","Beam Cell","Hologram"],"picked":"SKIP","floor":14},{"not_picked":["Core Surge","All For One"],"picked":"Biased Cognition+1","floor":16},{"not_picked":["Hologram","Beam Cell","Compile Driver"],"picked":"SKIP","floor":18},{"not_picked":["Barrage","Gash+1"],"picked":"Tempest","floor":20},{"not_picked":["Hologram","Reboot"],"picked":"Cold Snap+1","floor":24},{"not_picked":["Meteor Strike","Heatsinks+1"],"picked":"Lockon","floor":27},{"not_picked":["Hologram","Streamline"],"picked":"Force Field","floor":29},{"not_picked":["Turbo","Hologram"],"picked":"Biased Cognition+1","floor":30},{"not_picked":["Machine Learning+1","Reboot"],"picked":"Buffer+1","floor":33},{"not_picked":["Compile Driver+1","Gash","Stack"],"picked":"SKIP","floor":35},{"not_picked":["Reprogram+1","Stack+1","Compile Driver+1"],"picked":"SKIP","floor":36},{"not_picked":["Turbo+1","Hologram+1"],"picked":"Amplify","floor":37},{"not_picked":["Turbo+1","Leap+1"],"picked":"Storm+1","floor":40},{"not_picked":["Steam","Streamline+1","Sunder"],"picked":"SKIP","floor":41},{"not_picked":["Hello World+1","Steam+1","Chill"],"picked":"SKIP","floor":42},{"not_picked":["Cold Snap","Doom and Gloom"],"picked":"Seek","floor":44},{"not_picked":["Rebound","Steam+1"],"picked":"Tempest+1","floor":48},{"not_picked":["Skim","Scrape+1"],"picked":"Leap","floor":48}],"player_experience":452091,"relics_obtained":[{"floor":3,"key":"Frozen Egg 2"},{"floor":6,"key":"WingedGreaves"},{"floor":8,"key":"Smiling Mask"},{"floor":9,"key":"PreservedInsect"},{"floor":13,"key":"Potion Belt"},{"floor":20,"key":"Du-Vu Doll"},{"floor":20,"key":"Bottled Flame"},{"floor":24,"key":"Gambling Chip"},{"floor":26,"key":"Ancient Tea Set"},{"floor":27,"key":"Orichalcum"},{"floor":28,"key":"Red Mask"},{"floor":30,"key":"Gremlin Horn"},{"floor":37,"key":"Pocketwatch"},{"floor":40,"key":"War Paint"},{"floor":43,"key":"Darkstone Periapt"},{"floor":46,"key":"Bottled Lightning"}],"event_choices":[{"damage_healed":0,"gold_gain":0,"player_choice":"Success","damage_taken":7,"relics_obtained":["Mummified Hand"],"max_hp_gain":0,"max_hp_loss":0,"event_name":"Scrap Ooze","floor":2,"gold_loss":0},{"damage_healed":0,"gold_gain":75,"player_choice":"Gather Gold","damage_taken":11,"max_hp_gain":0,"max_hp_loss":0,"event_name":"World of Goop","floor":5,"gold_loss":0},{"damage_healed":0,"gold_gain":0,"player_choice":"Grow","damage_taken":0,"max_hp_gain":0,"max_hp_loss":0,"event_name":"Living Wall","floor":12,"gold_loss":0,"cards_upgraded":["Creative AI"]},{"damage_healed":0,"gold_gain":0,"player_choice":"Fight","damage_taken":0,"max_hp_gain":0,"max_hp_loss":0,"event_name":"Colosseum","floor":20,"gold_loss":0},{"damage_healed":0,"gold_gain":0,"player_choice":"Fought Nobs","damage_taken":0,"max_hp_gain":0,"max_hp_loss":0,"event_name":"Colosseum","floor":20,"gold_loss":0},{"damage_healed":0,"gold_gain":0,"player_choice":"Ignored","damage_taken":0,"max_hp_gain":0,"max_hp_loss":0,"event_name":"Vampires","floor":22,"gold_loss":0},{"damage_healed":0,"gold_gain":0,"player_choice":"Fought Bandits","damage_taken":0,"max_hp_gain":0,"max_hp_loss":0,"event_name":"Masked Bandits","floor":28,"gold_loss":0},{"damage_healed":0,"gold_gain":0,"player_choice":"Fight","damage_taken":0,"max_hp_gain":0,"max_hp_loss":0,"event_name":"Mysterious Sphere","floor":37,"gold_loss":0},{"damage_healed":0,"gold_gain":999,"player_choice":"Gold","damage_taken":0,"max_hp_gain":0,"max_hp_loss":0,"event_name":"MindBloom","floor":38,"gold_loss":0,"cards_obtained":["Normality","Normality"]},{"damage_healed":0,"gold_gain":275,"player_choice":"Desecrate","damage_taken":0,"max_hp_gain":0,"max_hp_loss":0,"event_name":"Golden Shrine","floor":39,"gold_loss":0,"cards_obtained":["Regret"]},{"cards_removed":["Dualcast"],"damage_healed":0,"gold_gain":0,"player_choice":"Removed Skill","damage_taken":0,"max_hp_gain":0,"max_hp_loss":0,"event_name":"Falling","floor":47,"gold_loss":0}],"is_beta":true,"boss_relics":[{"not_picked":["Snecko Eye","Calling Bell"],"picked":"Eternal Feather"},{"not_picked":["Fusion Hammer","Velvet Choker"],"picked":"Runic Pyramid"}],"items_purged_floors":[45],"is_endless":false,"potions_floor_spawned":[6,8,13,14,18,24,27,28,36,37,44],"ascension_level":4}