{"gold_per_floor":[117,42,62,81,100,100,100,100,150,150,50,50,73,73,73,178,178,189,189,64,84,97,97,97,97,120,147,147,180,130,130,130,232,232,242,257,479,493,593,593,417,443,469,469,482,494,494,526,526,526],"floor_reached":51,"playtime":1001,"items_purged":["Strike_R","Strike_R","Defend_R","Defend_R","Strike_R"],"score":909,"play_id":"8a0f9d23-879c-447c-ba9d-30d8636ee3a5","local_time":"20190206223124","is_ascension_mode":false,"campfire_choices":[{"data":"Searing Blow","floor":6.0,"key":"SMITH"},{"data":"Searing Blow+1","floor":10.0,"key":"SMITH"},{"data":"Searing Blow+2","floor":15.0,"key":"SMITH"},{"data":"Searing Blow+3","floor":23.0,"key":"SMITH"},{"data":"Searing Blow+4","floor":25.0,"key":"SMITH"},{"data":"Searing Blow+5","floor":32.0,"key":"SMITH"},{"data":"Searing Blow+6","floor":40.0,"key":"SMITH"},{"data":"Searing Blow+7","floor":44,"key":"SMITH"},{"data":"Searing Blow+8","floor":47,"key":"SMITH"},{"data":"Searing Blow+9","floor":49,"key":"SMITH"}],"neow_cost":"NONE","seed_source_timestamp":359857840300635,"circlet_count":0,"master_deck":["Strike_R","Defend_R","Defend_R","Bash","Searing Blow+10"],"special_seed":0,"relics":["Black Blood","NeowsBlessing","Bag of Preparation","Happy Flower","Anchor","Juzu Bracelet","Smiling Mask","Red Mask","Strawberry","Runic Dome","Art of War","PreservedInsect","Bag of Marbles"],"potions_floor_usage":[42,50,50],"damage_taken":[{"damage":0.0,"enemies":"Jaw Worm","floor":1.0,"turns":1.0},{"damage":0.0,"enemies":"2 Louse","floor":3.0,"turns":1.0},{"damage":3.0,"enemies":"Small Slimes","floor":4.0,"turns":2.0},{"damage":10.0,"enemies":"Looter","floor":5.0,"turns":4.0},{"damage":58.0,"enemies":"The Guardian","floor":16.0,"turns":13.0},{"damage":0.0,"enemies":"Chosen","floor":18.0,"turns":3.0},{"damage":34.0,"enemies":"Colosseum Slavers","floor":19.0,"turns":6.0},{"damage":20.0,"enemies":"Spheric Guardian","floor":21.0,"turns":4.0},{"damage":5.0,"enemies":"Centurion and Healer","floor":22.0,"turns":4.0},{"damage":5.0,"enemies":"Masked Bandits","floor":27.0,"turns":3.0},{"damage":30.0,"enemies":"Gremlin Leader","floor":29.0,"turns":3.0},{"damage":85.0,"enemies":"Collector","floor":33.0,"turns":9.0},{"damage":2.0,"enemies":"3 Shapes","floor":35.0,"turns":3.0},{"damage":20.0,"enemies":"3 Darklings","floor":36.0,"turns":6.0},{"damage":0.0,"enemies":"Transient","floor":38.0,"turns":5.0},{"damage":2,"enemies":"Reptomancer","floor":42,"turns":2},{"damage":0,"enemies":"Spire Growth","floor":45,"turns":2},{"damage":25,"enemies":"Maw","floor":46,"turns":3},{"damage":10,"enemies":"Nemesis","floor":48,"turns":3},{"damage":42,"enemies":"Donu and Deca","floor":50,"turns":5}],"seed_played":"4515304062046681189","potions_obtained":[{"floor":1.0,"key":"Regen Potion"},{"floor":5.0,"key":"Poison Potion"},{"floor":18.0,"key":"Explosive Potion"},{"floor":21.0,"key":"PowerPotion"},{"floor":28.0,"key":"Ancient Potion"},{"floor":36.0,"key":"Fruit Juice"},{"floor":38.0,"key":"FairyPotion"},{"floor":48,"key":"Ancient Potion"}],"is_trial":false,"path_per_floor":["M","$","M","M","M","R","?","?","T","R","$","?","T","?","R","B",null,"M","?","$","M","M","R","?","R","T","?","?","E","$","?","R","B",null,"M","M","?","M","?","R","$","E","T","R","M","M","R","E","R","B",null],"character_chosen":"IRONCLAD","items_purchased":["Ancient Potion","AttackPotion"],"campfire_rested":0,"item_purchase_floors":[41,41],"current_hp_per_floor":[80,80,80,80,76,76,64,64,64,64,64,69,69,69,69,17,85,85,61,61,51,56,56,56,56,56,61,61,48,48,78,78,18,92,92,87,87,97,97,97,97,97,97,97,97,82,82,82,82,50],"gold":526,"neow_bonus":"THREE_ENEMY_KILL","is_prod":false,"is_daily":false,"chose_seed":false,"campfire_upgraded":10,"win_rate":0,"timestamp":1549521084,"path_taken":["M","$","M","M","M","R","?","?","T","R","$","?","?","?","R","BOSS","M","?","$","M","M","R","?","R","T","?","?","E","$","?","R","BOSS","M","M","?","M","?","R","$","E","T","R","M","M","R","E","R","BOSS"],"build_version":"2019-01-23","purchased_purges":5,"victory":true,"max_hp_per_floor":[80,80,80,80,80,80,80,80,80,80,80,85,85,85,85,85,85,85,85,85,85,85,85,85,85,85,85,85,92,92,92,92,92,92,92,97,97,97,97,97,97,97,97,97,97,97,97,97,97,97],"card_choices":[{"not_picked":["Ghostly Armor","Cleave"],"picked":"Searing Blow","floor":1.0},{"not_picked":["Sentinel","Rampage","Wild Strike"],"picked":"SKIP","floor":3.0},{"not_picked":["Blood for Blood","Heavy Blade","Metallicize"],"picked":"SKIP","floor":4.0},{"not_picked":["Iron Wave","Flame Barrier","Battle Trance"],"picked":"SKIP","floor":5.0},{"not_picked":["Feel No Pain","Shrug It Off","Havoc+1"],"picked":"SKIP","floor":18.0},{"not_picked":["Body Slam+1","Shrug It Off","Pommel Strike"],"picked":"SKIP","floor":21.0},{"not_picked":["Clothesline","Spot Weakness","Headbutt"],"picked":"SKIP","floor":22.0},{"not_picked":["Dropkick","Clash","Headbutt"],"picked":"SKIP","floor":29.0},{"not_picked":["Inflame","Disarm","Armaments+1"],"picked":"SKIP","floor":35.0},{"not_picked":["Anger+1","Havoc+1","Reckless Charge"],"picked":"SKIP","floor":36.0},{"not_picked":["Body Slam+1","Wild Strike+1","Sword Boomerang+1"],"picked":"SKIP","floor":38.0},{"not_picked":["Iron Wave+1","Cleave+1","Clothesline"],"picked":"SKIP","floor":42},{"not_picked":["Ghostly Armor+1","Anger+1","Carnage"],"picked":"SKIP","floor":45},{"not_picked":["Second Wind+1","Burning Pact+1","Wild Strike+1"],"picked":"SKIP","floor":46},{"not_picked":["Berserk","Disarm+1","Second Wind"],"picked":"SKIP","floor":48}],"player_experience":365122,"relics_obtained":[{"floor":9.0,"key":"Anchor"},{"floor":13.0,"key":"Juzu Bracelet"},{"floor":26.0,"key":"Smiling Mask"},{"floor":27.0,"key":"Red Mask"},{"floor":29.0,"key":"Strawberry"},{"floor":42,"key":"Art of War"},{"floor":43,"key":"PreservedInsect"},{"floor":48,"key":"Bag of Marbles"}],"event_choices":[{"damage_healed":0.0,"max_hp_gain":0.0,"max_hp_loss":0.0,"gold_gain":0.0,"event_name":"Scrap Ooze","player_choice":"Success","floor":7.0,"gold_loss":0.0,"damage_taken":12.0,"relics_obtained":["Bag of Preparation"]},{"damage_healed":0.0,"max_hp_gain":0.0,"max_hp_loss":0.0,"gold_gain":0.0,"event_name":"Dead Adventurer","player_choice":"Searched \u00271\u0027 times","floor":8.0,"gold_loss":0.0,"damage_taken":0.0,"relics_obtained":["Happy Flower"]},{"damage_healed":0.0,"max_hp_gain":5.0,"max_hp_loss":0.0,"gold_gain":0.0,"event_name":"Big Fish","player_choice":"Donut","floor":12.0,"gold_loss":0.0,"damage_taken":0.0},{"cards_removed":["Strike_R"],"damage_healed":0.0,"max_hp_gain":0.0,"max_hp_loss":0.0,"gold_gain":0.0,"event_name":"Living Wall","player_choice":"Forget","floor":14.0,"gold_loss":0.0,"damage_taken":0.0},{"damage_healed":0.0,"max_hp_gain":0.0,"max_hp_loss":0.0,"gold_gain":0.0,"event_name":"Colosseum","player_choice":"Fight","floor":19.0,"gold_loss":0.0,"damage_taken":0.0},{"damage_healed":0.0,"max_hp_gain":0.0,"max_hp_loss":0.0,"gold_gain":0.0,"event_name":"Colosseum","player_choice":"Fled From Nobs","floor":19.0,"gold_loss":0.0,"damage_taken":0.0},{"damage_healed":0.0,"max_hp_gain":0.0,"max_hp_loss":0.0,"gold_gain":0.0,"event_name":"Vampires","player_choice":"Ignored","floor":24.0,"gold_loss":0.0,"damage_taken":0.0},{"damage_healed":0.0,"max_hp_gain":0.0,"max_hp_loss":0.0,"gold_gain":0.0,"event_name":"Masked Bandits","player_choice":"Fought Bandits","floor":27.0,"gold_loss":0.0,"damage_taken":0.0},{"damage_healed":0.0,"max_hp_gain":0.0,"max_hp_loss":0.0,"gold_gain":0.0,"event_name":"Lab","player_choice":"Got Potions","floor":28.0,"gold_loss":0.0,"damage_taken":0.0},{"damage_healed":30.0,"max_hp_gain":0.0,"max_hp_loss":0.0,"gold_gain":0.0,"event_name":"The Library","player_choice":"Heal","floor":31.0,"gold_loss":0.0,"damage_taken":0.0},{"damage_healed":0.0,"max_hp_gain":0.0,"max_hp_loss":0.0,"gold_gain":222.0,"event_name":"Tomb of Lord Red Mask","player_choice":"Wore Mask","floor":37.0,"gold_loss":0.0,"damage_taken":0.0},{"damage_healed":0.0,"max_hp_gain":0.0,"max_hp_loss":0.0,"gold_gain":100.0,"event_name":"Golden Shrine","player_choice":"Pray","floor":39.0,"gold_loss":0.0,"damage_taken":0.0}],"is_beta":false,"boss_relics":[{"not_picked":["Mark of Pain","Astrolabe"],"picked":"Black Blood"},{"not_picked":["Cursed Key","Tiny House"],"picked":"Runic Dome"}],"items_purged_floors":[2,11,20,30,41],"is_endless":false,"potions_floor_spawned":[1,5,18,19,21,27,36,38,48],"ascension_level":0}