{"gold_per_floor":[115,115,135,149,163,178,203,203,203,217,248,264,264,282,282,387,387,406,406,420,420,438,528,546,564,591,604,620,620,93,113,113,209,209,229,229,229,239,257,257,257,69,69,85,37,37],"floor_reached":46,"playtime":2359,"items_purged":["Pain"],"score":490,"play_id":"1d7a3f8d-7439-455f-b18f-93e21f55e987","local_time":"20190211125323","is_ascension_mode":false,"campfire_choices":[{"floor":8,"key":"REST"},{"data":"Flex","floor":15,"key":"SMITH"},{"floor":29,"key":"REST"},{"floor":32,"key":"REST"},{"floor":41,"key":"REST"}],"neow_cost":"NONE","seed_source_timestamp":345216847055006,"circlet_count":0,"master_deck":["Strike_R","Strike_R","Strike_R","Strike_R","Strike_R","Defend_R","Defend_R","Defend_R","Bash","Pommel Strike","Twin Strike","Heavy Blade","Heavy Blade","Clash","Twin Strike","Flex+1","Anger+1","Inflame","Cleave+1","Heavy Blade+1","Double Tap","Anger","Twin Strike+1","Twin Strike+1","Mind Blast+1","Bandage Up","HandOfGreed+1","Clash+1","Mind Blast+1","Inflame","Pummel+1","Flex"],"relics":["Burning Blood","Vajra","WingedGreaves","Blue Candle","Magic Flower","Lizard Tail","WarpedTongs","Bag of Marbles","Shuriken","Medical Kit","Velvet Choker","Molten Egg 2","Bottled Lightning"],"potions_floor_usage":[11,12,20,22,27,33,33,39,46],"damage_taken":[{"damage":0,"enemies":"2 Louse","floor":1,"turns":2},{"damage":0,"enemies":"Cultist","floor":3,"turns":2},{"damage":5,"enemies":"Small Slimes","floor":4,"turns":3},{"damage":5,"enemies":"2 Fungi Beasts","floor":5,"turns":4},{"damage":11,"enemies":"Gremlin Gang","floor":6,"turns":8},{"damage":36,"enemies":"Lagavulin","floor":7,"turns":5},{"damage":14,"enemies":"Large Slime","floor":10,"turns":6},{"damage":31,"enemies":"3 Sentries","floor":11,"turns":6},{"damage":8,"enemies":"Red Slaver","floor":12,"turns":4},{"damage":0,"enemies":"Exordium Wildlife","floor":14,"turns":2},{"damage":77,"enemies":"The Guardian","floor":16,"turns":9},{"damage":19,"enemies":"Shell Parasite","floor":18,"turns":4},{"damage":10,"enemies":"Chosen","floor":20,"turns":4},{"damage":17,"enemies":"3 Cultists","floor":22,"turns":4},{"damage":28,"enemies":"Centurion and Healer","floor":24,"turns":4},{"damage":13,"enemies":"Snake Plant","floor":25,"turns":3},{"damage":8,"enemies":"Sentry and Sphere","floor":27,"turns":4},{"damage":11,"enemies":"Cultist and Chosen","floor":28,"turns":3},{"damage":32,"enemies":"Snake Plant","floor":31,"turns":3},{"damage":133,"enemies":"Automaton","floor":33,"turns":10},{"damage":19,"enemies":"3 Darklings","floor":35,"turns":2},{"damage":15,"enemies":"3 Shapes","floor":38,"turns":3},{"damage":26,"enemies":"Maw","floor":39,"turns":5},{"damage":6,"enemies":"4 Shapes","floor":44,"turns":2},{"damage":67,"enemies":"Reptomancer","floor":46,"turns":2}],"seed_played":"-9087459260580950199","potions_obtained":[{"floor":1,"key":"BloodPotion"},{"floor":6,"key":"Block Potion"},{"floor":7,"key":"Dexterity Potion"},{"floor":16,"key":"BloodPotion"},{"floor":18,"key":"Fire Potion"},{"floor":24,"key":"Block Potion"},{"floor":25,"key":"LiquidBronze"},{"floor":33,"key":"Weak Potion"},{"floor":44,"key":"SkillPotion"}],"is_trial":false,"path_per_floor":["?","M","M","?","?","M","?","M","?","M","?","T","M","M","?","$"],"character_chosen":"IRONCLAD","items_purchased":["Shuriken","Medical Kit","Clash+1","Mind Blast+1","Inflame","Flex"],"campfire_rested":4,"item_purchase_floors":[30,30,42,42,42,45],"current_hp_per_floor":[80,80,80,80,80,75,45,69,69,61,44,45,71,80,80,12,80,70,70,79,79,71,55,36,32,32,33,31,55,55,32,56,35,80,70,70,70,64,47,37,61,61,61,64,64,0],"gold":37,"neow_bonus":"RANDOM_COMMON_RELIC","is_prod":false,"is_daily":false,"chose_seed":false,"campfire_upgraded":1,"win_rate":0,"timestamp":1549907603,"path_taken":["M","?","?","M","M","M","E","R","T","M","E","?","?","M","R","BOSS","M","?","?","?","?","?","M","?","T","M","M","R","$","M","R","BOSS","M","?","?","?","?","?","R","$","T","M","?","E"],"build_version":"2019-01-23","purchased_purges":1,"victory":false,"max_hp_per_floor":[80,80,80,80,80,80,80,80,80,80,80,80,80,80,80,80,80,80,80,80,80,80,80,80,80,80,80,80,80,80,80,80,80,80,80,80,80,80,80,80,80,80,80,80,80,80],"card_choices":[{"not_picked":["Infernal Blade","Clothesline"],"picked":"Pommel Strike","floor":1},{"not_picked":["Sword Boomerang","Hemokinesis","Heavy Blade"],"picked":"SKIP","floor":3},{"not_picked":["Perfected Strike","Burning Pact"],"picked":"Twin Strike","floor":4},{"not_picked":["Flame Barrier","Clothesline","Fire Breathing"],"picked":"SKIP","floor":5},{"not_picked":["True Grit","Cleave"],"picked":"Heavy Blade","floor":6},{"not_picked":["Wild Strike","Evolve"],"picked":"Heavy Blade","floor":7},{"not_picked":["Reaper","Thunderclap","Hemokinesis"],"picked":"SKIP","floor":10},{"not_picked":["Heavy Blade","Perfected Strike"],"picked":"Clash","floor":11},{"not_picked":["Burning Pact","Sever Soul"],"picked":"Twin Strike","floor":12},{"not_picked":["Iron Wave","Double Tap"],"picked":"Flex","floor":14},{"not_picked":["Combust","Body Slam","Sentinel"],"picked":"SKIP","floor":18},{"not_picked":["Bloodletting","Heavy Blade"],"picked":"Anger+1","floor":20},{"not_picked":["Armaments","Combust"],"picked":"Inflame","floor":22},{"not_picked":["Wild Strike","Body Slam+1"],"picked":"Cleave+1","floor":24},{"not_picked":["Searing Blow","Evolve+1"],"picked":"Heavy Blade+1","floor":25},{"not_picked":["Sword Boomerang","Body Slam","Heavy Blade"],"picked":"SKIP","floor":27},{"not_picked":["Sword Boomerang","Second Wind","Uppercut+1"],"picked":"SKIP","floor":28},{"not_picked":["Pummel","Dual Wield","Body Slam"],"picked":"SKIP","floor":31},{"not_picked":["Juggernaut","Barricade"],"picked":"Double Tap","floor":33},{"not_picked":["Entrench","Headbutt"],"picked":"Anger","floor":35},{"not_picked":["Thunderclap+1","Searing Blow+1"],"picked":"Twin Strike+1","floor":38},{"not_picked":["Metallicize","Warcry+1"],"picked":"Twin Strike+1","floor":39},{"not_picked":["Good Instincts","Violence"],"picked":"Mind Blast+1","floor":40},{"not_picked":["The Bomb","Metamorphosis"],"picked":"Bandage Up","floor":40},{"not_picked":["The Bomb","Magnetism"],"picked":"HandOfGreed+1","floor":40},{"not_picked":["Rage+1","Sword Boomerang+1"],"picked":"Pummel+1","floor":44}],"player_experience":416382,"relics_obtained":[{"floor":7,"key":"WingedGreaves"},{"floor":9,"key":"Blue Candle"},{"floor":11,"key":"Magic Flower"},{"floor":26,"key":"Bag of Marbles"},{"floor":37,"key":"Molten Egg 2"},{"floor":43,"key":"Bottled Lightning"}],"event_choices":[{"damage_healed":0,"gold_gain":0,"player_choice":"Ignored","damage_taken":0,"max_hp_gain":0,"max_hp_loss":0,"event_name":"NoteForYourself","floor":2,"gold_loss":0},{"damage_healed":26,"gold_gain":0,"player_choice":"Banana","damage_taken":0,"max_hp_gain":0,"max_hp_loss":0,"event_name":"Big Fish","floor":13,"gold_loss":0},{"damage_healed":0,"gold_gain":0,"player_choice":"Got Potions","damage_taken":0,"max_hp_gain":0,"max_hp_loss":0,"event_name":"Lab","floor":19,"gold_loss":0},{"damage_healed":0,"gold_gain":0,"player_choice":"Rummage","damage_taken":0,"relics_obtained":["WarpedTongs"],"max_hp_gain":0,"max_hp_loss":0,"event_name":"Accursed Blacksmith","floor":21,"gold_loss":0,"cards_obtained":["Pain"]},{"damage_healed":0,"gold_gain":90,"player_choice":"GOLD ","damage_taken":16,"max_hp_gain":0,"max_hp_loss":0,"event_name":"Knowing Skull","floor":23,"potions_obtained":[],"gold_loss":0,"cards_obtained":[]},{"cards_removed":["Defend_R"],"damage_healed":0,"gold_gain":0,"player_choice":"Removed Skill","damage_taken":0,"max_hp_gain":0,"max_hp_loss":0,"event_name":"Falling","floor":36,"gold_loss":0},{"damage_healed":0,"gold_gain":0,"player_choice":"Memory 3","damage_taken":10,"max_hp_gain":0,"max_hp_loss":0,"event_name":"SensoryStone","floor":40,"gold_loss":0}],"is_beta":false,"boss_relics":[{"not_picked":["Astrolabe","Fusion Hammer"],"picked":"Lizard Tail"},{"not_picked":["Philosopher\u0027s Stone","Snecko Eye"],"picked":"Velvet Choker"}],"items_purged_floors":[30],"is_endless":false,"potions_floor_spawned":[1,6,7,10,16,18,24,25,33,44],"killed_by":"Reptomancer","ascension_level":0}