{"gold_per_floor":[114,124,42,62,62,62,89,89,140,169,169,22,22,39,39,141,141,159,159,174,187,30,30,59,74,147,147,147,147,162,12,12,117,117,130,130,142,197,122,155,155,171,196,209,125,145,145,158,158,158,158,158,40,68,68],"floor_reached":56,"playtime":3580,"items_purged":["Blood for Blood"],"score":1255,"play_id":"2aef349e-8d3e-4a97-8cfc-b9f16a262c03","local_time":"20190109235126","is_ascension_mode":false,"campfire_choices":[{"data":"Bash","floor":6.0,"key":"SMITH"},{"data":"Sword Boomerang","floor":8.0,"key":"SMITH"},{"floor":15.0,"key":"REST"},{"data":"Feed","floor":23.0,"key":"SMITH"},{"data":"Whirlwind","floor":27,"key":"SMITH"},{"data":"Clothesline","floor":29,"key":"SMITH"},{"floor":32,"key":"REST"},{"data":"Limit Break","floor":41,"key":"SMITH"},{"floor":47,"key":"REST"},{"floor":49,"key":"RECALL"},{"data":"Evolve","floor":52,"key":"SMITH"}],"neow_cost":"NONE","seed_source_timestamp":714970848554853,"circlet_count":0,"master_deck":["Bash+1","Cleave","Spot Weakness","Inflame","Sword Boomerang+1","Feed+1","Headbutt","Whirlwind+1","Clothesline+1","Uppercut","Shrug It Off","Blood for Blood","Reckless Charge","True Grit+1","Dual Wield+1","Limit Break+1","Limit Break","Heavy Blade+1","Metallicize+1","Corruption+1","Corruption","Panacea","Evolve+1","Seeing Red","Impervious","Armaments","Sentinel+1"],"special_seed":0,"relics":["Burning Blood","Centennial Puzzle","Art of War","Potion Belt","Bronze Scales","Happy Flower","Pandora\u0027s Box","Vajra","Pocketwatch","Mummified Hand","White Beast Statue","Dead Branch","Gremlin Horn","Pantograph"],"potions_floor_usage":[38,38,38,40,40,40,50,55,55,55,55,55,55,55,55,55,55],"damage_taken":[{"damage":1.0,"enemies":"Cultist","floor":1.0,"turns":4.0},{"damage":7.0,"enemies":"2 Louse","floor":2.0,"turns":2.0},{"damage":0.0,"enemies":"Small Slimes","floor":4.0,"turns":3.0},{"damage":31.0,"enemies":"Lagavulin","floor":7.0,"turns":7.0},{"damage":27.0,"enemies":"Gremlin Nob","floor":10.0,"turns":4.0},{"damage":9.0,"enemies":"Blue Slaver","floor":14.0,"turns":3.0},{"damage":11.0,"enemies":"Slime Boss","floor":16.0,"turns":7.0},{"damage":10.0,"enemies":"Spheric Guardian","floor":18.0,"turns":3.0},{"damage":11.0,"enemies":"Shell Parasite","floor":20.0,"turns":4.0},{"damage":1.0,"enemies":"Centurion and Healer","floor":21.0,"turns":6.0},{"damage":14.0,"enemies":"Slavers","floor":24.0,"turns":3.0},{"damage":33,"enemies":"Shelled Parasite and Fungi","floor":25,"turns":3},{"damage":12,"enemies":"3 Cultists","floor":30,"turns":3},{"damage":40,"enemies":"Collector","floor":33,"turns":4},{"damage":14,"enemies":"Orb Walker","floor":35,"turns":3},{"damage":17,"enemies":"3 Darklings","floor":37,"turns":4},{"damage":48,"enemies":"2 Orb Walkers","floor":38,"turns":3},{"damage":23,"enemies":"Reptomancer","floor":40,"turns":4},{"damage":13,"enemies":"Maw","floor":42,"turns":3},{"damage":15,"enemies":"Writhing Mass","floor":44,"turns":2},{"damage":20,"enemies":"Sphere and 2 Shapes","floor":46,"turns":2},{"damage":8,"enemies":"4 Shapes","floor":48,"turns":2},{"damage":44,"enemies":"Time Eater","floor":50,"turns":7},{"damage":35,"enemies":"Shield and Spear","floor":54,"turns":3},{"damage":44,"enemies":"The Heart","floor":55,"turns":5}],"seed_played":"-1333680447884044660","potions_obtained":[{"floor":1.0,"key":"Explosive Potion"},{"floor":7.0,"key":"Explosive Potion"},{"floor":10.0,"key":"EntropicBrew"},{"floor":33,"key":"Fire Potion"},{"floor":35,"key":"GamblersBrew"},{"floor":36,"key":"EntropicBrew"},{"floor":37,"key":"SkillPotion"},{"floor":38,"key":"Swift Potion"},{"floor":40,"key":"AttackPotion"},{"floor":42,"key":"PowerPotion"},{"floor":44,"key":"LiquidBronze"},{"floor":54,"key":"EssenceOfSteel"}],"is_trial":false,"path_per_floor":["M","M","$","M","?","R","E","R","T","E","?","$","?","M","R","B",null,"M","?","M","M","$","R","E","M","T","R","?","R","M","$","R","B",null,"M","?","M","?","$","E","R","M","T","M","$","M","R","M","R","B",null,"R","$","E","B",null],"character_chosen":"IRONCLAD","items_purchased":["Spot Weakness","Happy Flower","Vajra","Limit Break","Panacea","Impervious","Armaments"],"campfire_rested":3,"item_purchase_floors":[3,12,22,31,45,53,53],"current_hp_per_floor":[88,87,87,88,88,88,63,63,63,42,24,24,24,21,47,42,88,84,84,82,90,90,90,86,63,63,63,42,42,40,40,73,39,111,103,103,96,69,69,56,56,53,53,48,48,34,73,75,75,41,139,139,139,110,97],"gold":68,"neow_bonus":"TEN_PERCENT_HP_BONUS","is_prod":false,"is_daily":false,"chose_seed":false,"campfire_upgraded":7,"win_rate":0,"timestamp":1547106686,"path_taken":["M","M","$","?","?","R","E","R","T","E","?","$","?","M","R","BOSS","M","?","?","M","$","R","E","M","T","R","?","R","M","?","R","BOSS","M","?","?","?","$","E","R","M","T","M","$","M","R","M","R","BOSS","R","$","E","BOSS"],"build_version":"2019-01-03v4","purchased_purges":1,"victory":true,"max_hp_per_floor":[88,88,88,88,88,88,88,88,88,88,88,88,88,88,88,88,88,88,88,91,94,94,94,98,102,102,102,107,107,111,111,111,111,111,111,111,115,119,119,123,123,127,127,131,131,131,131,135,135,139,139,139,139,139,139],"card_choices":[{"not_picked":["Bloodletting","Pommel Strike"],"picked":"Cleave","floor":1.0},{"not_picked":["Twin Strike","Feel No Pain","Body Slam"],"picked":"SKIP","floor":2.0},{"not_picked":["Iron Wave","True Grit"],"picked":"Inflame","floor":4.0},{"not_picked":["Rampage","Iron Wave"],"picked":"Sword Boomerang","floor":7.0},{"not_picked":["Second Wind","Twin Strike","Shockwave"],"picked":"SKIP","floor":10.0},{"not_picked":["Flex","Rampage","Clash"],"picked":"SKIP","floor":14.0},{"not_picked":["Dark Embrace","Demon Form"],"picked":"Feed","floor":16.0},{"not_picked":["Iron Wave","Shockwave+1"],"picked":"True Grit+1","floor":18.0},{"not_picked":["Cleave","Evolve"],"picked":"Dual Wield+1","floor":20.0},{"not_picked":["Anger+1","Clothesline","Shrug It Off"],"picked":"SKIP","floor":21.0},{"not_picked":["Corruption","Whirlwind","Armaments"],"picked":"SKIP","floor":24.0},{"not_picked":["Cleave","Body Slam","Fire Breathing"],"picked":"SKIP","floor":25},{"not_picked":["Armaments+1","Corruption","Dual Wield"],"picked":"SKIP","floor":30},{"not_picked":["Barricade","Demon Form"],"picked":"Limit Break","floor":33},{"not_picked":["Wild Strike","Armaments"],"picked":"Heavy Blade+1","floor":35},{"not_picked":["Pommel Strike+1","Entrench+1","Feel No Pain"],"picked":"SKIP","floor":37},{"not_picked":["Anger","Fire Breathing"],"picked":"Metallicize+1","floor":38},{"not_picked":["Sword Boomerang+1","Thunderclap"],"picked":"Corruption+1","floor":40},{"not_picked":["True Grit+1","Iron Wave+1","Carnage"],"picked":"SKIP","floor":42},{"not_picked":["Havoc+1","True Grit+1"],"picked":"Corruption","floor":44},{"not_picked":["Hemokinesis","Rampage+1"],"picked":"Evolve","floor":46},{"not_picked":["Uppercut","Havoc+1"],"picked":"Seeing Red","floor":48},{"not_picked":["Anger+1","Shrug It Off"],"picked":"Sentinel+1","floor":54}],"player_experience":185206,"relics_obtained":[{"floor":7.0,"key":"Centennial Puzzle"},{"floor":9.0,"key":"Art of War"},{"floor":10.0,"key":"Potion Belt"},{"floor":24.0,"key":"Pocketwatch"},{"floor":26,"key":"Mummified Hand"},{"floor":38,"key":"Dead Branch"},{"floor":40,"key":"Gremlin Horn"},{"floor":54,"key":"Pantograph"}],"event_choices":[{"cards_removed":["Strike_R"],"damage_healed":0.0,"max_hp_gain":0.0,"max_hp_loss":0.0,"gold_gain":0.0,"event_name":"Living Wall","player_choice":"Forget","floor":5.0,"gold_loss":0.0,"damage_taken":0.0},{"damage_healed":0.0,"max_hp_gain":0.0,"max_hp_loss":0.0,"gold_gain":0.0,"event_name":"Scrap Ooze","player_choice":"Success","floor":11.0,"gold_loss":0.0,"damage_taken":18.0,"relics_obtained":["Bronze Scales"]},{"damage_healed":0.0,"max_hp_gain":0.0,"max_hp_loss":0.0,"gold_gain":0.0,"event_name":"The Cleric","player_choice":"Leave","floor":13.0,"gold_loss":0.0,"damage_taken":0.0},{"damage_healed":0.0,"max_hp_gain":0.0,"max_hp_loss":0.0,"gold_gain":0.0,"event_name":"The Woman in Blue","player_choice":"Bought 0 Potions","floor":19.0,"gold_loss":0.0,"damage_taken":0.0},{"damage_healed":0,"gold_gain":0,"player_choice":"Shed Blood","damage_taken":26,"max_hp_gain":5,"max_hp_loss":0,"event_name":"Forgotten Altar","floor":28,"gold_loss":0},{"damage_healed":0,"gold_gain":0,"player_choice":"Got Potions","damage_taken":0,"max_hp_gain":0,"max_hp_loss":0,"event_name":"Lab","floor":36,"gold_loss":0},{"damage_healed":0,"gold_gain":0,"player_choice":"Fight","damage_taken":0,"max_hp_gain":0,"max_hp_loss":0,"event_name":"Mysterious Sphere","floor":38,"gold_loss":0}],"is_beta":false,"boss_relics":[{"not_picked":["Mark of Pain","Coffee Dripper"],"picked":"Pandora\u0027s Box"},{"not_picked":["Runic Dome","Calling Bell"],"picked":"White Beast Statue"}],"items_purged_floors":[39],"is_endless":false,"potions_floor_spawned":[1,7,10,20,21,33,35,37,38,40,42,44,46,48,54],"ascension_level":0}