{"path_per_floor":["M","M","?","?","M","E","T","R","T","$","M","M","R","M","R","B",null,"M","M","?","?","M","R","$","R","T","M","$","E","M","M","R","B",null,"M","M","M","M"],"character_chosen":"IRONCLAD","items_purchased":["Flex","Flash of Steel","Bottled Tornado","Metallicize"],"gold_per_floor":[117,129,129,129,147,177,200,200,200,87,97,110,110,123,123,224,224,244,264,264,264,281,281,30,30,107,120,2,31,47,61,61,158,158,170,184,197,211],"floor_reached":39,"campfire_rested":0,"playtime":6500,"current_hp_per_floor":[79,83,83,83,80,66,66,66,66,66,72,82,82,82,82,36,83,83,76,76,76,82,82,82,82,82,82,82,81,83,83,83,83,83,38,41,31,7],"items_purged":["Regret"],"gold":211,"play_id":"ef8c95ba-b0cc-4f67-8251-d821f879d158","is_prod":false,"is_daily":false,"is_ascension_mode":false,"campfire_upgraded":6,"path_taken":["M","M","?","?","?","E","?","R","T","$","M","M","R","M","R","BOSS","M","M","?","?","M","R","?","R","T","M","?","E","M","M","R","BOSS","M","M","M","M","M"],"build_version":"2018-01-25-PROD3","purchased_purges":1,"victory":false,"master_deck":["Strike_R","Strike_R","Strike_R","Strike_R","Strike_R","Defend_R+1","Defend_R","Defend_R+1","Bash+1","Infernal Blade+1","Reaper","Double Tap+1","Iron Wave","Shrug It Off","Flex","Flash of Steel","Cleave","Perfected Strike","Metallicize+1","Demon Form+1","Infernal Blade+1","Headbutt","Cleave+1","Heavy Blade","Metallicize+1","Twin Strike","Flex+1","Fire Breathing+1","Double Tap","Iron Wave+1","Shrug It Off","Pommel Strike"],"max_hp_per_floor":[80,83,83,83,83,83,83,83,83,83,83,83,83,83,83,83,83,83,83,83,83,83,83,83,83,83,83,83,83,83,83,83,83,83,83,83,83,86],"relics":["Burning Blood","Orichalcum","Ice Cream","Blood Vial","War Paint","Mark of Pain","Mummified Hand","Bottled Tornado","Smiling Mask","Lantern","Question Card"],"card_choices":[{"not_picked":["Second Wind","Shrug It Off"],"picked":"Infernal Blade"},{"not_picked":["Iron Wave","Twin Strike"],"picked":"Reaper"},{"not_picked":["Armaments","Clash"],"picked":"Iron Wave"},{"not_picked":["Flex","Thunderclap"],"picked":"Shrug It Off"},{"not_picked":["Sentinel","Armaments"],"picked":"Cleave"},{"not_picked":["Reckless Charge","Hemokinesis"],"picked":"Perfected Strike"},{"not_picked":["Intimidate","Second Wind"],"picked":"Metallicize"},{"not_picked":["Berserk","Brutality"],"picked":"Demon Form"},{"not_picked":["Disarm","Heavy Blade"],"picked":"Infernal Blade"},{"not_picked":["True Grit","Flex"],"picked":"Headbutt"},{"not_picked":["Armaments","Anger"],"picked":"Cleave"},{"not_picked":["Evolve","Clash"],"picked":"Heavy Blade"},{"not_picked":["Disarm","Reckless Charge"],"picked":"Twin Strike"},{"not_picked":["Headbutt","Combust"],"picked":"Flex"},{"not_picked":["Berserk","Inflame"],"picked":"Fire Breathing"},{"not_picked":["Exhume","Impervious"],"picked":"Double Tap"},{"not_picked":["Clash","Body Slam","Perfected Strike"],"picked":"Iron Wave"},{"not_picked":["Twin Strike","Whirlwind","Feed"],"picked":"Shrug It Off"},{"not_picked":["Perfected Strike","Blood for Blood","Wild Strike"],"picked":"Pommel Strike"}],"player_experience":79529,"potions_floor_usage":[38,39,39,39],"damage_taken":[{"damage":7,"enemies":"Jaw Worm","floor":1,"turns":5},{"damage":1,"enemies":"Cultist","floor":2,"turns":3},{"damage":9,"enemies":"2 Louse","floor":5,"turns":3},{"damage":37,"enemies":"3 Sentries","floor":6,"turns":8},{"damage":11,"enemies":"Lots of Slimes","floor":11,"turns":4},{"damage":2,"enemies":"Gremlin Gang","floor":12,"turns":4},{"damage":13,"enemies":"Exordium Thugs","floor":14,"turns":4},{"damage":53,"enemies":"The Guardian","floor":16,"turns":10},{"damage":7,"enemies":"Shell Parasite","floor":18,"turns":5},{"damage":13,"enemies":"Spheric Guardian","floor":19,"turns":4},{"damage":2,"enemies":"Snecko","floor":22,"turns":3},{"damage":31,"enemies":"3 Cultists","floor":27,"turns":5},{"damage":21,"enemies":"Gremlin Leader","floor":29,"turns":5},{"damage":5,"enemies":"Centurion and Healer","floor":30,"turns":4},{"damage":0,"enemies":"Snecko","floor":31,"turns":3},{"damage":7,"enemies":"Champ","floor":33,"turns":7},{"damage":51,"enemies":"3 Shapes","floor":35,"turns":3},{"damage":5,"enemies":"3 Darklings","floor":36,"turns":3},{"damage":26,"enemies":"Sphere and 2 Shapes","floor":37,"turns":3},{"damage":48,"enemies":"4 Shapes","floor":38,"turns":5},{"damage":13,"enemies":"Maw","floor":39,"turns":2}],"event_choices":[{"event_name":"Living Wall","player_choice":"Change","floor":3,"damage_taken":0},{"event_name":"Big Fish","player_choice":"Box","floor":4,"damage_taken":0},{"event_name":"The Mausoleum","player_choice":"Yes","floor":20,"damage_taken":0},{"event_name":"Purifier","player_choice":"One Purge","floor":21,"damage_taken":0}],"boss_relics":[{"not_picked":["Runic Cube","Tiny House"],"picked":"Mark of Pain"},{"not_picked":["Cursed Key","Runic Dome"],"picked":"Question Card"}],"potions_floor_spawned":[1,11,12,19,29,30,36,38],"seed_played":"-6303811802022750259","killed_by":"Maw","ascension_level":0,"is_trial":false}