{"gold_per_floor":[111,211,221,236,236,236,186,186,210,210,210,230,230,243,243,366,366,381,404,404,425,100,100,100,100,150,165,185,185,231,247,247,367,367,381,399,36,60,73,73],"floor_reached":40,"playtime":3361,"items_purged":["Strike_R","Bite"],"score":491,"play_id":"fb89b7ae-5f61-4dd3-bb79-0ac5a633b9c7","local_time":"20190408104633","is_ascension_mode":true,"campfire_choices":[{"data":"Inflame","floor":6,"key":"SMITH"},{"data":"Bash","floor":8,"key":"SMITH"},{"floor":10,"key":"RECALL"},{"data":"Whirlwind","floor":15,"key":"SMITH"},{"data":"Limit Break","floor":23,"key":"SMITH"},{"data":"Heavy Blade","floor":25,"key":"SMITH"},{"floor":29,"key":"REST"},{"floor":32,"key":"REST"}],"neow_cost":"NONE","seed_source_timestamp":773062558107500,"circlet_count":0,"master_deck":["Defend_R","Defend_R","Defend_R","Defend_R","Bash+1","Headbutt","Inflame+1","Ghostly Armor","Whirlwind+1","Feed","Limit Break+1","Heavy Blade+1","Burning Pact","Shrug It Off+1","Sentinel","Bite","Bite","Bite","Bite","Shrug It Off","Reaper","Metallicize","Seeing Red+1","Flame Barrier","Armaments","Power Through+1"],"relics":["Burning Blood","NeowsBlessing","Golden Idol","Omamori","Sozu","Lee\u0027s Waffle","Smiling Mask","Fusion Hammer","Chemical X"],"potions_floor_usage":[16],"damage_taken":[{"damage":0,"enemies":"Jaw Worm","floor":1,"turns":1},{"damage":0,"enemies":"Cultist","floor":3,"turns":1},{"damage":0,"enemies":"Small Slimes","floor":4,"turns":1},{"damage":0,"enemies":"2 Fungi Beasts","floor":12,"turns":4},{"damage":0,"enemies":"3 Louse","floor":14,"turns":1},{"damage":69,"enemies":"The Guardian","floor":16,"turns":10},{"damage":22,"enemies":"2 Thieves","floor":18,"turns":3},{"damage":20,"enemies":"Spheric Guardian","floor":19,"turns":4},{"damage":7,"enemies":"3 Cultists","floor":21,"turns":4},{"damage":42,"enemies":"Shelled Parasite and Fungi","floor":27,"turns":6},{"damage":68,"enemies":"Cultist and Chosen","floor":28,"turns":7},{"damage":12,"enemies":"3 Cultists","floor":31,"turns":4},{"damage":51,"enemies":"Automaton","floor":33,"turns":9},{"damage":72,"enemies":"3 Darklings","floor":35,"turns":8},{"damage":0,"enemies":"Orb Walker","floor":36,"turns":3},{"damage":33,"enemies":"Sphere and 2 Shapes","floor":38,"turns":5},{"damage":42,"enemies":"3 Darklings","floor":39,"turns":6},{"damage":58,"enemies":"Giant Head","floor":40,"turns":7}],"seed_played":"8909087105079163653","potions_obtained":[{"floor":3,"key":"LiquidBronze"},{"floor":14,"key":"FairyPotion"}],"is_trial":false,"path_per_floor":["M","?","M","M","?","R","?","R","T","R","?","M","?","M","R","B",null,"M","M","?","M","$","R","?","R","T","M","M","R","T","M","R","B",null,"M","M","$","M","M","E"],"character_chosen":"IRONCLAD","items_purchased":["Lee\u0027s Waffle","Sentinel","Flame Barrier","Chemical X","Armaments"],"campfire_rested":2,"item_purchase_floors":[22,22,37,37,37],"current_hp_per_floor":[80,80,80,80,60,60,60,60,60,60,65,71,71,77,77,14,85,72,58,58,60,98,98,68,68,68,40,18,38,38,40,60,39,71,33,41,41,43,30,0],"gold":73,"neow_bonus":"THREE_ENEMY_KILL","is_prod":false,"is_daily":false,"chose_seed":false,"campfire_upgraded":5,"win_rate":0,"timestamp":1554734793,"path_taken":["M","?","M","?","?","R","?","R","T","R","?","?","?","M","R","BOSS","M","M","?","M","$","R","?","R","T","?","M","R","?","?","R","BOSS","M","M","$","M","?","E"],"build_version":"2019-01-23","purchased_purges":2,"victory":false,"max_hp_per_floor":[80,80,80,80,80,80,80,80,80,80,85,85,85,85,85,85,85,88,88,88,91,98,98,68,68,68,68,68,68,68,68,68,71,71,71,71,71,71,71,71],"card_choices":[{"not_picked":["Thunderclap","Evolve"],"picked":"Headbutt","floor":1},{"not_picked":["Burning Pact","Pommel Strike"],"picked":"Inflame","floor":3},{"not_picked":["True Grit","Pommel Strike"],"picked":"Ghostly Armor","floor":4},{"not_picked":["Fire Breathing","Pummel"],"picked":"Whirlwind","floor":12},{"not_picked":["Rampage","Cleave"],"picked":"Feed","floor":14},{"not_picked":["Exhume","Impervious"],"picked":"Limit Break","floor":16},{"not_picked":["Body Slam","Corruption"],"picked":"Heavy Blade","floor":18},{"not_picked":["Armaments+1","Iron Wave","Body Slam+1"],"picked":"SKIP","floor":19},{"not_picked":["Wild Strike+1","Pommel Strike+1"],"picked":"Shrug It Off+1","floor":21},{"not_picked":["Hemokinesis","Clothesline+1","Fire Breathing"],"picked":"SKIP","floor":27},{"not_picked":["Wild Strike","Entrench"],"picked":"Shrug It Off","floor":28},{"not_picked":["Bludgeon","Infernal Blade","Pommel Strike"],"picked":"SKIP","floor":31},{"not_picked":["Brutality","Barricade"],"picked":"Reaper","floor":33},{"not_picked":["Carnage","Flex+1"],"picked":"Metallicize","floor":35},{"not_picked":["Hemokinesis+1","Wild Strike"],"picked":"Seeing Red+1","floor":36},{"not_picked":["Inflame+1","Dual Wield","Rupture+1"],"picked":"SKIP","floor":38},{"not_picked":["Iron Wave","True Grit"],"picked":"Power Through+1","floor":39}],"player_experience":254104,"relics_obtained":[{"floor":9,"key":"Omamori"},{"floor":30,"key":"Smiling Mask"}],"event_choices":[{"damage_healed":0,"gold_gain":100,"player_choice":"Pray","damage_taken":0,"max_hp_gain":0,"max_hp_loss":0,"event_name":"Golden Shrine","floor":2,"gold_loss":0},{"damage_healed":0,"gold_gain":0,"player_choice":"Take Damage","damage_taken":20,"relics_obtained":["Golden Idol"],"max_hp_gain":0,"max_hp_loss":0,"event_name":"Golden Idol","floor":5,"gold_loss":0},{"cards_removed":["Strike_R"],"damage_healed":0,"gold_gain":0,"player_choice":"Card Removal","damage_taken":0,"max_hp_gain":0,"max_hp_loss":0,"event_name":"The Cleric","floor":7,"gold_loss":50},{"damage_healed":0,"gold_gain":0,"player_choice":"Donut","damage_taken":0,"max_hp_gain":5,"max_hp_loss":0,"event_name":"Big Fish","floor":11,"gold_loss":0},{"cards_removed":["Strike_R"],"damage_healed":0,"gold_gain":0,"player_choice":"Purged","damage_taken":0,"max_hp_gain":0,"max_hp_loss":0,"event_name":"Purifier","floor":13,"gold_loss":0},{"damage_healed":0,"gold_gain":0,"player_choice":"Read","damage_taken":0,"max_hp_gain":0,"max_hp_loss":0,"event_name":"The Library","floor":20,"gold_loss":0,"cards_obtained":["Burning Pact"]},{"damage_healed":0,"gold_gain":0,"player_choice":"Became a vampire","damage_taken":0,"max_hp_gain":0,"max_hp_loss":30,"event_name":"Vampires","floor":24,"gold_loss":0,"cards_obtained":["Bite","Bite","Bite","Bite","Bite"]}],"is_beta":false,"boss_relics":[{"not_picked":["Runic Cube","Runic Pyramid"],"picked":"Sozu"},{"not_picked":["Black Star","Orrery"],"picked":"Fusion Hammer"}],"items_purged_floors":[22,37],"is_endless":false,"potions_floor_spawned":[3,14,19,28,33,38,39],"killed_by":"Giant Head","ascension_level":3}