{"gold_per_floor":[211,225,225,239,255,255,284,284,284,310,330,253,269,299,299,398,398,410,0,17,17],"floor_reached":21,"playtime":655,"items_purged":[],"score":306,"play_id":"858eae8a-b03a-491d-849c-88c6d7f0921b","local_time":"20181214150324","is_ascension_mode":true,"campfire_choices":[{"data":"Rupture","floor":6,"key":"SMITH"},{"data":"Hemokinesis","floor":8,"key":"SMITH"},{"floor":15,"key":"REST"}],"neow_cost":"NONE","seed_source_timestamp":14729980459455,"circlet_count":0,"master_deck":["AscendersBane","Strike_R","Strike_R","Strike_R","Defend_R","Defend_R","Defend_R","Bash","True Grit","Twin Strike","Rupture+1","Flex","Hemokinesis","Hemokinesis+1","Sword Boomerang","Flex","Rupture","Pommel Strike","Limit Break","Heavy Blade"],"relics":["Burning Blood","Dodecahedron","Meat on the Bone","Shovel","Empty Cage"],"potions_floor_usage":[7,7,21,21],"damage_taken":[{"damage":3,"enemies":"2 Louse","floor":1,"turns":4},{"damage":1,"enemies":"Cultist","floor":2,"turns":3},{"damage":1,"enemies":"Small Slimes","floor":4,"turns":4},{"damage":13,"enemies":"3 Louse","floor":5,"turns":5},{"damage":23,"enemies":"Lagavulin","floor":7,"turns":5},{"damage":13,"enemies":"Gremlin Nob","floor":10,"turns":3},{"damage":33,"enemies":"Gremlin Gang","floor":11,"turns":5},{"damage":9,"enemies":"2 Fungi Beasts","floor":13,"turns":4},{"damage":60,"enemies":"Slime Boss","floor":16,"turns":12},{"damage":49,"enemies":"2 Thieves","floor":18,"turns":5},{"damage":30,"enemies":"Spheric Guardian","floor":20,"turns":4},{"damage":25,"enemies":"Snake Plant","floor":21,"turns":2}],"seed_played":"-4001852995603052328","potions_obtained":[{"floor":1,"key":"Weak Potion"},{"floor":5,"key":"PowerPotion"},{"floor":11,"key":"Dexterity Potion"},{"floor":18,"key":"EssenceOfSteel"}],"is_trial":false,"path_per_floor":["M","M","?","M","M","R","E","R","T","E","M","$","M","?","R","B",null,"M","?","M","M"],"character_chosen":"IRONCLAD","items_purchased":["Rupture"],"campfire_rested":1,"item_purchase_floors":[12],"current_hp_per_floor":[75,80,80,80,73,73,56,56,56,49,34,34,43,43,67,25,66,35,35,23,0],"gold":17,"neow_bonus":"HUNDRED_GOLD","is_prod":false,"is_daily":false,"chose_seed":false,"campfire_upgraded":2,"win_rate":0,"timestamp":1544825004,"path_taken":["M","M","?","M","?","R","E","R","T","E","?","$","M","?","R","BOSS","M","?","M","M"],"build_version":"2018-12-13","purchased_purges":0,"victory":false,"max_hp_per_floor":[80,80,80,80,80,80,80,80,80,80,80,80,80,80,80,80,80,80,80,80,80],"card_choices":[{"not_picked":["Combust","Pummel"],"picked":"True Grit","floor":1},{"not_picked":["Rupture","Flex"],"picked":"Twin Strike","floor":2},{"not_picked":["Rampage","Bloodletting"],"picked":"Flex","floor":4},{"not_picked":["Armaments","Headbutt"],"picked":"Hemokinesis","floor":5},{"not_picked":["Wild Strike","Feel No Pain"],"picked":"Hemokinesis","floor":7},{"not_picked":["Twin Strike","Burning Pact"],"picked":"Sword Boomerang","floor":10},{"not_picked":["Twin Strike","Sword Boomerang"],"picked":"Flex","floor":11},{"not_picked":["Clash","Searing Blow"],"picked":"Pommel Strike","floor":13},{"not_picked":["Exhume","Demon Form"],"picked":"Limit Break","floor":16},{"not_picked":["Corruption+1","Warcry"],"picked":"Heavy Blade","floor":18},{"not_picked":["Clothesline","Havoc","Infernal Blade"],"picked":"SKIP","floor":20}],"player_experience":1152412,"relics_obtained":[{"floor":7,"key":"Dodecahedron"},{"floor":9,"key":"Meat on the Bone"},{"floor":10,"key":"Shovel"}],"event_choices":[{"damage_healed":0,"gold_gain":0,"cards_transformed":["Strike_R"],"player_choice":"Transformed","damage_taken":0,"max_hp_gain":0,"max_hp_loss":0,"event_name":"Transmorgrifier","floor":3,"gold_loss":0,"cards_obtained":["Rupture"]},{"damage_healed":0,"gold_gain":30,"player_choice":"Searched \u00271\u0027 times","damage_taken":0,"max_hp_gain":0,"max_hp_loss":0,"event_name":"Dead Adventurer","floor":14,"gold_loss":0},{"damage_healed":0,"gold_gain":0,"player_choice":"Paid Fearfully","damage_taken":0,"max_hp_gain":0,"max_hp_loss":0,"event_name":"Masked Bandits","floor":19,"gold_loss":410}],"is_beta":false,"boss_relics":[{"not_picked":["Coffee Dripper","Runic Pyramid"],"picked":"Empty Cage"}],"items_purged_floors":[],"is_endless":false,"potions_floor_spawned":[1,5,11,18],"killed_by":"Snake Plant","ascension_level":12}