{"gold_per_floor":[114,133,150,150,177,189,226,238,275,301,313,359,162,437,437,535,535,550,252,252,269,283,283,301,314,390,390,390,390,400,413,413,516,516,536,547,547,547,559,572,572,585,585,585,585,585,0,16,16,16],"floor_reached":51,"playtime":724,"items_purged":["Defend_R","Regret"],"score":711,"play_id":"44332b39-9464-496a-ad08-d75f45b5b739","local_time":"20190410153319","is_ascension_mode":false,"campfire_choices":[{"data":"Uppercut","floor":6.0,"key":"SMITH"},{"data":"Bash","floor":8.0,"key":"SMITH"},{"data":"Whirlwind","floor":11.0,"key":"SMITH"},{"data":"Double Tap","floor":15.0,"key":"SMITH"},{"data":"Immolate","floor":23.0,"key":"SMITH"},{"data":"Immolate","floor":27.0,"key":"SMITH"},{"data":"Inflame","floor":32,"key":"SMITH"},{"data":"Clash","floor":41,"key":"SMITH"},{"data":"Clash","floor":44,"key":"SMITH"},{"data":"Clash","floor":46,"key":"SMITH"},{"data":"Clash","floor":49,"key":"SMITH"}],"neow_cost":"NONE","seed_source_timestamp":14763991077449,"circlet_count":0,"master_deck":["Strike_R","Strike_R","Strike_R","Strike_R","Strike_R","Defend_R","Defend_R","Defend_R","Bash+1","Clash+1","Clash+1","Uppercut+1","Clash+1","Whirlwind+1","Double Tap+1","Inflame+1","Clash+1","Immolate+1","Clash+1","Immolate+1","Flame Barrier+1","Immolate+1","Apotheosis"],"special_seed":0,"relics":["Burning Blood","NeowsBlessing","MawBank","Bag of Marbles","Anchor","Happy Flower","Coffee Dripper","DollysMirror","Letter Opener","Philosopher\u0027s Stone","Shuriken","Red Mask"],"potions_floor_usage":[33,33,50,50,50],"damage_taken":[{"damage":0.0,"enemies":"Small Slimes","floor":1.0,"turns":1.0},{"damage":0.0,"enemies":"Cultist","floor":2.0,"turns":1.0},{"damage":0.0,"enemies":"2 Louse","floor":3.0,"turns":1.0},{"damage":4.0,"enemies":"Blue Slaver","floor":5.0,"turns":2.0},{"damage":13.0,"enemies":"Lagavulin","floor":7.0,"turns":5.0},{"damage":0.0,"enemies":"Red Slaver","floor":10.0,"turns":3.0},{"damage":1.0,"enemies":"Gremlin Nob","floor":12.0,"turns":3.0},{"damage":26.0,"enemies":"The Guardian","floor":16.0,"turns":5.0},{"damage":0.0,"enemies":"Chosen","floor":18.0,"turns":2.0},{"damage":0.0,"enemies":"2 Thieves","floor":21.0,"turns":1.0},{"damage":0.0,"enemies":"Centurion and Healer","floor":22.0,"turns":2.0},{"damage":0.0,"enemies":"Snake Plant","floor":24.0,"turns":2.0},{"damage":0.0,"enemies":"Shelled Parasite and Fungi","floor":25.0,"turns":2.0},{"damage":0,"enemies":"Cultist and Chosen","floor":30,"turns":2},{"damage":0,"enemies":"Centurion and Healer","floor":31,"turns":2},{"damage":31,"enemies":"Automaton","floor":33,"turns":6},{"damage":9,"enemies":"3 Darklings","floor":35,"turns":3},{"damage":0,"enemies":"Orb Walker","floor":36,"turns":2},{"damage":6,"enemies":"4 Shapes","floor":39,"turns":2},{"damage":2,"enemies":"Transient","floor":40,"turns":5},{"damage":0,"enemies":"Sphere and 2 Shapes","floor":42,"turns":2},{"damage":0,"enemies":"Jaw Worm Horde","floor":48,"turns":2},{"damage":55,"enemies":"Donu and Deca","floor":50,"turns":7}],"seed_played":"8353878512109891440","potions_obtained":[{"floor":1.0,"key":"GamblersBrew"},{"floor":3.0,"key":"SkillPotion"},{"floor":7.0,"key":"Dexterity Potion"},{"floor":12.0,"key":"Swift Potion"},{"floor":16.0,"key":"LiquidBronze"},{"floor":33,"key":"Regen Potion"},{"floor":35,"key":"SkillPotion"}],"is_trial":false,"path_per_floor":["M","M","M","?","M","R","E","R","T","M","R","E","$","?","R","B",null,"M","$","?","M","M","R","M","M","T","R","?","?","M","M","R","B",null,"M","M","?","?","M","M","R","M","T","R","?","R","?","M","R","B",null],"character_chosen":"IRONCLAD","items_purchased":["Inflame","Clash","DollysMirror"],"campfire_rested":0,"item_purchase_floors":[13,13,19],"current_hp_per_floor":[80,80,80,80,80,80,73,73,73,79,79,80,80,80,80,60,80,80,80,80,80,80,80,80,80,80,80,80,80,80,80,80,55,80,77,80,76,76,76,76,76,76,76,76,76,76,76,76,76,37],"gold":16,"neow_bonus":"THREE_ENEMY_KILL","is_prod":false,"is_daily":false,"chose_seed":false,"campfire_upgraded":11,"win_rate":0,"timestamp":1554931999,"path_taken":["M","M","M","?","M","R","E","R","T","M","R","E","?","?","R","BOSS","M","$","?","M","M","R","M","M","T","R","?","?","?","M","R","BOSS","M","M","?","?","M","?","R","M","T","R","?","R","?","M","R","BOSS"],"build_version":"2019-01-23","purchased_purges":2,"victory":true,"max_hp_per_floor":[80,80,80,80,80,80,80,80,80,80,80,80,80,80,80,80,80,80,80,80,80,80,80,80,80,80,80,80,80,80,80,80,80,80,80,80,76,76,76,76,76,76,76,76,76,76,76,76,76,76],"card_choices":[{"not_picked":["Intimidate","Corruption"],"picked":"Clash","floor":1.0},{"not_picked":["Thunderclap","Armaments"],"picked":"Clash","floor":2.0},{"not_picked":["Battle Trance","Spot Weakness"],"picked":"Uppercut","floor":3.0},{"not_picked":["Havoc","Perfected Strike","Sever Soul"],"picked":"SKIP","floor":5.0},{"not_picked":["Cleave","Warcry"],"picked":"Clash","floor":7.0},{"not_picked":["Twin Strike","True Grit"],"picked":"Whirlwind","floor":10.0},{"not_picked":["Corruption","Iron Wave"],"picked":"Double Tap","floor":12.0},{"not_picked":["Limit Break","Berserk"],"picked":"Immolate","floor":16.0},{"not_picked":["Searing Blow","Sword Boomerang"],"picked":"Clash+1","floor":18.0},{"not_picked":["Armaments","Clothesline"],"picked":"Flame Barrier+1","floor":21.0},{"not_picked":["Headbutt","Seeing Red","Flex"],"picked":"SKIP","floor":22.0},{"not_picked":["Havoc","Fire Breathing","Clothesline"],"picked":"SKIP","floor":24.0},{"not_picked":["Clothesline","Brutality","Headbutt"],"picked":"SKIP","floor":25.0},{"not_picked":["Warcry","Rage","Dual Wield"],"picked":"SKIP","floor":30},{"not_picked":["Heavy Blade","Blood for Blood+1","Pommel Strike+1"],"picked":"SKIP","floor":31},{"not_picked":["Rupture+1","Wild Strike+1","Flex+1"],"picked":"SKIP","floor":35},{"not_picked":["Warcry+1","Reckless Charge+1","Shockwave+1"],"picked":"SKIP","floor":36},{"not_picked":["Warcry+1","Reckless Charge+1","Shockwave+1"],"picked":"SKIP","floor":36},{"not_picked":["Shrug It Off+1","Hemokinesis","True Grit+1"],"picked":"SKIP","floor":39},{"not_picked":["Spot Weakness","Clothesline","Carnage"],"picked":"SKIP","floor":40},{"not_picked":["Disarm","True Grit","Clothesline+1"],"picked":"SKIP","floor":42},{"not_picked":["Panacea","Finesse"],"picked":"Apotheosis","floor":45},{"not_picked":["True Grit","Sword Boomerang","Havoc"],"picked":"SKIP","floor":48}],"player_experience":1175759,"relics_obtained":[{"floor":7.0,"key":"Bag of Marbles"},{"floor":9.0,"key":"Anchor"},{"floor":12.0,"key":"Happy Flower"},{"floor":26.0,"key":"Letter Opener"},{"floor":43,"key":"Shuriken"}],"event_choices":[{"damage_healed":0.0,"max_hp_gain":0.0,"max_hp_loss":0.0,"gold_gain":0.0,"event_name":"WeMeetAgain","player_choice":"Gave Potion","floor":4.0,"gold_loss":0.0,"damage_taken":0.0,"relics_obtained":["MawBank"]},{"damage_healed":0.0,"max_hp_gain":0.0,"max_hp_loss":0.0,"gold_gain":275.0,"event_name":"Golden Shrine","player_choice":"Desecrate","floor":14.0,"gold_loss":0.0,"damage_taken":0.0,"cards_obtained":["Regret"]},{"damage_healed":0.0,"max_hp_gain":0.0,"max_hp_loss":0.0,"gold_gain":0.0,"event_name":"Vampires","player_choice":"Ignored","floor":20.0,"gold_loss":0.0,"damage_taken":0.0},{"damage_healed":26,"gold_gain":0,"player_choice":"Heal","damage_taken":0,"max_hp_gain":0,"max_hp_loss":0,"event_name":"The Library","floor":28,"gold_loss":0},{"damage_healed":0,"gold_gain":0,"player_choice":"Copied","damage_taken":0,"max_hp_gain":0,"max_hp_loss":0,"event_name":"Duplicator","floor":29,"gold_loss":0,"cards_obtained":["Immolate"]},{"damage_healed":0,"gold_gain":0,"player_choice":"Max HP","damage_taken":0,"max_hp_gain":0,"max_hp_loss":4,"event_name":"Winding Halls","floor":37,"gold_loss":0},{"damage_healed":0,"gold_gain":0,"player_choice":"Leave","damage_taken":0,"max_hp_gain":0,"max_hp_loss":0,"event_name":"FaceTrader","floor":38,"gold_loss":0},{"damage_healed":0,"gold_gain":0,"player_choice":"Memory 1","damage_taken":0,"max_hp_gain":0,"max_hp_loss":0,"event_name":"SensoryStone","floor":45,"gold_loss":0},{"damage_healed":0,"gold_gain":0,"player_choice":"Paid","damage_taken":0,"relics_obtained":["Red Mask"],"max_hp_gain":0,"max_hp_loss":0,"event_name":"Tomb of Lord Red Mask","floor":47,"gold_loss":585}],"is_beta":false,"boss_relics":[{"not_picked":["Snecko Eye","Ectoplasm"],"picked":"Coffee Dripper"},{"not_picked":["Calling Bell","Mark of Pain"],"picked":"Philosopher\u0027s Stone"}],"items_purged_floors":[13,19],"is_endless":false,"potions_floor_spawned":[1,3,7,12,16,21,24,30,33,35,40],"ascension_level":0}