{"gold_per_floor":[112,112,112,10,10,10,10,10,36,54,54,73,38,79,79,200,200,214,16,16,39,59,59,23,23,23,23,23,36,56,92,92,218,218,234,234,35,53,74,74,98,98,98,119,137,137,172,172,172,172],"floor_reached":50,"playtime":1816,"items_purged":[],"score":490,"play_id":"ffe81dd2-a5c7-4c95-929f-f7aea233d8c1","local_time":"20181120235104","is_ascension_mode":false,"campfire_choices":[{"floor":7.0,"key":"REST"},{"floor":11.0,"key":"REST"},{"data":"Consume","floor":15.0,"key":"SMITH"},{"data":"Lockon","floor":23.0,"key":"SMITH"},{"data":"Defragment","floor":25.0,"key":"SMITH"},{"floor":32.0,"key":"REST"},{"floor":40.0,"key":"RECALL"},{"data":"Capacitor","floor":42.0,"key":"SMITH"},{"floor":46.0,"key":"REST"},{"floor":49,"key":"REST"}],"neow_cost":"PERCENT_DAMAGE","seed_source_timestamp":111995975499086,"circlet_count":0,"master_deck":["Strike_B","Strike_B","Strike_B","Defend_B+1","Defend_B","Zap","Dualcast","Consume+1","Cold Snap+1","Defragment+1","Redo+1","Cold Snap","Ball Lightning","Buffer","Lockon+1","Conserve Battery+1","Melter","Glacier","Redo","Seek","Tempest","Undo+1","Storm","Leap","Undo","Ball Lightning","Capacitor+1","Redo+1","Go for the Eyes","Storm+1"],"special_seed":0,"relics":["Cracked Core","DataDisk","Golden Idol","Regal Pillow","Centennial Puzzle","Sozu","ClockworkSouvenir","Dead Branch","Nilry\u0027s Codex","PreservedInsect","Orrery","Lee\u0027s Waffle","Lantern"],"potions_floor_usage":[],"damage_taken":[{"damage":0.0,"enemies":"Small Slimes","floor":1.0,"turns":2.0},{"damage":9.0,"enemies":"2 Louse","floor":10.0,"turns":2.0},{"damage":0.0,"enemies":"Cultist","floor":12.0,"turns":3.0},{"damage":18.0,"enemies":"Gremlin Nob","floor":14.0,"turns":4.0},{"damage":46.0,"enemies":"Slime Boss","floor":16.0,"turns":22.0},{"damage":4.0,"enemies":"3 Byrds","floor":18.0,"turns":5.0},{"damage":2.0,"enemies":"Shell Parasite","floor":21.0,"turns":5.0},{"damage":6.0,"enemies":"Cultist and Chosen","floor":22.0,"turns":4.0},{"damage":0.0,"enemies":"Shelled Parasite and Fungi","floor":29.0,"turns":4.0},{"damage":3.0,"enemies":"Snake Plant","floor":30.0,"turns":4.0},{"damage":29.0,"enemies":"Gremlin Leader","floor":31.0,"turns":8.0},{"damage":13.0,"enemies":"Champ","floor":33.0,"turns":9.0},{"damage":46.0,"enemies":"3 Darklings","floor":35.0,"turns":5.0},{"damage":0.0,"enemies":"3 Shapes","floor":37.0,"turns":4.0},{"damage":9.0,"enemies":"3 Shapes","floor":38.0,"turns":3.0},{"damage":0.0,"enemies":"Maw","floor":39.0,"turns":9.0},{"damage":0.0,"enemies":"Jaw Worm Horde","floor":41.0,"turns":4.0},{"damage":35.0,"enemies":"Writhing Mass","floor":44.0,"turns":6.0},{"damage":6.0,"enemies":"3 Darklings","floor":45.0,"turns":8.0},{"damage":69,"enemies":"Reptomancer","floor":47,"turns":5},{"damage":43,"enemies":"Awakened One","floor":50,"turns":5}],"seed_played":"813176051649742517","potions_obtained":[{"floor":1.0,"key":"Poison Potion"},{"floor":12.0,"key":"Strength Potion"}],"is_trial":false,"path_per_floor":["M","?","?","$","?","?","R","$","T","M","R","M","?","E","R","B",null,"M","$","?","M","M","R","$","R","T","?","?","M","M","E","R","B",null,"M","?","M","$","M","M","R","M","R","T","M","M","R","E","?","R","B"],"character_chosen":"DEFECT","items_purchased":["Cold Snap","Defragment","ClockworkSouvenir","Melter","Lee\u0027s Waffle"],"campfire_rested":5,"item_purchase_floors":[4,4,19,24,37],"current_hp_per_floor":[54,47,35,35,20,2,24,24,24,15,52,52,70,52,52,6,75,71,71,71,69,63,63,63,63,63,63,47,47,44,15,52,39,75,29,29,82,73,73,73,73,73,73,38,32,71,2,2,40,0],"gold":172,"neow_bonus":"REMOVE_TWO","is_prod":false,"is_daily":false,"chose_seed":false,"campfire_upgraded":4,"win_rate":0,"timestamp":1542775864,"path_taken":["M","?","?","$","?","?","R","?","T","?","R","M","?","E","R","BOSS","M","$","?","M","M","R","?","R","T","?","?","M","M","E","R","BOSS","M","?","?","M","M","R","M","R","T","M","M","R","E","?","R","BOSS"],"build_version":"2018-11-15","purchased_purges":0,"victory":false,"max_hp_per_floor":[75,75,75,75,75,75,75,75,75,75,75,75,75,75,75,75,75,75,75,75,75,75,75,75,75,75,75,75,75,75,75,75,75,75,75,75,82,82,82,82,82,82,82,82,82,82,82,78,78,78],"card_choices":[{"not_picked":["Aggregate","Gash"],"picked":"Consume","floor":1.0},{"not_picked":["Cold Snap","Double Energy"],"picked":"Redo","floor":10.0},{"not_picked":["Beam Cell","Chill"],"picked":"Cold Snap","floor":12.0},{"not_picked":["Reinforced Body","Cold Snap"],"picked":"Ball Lightning","floor":14.0},{"not_picked":["Core Surge","Fission"],"picked":"Buffer","floor":16.0},{"not_picked":["Stack","Reinforced Body","Scrape"],"picked":"SKIP","floor":18.0},{"not_picked":["Cold Snap","Self Repair"],"picked":"Lockon","floor":21.0},{"not_picked":["Rip and Tear","Rebound"],"picked":"Conserve Battery+1","floor":22.0},{"not_picked":["Coolheaded","Darkness+1"],"picked":"Glacier","floor":29.0},{"not_picked":["Aggregate+1","Rebound"],"picked":"Redo","floor":30.0},{"not_picked":["Genetic Algorithm","Gash","Static Discharge"],"picked":"SKIP","floor":31.0},{"not_picked":["Meteor Strike","Fission"],"picked":"Seek","floor":33.0},{"not_picked":["Gash+1","Redo"],"picked":"Tempest","floor":34.0},{"not_picked":["Barrage+1","Melter+1"],"picked":"Undo+1","floor":34.0},{"not_picked":["Hologram","Leap"],"picked":"Storm","floor":34.0},{"not_picked":["Rebound","Beam Cell+1"],"picked":"Leap","floor":34.0},{"not_picked":["Heatsinks","Streamline+1"],"picked":"Undo","floor":35.0},{"not_picked":["Steam","Conserve Battery+1","Hyperbeam"],"picked":"SKIP","floor":38.0},{"not_picked":["Recycle","Tempest"],"picked":"Ball Lightning","floor":39.0},{"not_picked":["Redo+1","Streamline"],"picked":"Capacitor","floor":41.0},{"not_picked":["Genetic Algorithm","Sunder+1"],"picked":"Redo+1","floor":44.0},{"not_picked":["Leap+1","Turbo"],"picked":"Go for the Eyes","floor":45.0},{"not_picked":["Hologram+1","Chaos+1"],"picked":"Storm+1","floor":47}],"player_experience":463804,"relics_obtained":[{"floor":9.0,"key":"Regal Pillow"},{"floor":14.0,"key":"Centennial Puzzle"},{"floor":26.0,"key":"Dead Branch"},{"floor":28.0,"key":"Nilry\u0027s Codex"},{"floor":31.0,"key":"PreservedInsect"},{"floor":47,"key":"Lantern"}],"event_choices":[{"cards_removed":["Defend_B"],"damage_healed":0.0,"max_hp_gain":0.0,"max_hp_loss":0.0,"gold_gain":0.0,"event_name":"Golden Wing","player_choice":"Card Removal","floor":2.0,"gold_loss":0.0,"damage_taken":7.0},{"damage_healed":0.0,"max_hp_gain":0.0,"max_hp_loss":0.0,"gold_gain":0.0,"event_name":"Scrap Ooze","player_choice":"Success","floor":3.0,"gold_loss":0.0,"damage_taken":12.0,"relics_obtained":["DataDisk"]},{"damage_healed":0.0,"max_hp_gain":0.0,"max_hp_loss":0.0,"gold_gain":0.0,"event_name":"Shining Light","player_choice":"Entered Light","floor":5.0,"gold_loss":0.0,"damage_taken":15.0,"cards_upgraded":["Cold Snap","Defend_B"]},{"damage_healed":0.0,"max_hp_gain":0.0,"max_hp_loss":0.0,"gold_gain":0.0,"event_name":"Golden Idol","player_choice":"Take Damage","floor":6.0,"gold_loss":0.0,"damage_taken":18.0,"relics_obtained":["Golden Idol"]},{"damage_healed":18.0,"max_hp_gain":0.0,"max_hp_loss":0.0,"gold_gain":0.0,"event_name":"The Cleric","player_choice":"Healed","floor":13.0,"gold_loss":35.0,"damage_taken":0.0},{"damage_healed":0.0,"max_hp_gain":0.0,"max_hp_loss":0.0,"gold_gain":0.0,"event_name":"Accursed Blacksmith","player_choice":"Forge","floor":20.0,"gold_loss":0.0,"damage_taken":0.0,"cards_upgraded":["Redo"]},{"damage_healed":0.0,"max_hp_gain":0.0,"max_hp_loss":0.0,"gold_gain":0.0,"event_name":"Beggar","player_choice":"Ignored","floor":27.0,"gold_loss":0.0,"damage_taken":0.0},{"damage_healed":0.0,"max_hp_gain":0.0,"max_hp_loss":0.0,"gold_gain":0.0,"event_name":"Cursed Tome","player_choice":"Obtained Book","floor":28.0,"gold_loss":0.0,"damage_taken":16.0},{"damage_healed":0.0,"max_hp_gain":0.0,"max_hp_loss":0.0,"gold_gain":0.0,"event_name":"Lab","player_choice":"Got Potions","floor":36.0,"gold_loss":0.0,"damage_taken":0.0},{"damage_healed":0,"gold_gain":0,"player_choice":"Max HP","damage_taken":0,"max_hp_gain":0,"max_hp_loss":4,"event_name":"Winding Halls","floor":48,"gold_loss":0}],"is_beta":true,"boss_relics":[{"not_picked":["Eternal Feather","FrozenCore"],"picked":"Sozu"},{"not_picked":["Snecko Eye","Runic Dome"],"picked":"Orrery"}],"items_purged_floors":[],"is_endless":false,"potions_floor_spawned":[1,12,18,29,30,33,37,47],"killed_by":"Awakened One","ascension_level":0}