{"gold_per_floor":[109,87,87,101,113,113,145,145,145,145,156,183,183,193,193,288,288,306,306,341,15,15,15,15],"floor_reached":24,"playtime":606,"items_purged":["Decay"],"score":202,"play_id":"497687ed-c37e-43ec-b574-58abbd85ae3c","local_time":"20181120231738","is_ascension_mode":false,"campfire_choices":[{"data":"Zap","floor":6.0,"key":"SMITH"},{"data":"Capacitor","floor":15.0,"key":"SMITH"},{"floor":23,"key":"REST"}],"neow_cost":"NONE","seed_source_timestamp":111347072090758,"circlet_count":0,"master_deck":["Strike_B","Strike_B","Strike_B","Strike_B","Defend_B","Defend_B","Defend_B","Defend_B+1","Zap+1","Dualcast","Conserve Battery","Sweeping Beam","Cold Snap+1","Ball Lightning","Storm","Core Surge","Conserve Battery","Capacitor+1","Buffer","Chaos+1","Capacitor","Magnetism"],"special_seed":0,"relics":["Cracked Core","NeowsBlessing","Ice Cream","WingedGreaves","Omamori","Sozu","Red Mask"],"potions_floor_usage":[],"damage_taken":[{"damage":0.0,"enemies":"2 Louse","floor":1.0,"turns":1.0},{"damage":0.0,"enemies":"Cultist","floor":4.0,"turns":1.0},{"damage":0.0,"enemies":"Small Slimes","floor":5.0,"turns":1.0},{"damage":21.0,"enemies":"Lagavulin","floor":7.0,"turns":8.0},{"damage":0.0,"enemies":"Looter","floor":11.0,"turns":3.0},{"damage":2.0,"enemies":"3 Sentries","floor":12.0,"turns":5.0},{"damage":8.0,"enemies":"Exordium Thugs","floor":14.0,"turns":3.0},{"damage":24.0,"enemies":"Hexaghost","floor":16.0,"turns":11.0},{"damage":10.0,"enemies":"Chosen","floor":18.0,"turns":5.0},{"damage":47.0,"enemies":"Masked Bandits","floor":20.0,"turns":5.0},{"damage":6,"enemies":"Colosseum Slavers","floor":24,"turns":2}],"seed_played":"-2206785184963533616","potions_obtained":[{"floor":3.0,"key":"Block Potion"},{"floor":3.0,"key":"Poison Potion"},{"floor":3.0,"key":"Dexterity Potion"},{"floor":5.0,"key":"Block Potion"},{"floor":11.0,"key":"Dexterity Potion"},{"floor":14.0,"key":"Block Potion"},{"floor":16.0,"key":"SteroidPotion"}],"is_trial":false,"path_per_floor":["M","$","?","M","M","R","E","?","T","?","M","E","?","M","R","B",null,"M","T","?","$","?","R","?"],"character_chosen":"DEFECT","items_purchased":["Sweeping Beam","Capacitor","Magnetism"],"campfire_rested":1,"item_purchase_floors":[2,21,21],"current_hp_per_floor":[75,75,75,75,75,75,54,39,39,39,39,37,37,29,29,5,75,65,65,18,18,18,40,34],"gold":15,"neow_bonus":"THREE_ENEMY_KILL","is_prod":false,"is_daily":false,"chose_seed":false,"campfire_upgraded":2,"win_rate":0,"timestamp":1542773858,"path_taken":["M","$","?","?","M","R","E","?","T","?","?","E","?","M","R","BOSS","M","?","?","$","?","R","?"],"build_version":"2018-11-15","purchased_purges":1,"victory":false,"max_hp_per_floor":[75,75,75,75,75,75,75,75,75,75,75,75,75,75,75,75,75,75,75,75,75,75,75,75],"card_choices":[{"not_picked":["Sweeping Beam","Steam"],"picked":"Conserve Battery","floor":1.0},{"not_picked":["Skim","Streamline"],"picked":"Cold Snap","floor":4.0},{"not_picked":["Turbo","Compile Driver"],"picked":"Ball Lightning","floor":5.0},{"not_picked":["Rebound","Hologram"],"picked":"Storm","floor":7.0},{"not_picked":["Rip and Tear","Chaos"],"picked":"Sunder","floor":11.0},{"not_picked":["Streamline","Skim"],"picked":"Core Surge","floor":12.0},{"not_picked":["Redo","Coolheaded"],"picked":"Capacitor","floor":14.0},{"not_picked":["Amplify","Core Surge"],"picked":"Buffer","floor":16.0},{"not_picked":["Steam","Compile Driver"],"picked":"Chaos+1","floor":18.0}],"player_experience":463198,"relics_obtained":[{"floor":7.0,"key":"Ice Cream"},{"floor":9.0,"key":"WingedGreaves"},{"floor":12.0,"key":"Omamori"},{"floor":20.0,"key":"Red Mask"}],"event_choices":[{"damage_healed":0.0,"max_hp_gain":0.0,"max_hp_loss":0.0,"gold_gain":0.0,"event_name":"Lab","player_choice":"Got Potions","floor":3.0,"gold_loss":0.0,"damage_taken":0.0},{"damage_healed":0.0,"max_hp_gain":0.0,"max_hp_loss":0.0,"gold_gain":0.0,"event_name":"Shining Light","player_choice":"Entered Light","floor":8.0,"gold_loss":0.0,"damage_taken":15.0,"cards_upgraded":["Cold Snap","Defend_B"]},{"damage_healed":0.0,"max_hp_gain":0.0,"max_hp_loss":0.0,"gold_gain":0.0,"event_name":"Wheel of Change","player_choice":"Cursed","floor":10.0,"gold_loss":0.0,"damage_taken":0.0,"cards_obtained":["Decay"]},{"cards_removed":["Sunder"],"damage_healed":0.0,"max_hp_gain":0.0,"max_hp_loss":0.0,"gold_gain":0.0,"event_name":"NoteForYourself","player_choice":"Took Card","floor":13.0,"gold_loss":0.0,"damage_taken":0.0,"cards_obtained":["Conserve Battery"]},{"damage_healed":0.0,"max_hp_gain":0.0,"max_hp_loss":0.0,"gold_gain":0.0,"event_name":"Masked Bandits","player_choice":"Fought Bandits","floor":20.0,"gold_loss":0.0,"damage_taken":0.0},{"damage_healed":0.0,"max_hp_gain":0.0,"max_hp_loss":0.0,"gold_gain":0.0,"event_name":"Beggar","player_choice":"Ignored","floor":22.0,"gold_loss":0.0,"damage_taken":0.0},{"damage_healed":0,"gold_gain":0,"player_choice":"Fight","damage_taken":0,"max_hp_gain":0,"max_hp_loss":0,"event_name":"Colosseum","floor":24,"gold_loss":0}],"is_beta":true,"boss_relics":[{"not_picked":["Velvet Choker","Busted Crown"],"picked":"Sozu"}],"items_purged_floors":[21],"is_endless":false,"potions_floor_spawned":[5,11,14,16,18],"killed_by":"Colosseum Slavers","ascension_level":0}