{"gold_per_floor":[112,112,29,40,40,74,127,140,167,181,181,198,210,243,243,344,344,358,358,159,174,174,201,201,201],"floor_reached":25,"playtime":1234,"items_purged":[],"score":268,"play_id":"85c8a1d2-bb6e-452c-b127-2d9ed210b975","local_time":"20180818142317","is_ascension_mode":true,"campfire_choices":[{"floor":15,"key":"REST"},{"floor":24,"key":"REST"}],"neow_cost":"NONE","seed_source_timestamp":132746704408796,"circlet_count":0,"master_deck":["Strike_R","Strike_R","Strike_R","Strike_R","Strike_R","Defend_R","Defend_R","Defend_R","Defend_R","Bash","Perfected Strike","Fire Breathing","Perfected Strike","Rampage","Ghostly Armor","Corruption","Intimidate","Armaments+1","Pummel","Exhume","Cleave","Body Slam","Impervious","Perfected Strike","RitualDagger","Perfected Strike","Discovery","True Grit","Metallicize","Iron Wave+1","Iron Wave"],"relics":["Sozu","Dream Catcher","Blood Vial","Oddly Smooth Stone","Blue Candle","Eternal Feather","Potion Belt"],"potions_floor_usage":[],"damage_taken":[{"damage":4,"enemies":"2 Louse","floor":1,"turns":3},{"damage":0,"enemies":"Cultist","floor":4,"turns":2},{"damage":14,"enemies":"Gremlin Nob","floor":6,"turns":3},{"damage":0,"enemies":"Small Slimes","floor":8,"turns":3},{"damage":13,"enemies":"3 Louse","floor":10,"turns":4},{"damage":4,"enemies":"Blue Slaver","floor":12,"turns":3},{"damage":6,"enemies":"2 Fungi Beasts","floor":13,"turns":3},{"damage":6,"enemies":"3 Sentries","floor":14,"turns":7},{"damage":48,"enemies":"Hexaghost","floor":16,"turns":9},{"damage":10,"enemies":"3 Byrds","floor":18,"turns":6},{"damage":0,"enemies":"Spheric Guardian","floor":21,"turns":3},{"damage":71,"enemies":"Book of Stabbing","floor":23,"turns":8},{"damage":59,"enemies":"Gremlin Leader","floor":25,"turns":7}],"seed_played":"2076226499182701307","potions_obtained":[],"is_trial":false,"path_per_floor":["M","?","$","M","$","E","T","M","T","M","?","M","M","E","R","B",null,"M","?","$","M","?","E","R"],"character_chosen":"IRONCLAD","items_purchased":["Perfected Strike","Rampage","Perfected Strike","Discovery","True Grit"],"campfire_rested":2,"item_purchase_floors":[3,3,20,20,20],"current_hp_per_floor":[76,76,76,76,76,62,62,64,64,53,53,51,47,43,67,21,80,70,64,64,66,80,9,51,0],"gold":201,"neow_bonus":"BOSS_RELIC","is_prod":false,"is_daily":false,"chose_seed":false,"campfire_upgraded":0,"win_rate":0,"timestamp":1534623797,"path_taken":["M","?","$","?","$","E","?","M","T","M","?","M","M","E","R","BOSS","M","?","$","M","?","E","R","E"],"build_version":"2018-08-16","purchased_purges":0,"victory":false,"max_hp_per_floor":[80,80,80,80,80,80,80,80,80,80,80,80,80,80,80,80,80,80,80,80,80,80,80,80,80],"card_choices":[{"not_picked":["Flame Barrier","Rage"],"picked":"Perfected Strike","floor":1},{"not_picked":["Thunderclap","Sword Boomerang"],"picked":"Ghostly Armor","floor":4},{"not_picked":["Headbutt","Body Slam"],"picked":"Corruption","floor":6},{"not_picked":["Double Tap","Havoc"],"picked":"Intimidate","floor":8},{"not_picked":["Twin Strike","Body Slam"],"picked":"Armaments","floor":10},{"not_picked":["Disarm","Thunderclap"],"picked":"Pummel","floor":12},{"not_picked":["Wild Strike","Reckless Charge"],"picked":"Exhume","floor":13},{"not_picked":["Pommel Strike","Twin Strike"],"picked":"Cleave","floor":14},{"not_picked":["Wild Strike","Dropkick"],"picked":"Body Slam","floor":15},{"not_picked":["Feed","Limit Break"],"picked":"Impervious","floor":16},{"not_picked":["Headbutt+1","Dropkick"],"picked":"Perfected Strike","floor":18},{"not_picked":["Combust","Sword Boomerang+1"],"picked":"Metallicize","floor":21},{"not_picked":["Clash","Fire Breathing"],"picked":"Iron Wave+1","floor":23},{"not_picked":["Hemokinesis","Havoc"],"picked":"Iron Wave","floor":24}],"player_experience":247573,"relics_obtained":[{"floor":6,"key":"Dream Catcher"},{"floor":7,"key":"Blood Vial"},{"floor":9,"key":"Oddly Smooth Stone"},{"floor":14,"key":"Blue Candle"},{"floor":23,"key":"Potion Belt"}],"event_choices":[{"event_name":"Match and Keep!","player_choice":"2 cards matched","floor":2,"damage_taken":0},{"event_name":"Living Wall","player_choice":"Grow","floor":11,"damage_taken":0},{"event_name":"Nest","player_choice":"Joined the Cult","floor":19,"damage_taken":0},{"event_name":"Bonfire Elementals","player_choice":"UNCOMMON","floor":22,"damage_taken":0}],"is_beta":false,"boss_relics":[{"not_picked":["Coffee Dripper","White Beast Statue"],"picked":"Eternal Feather"}],"items_purged_floors":[],"is_endless":false,"potions_floor_spawned":[1,4,8,10,13,23],"killed_by":"Gremlin Leader","ascension_level":1}