{"gold_per_floor":[110,60,60,78,95,125,125,158,235,252,177,177,177,252,252,252],"floor_reached":16,"playtime":676,"items_purged":["Defend_R"],"score":108,"play_id":"71cebf05-5ddf-49fc-ac15-4d4eb0950040","local_time":"20190315161403","is_ascension_mode":false,"campfire_choices":[{"data":"Metallicize","floor":7,"key":"SMITH"},{"data":"Metallicize","floor":12,"key":"SMITH"},{"floor":15,"key":"REST"}],"neow_cost":"NONE","seed_source_timestamp":187778961169757,"circlet_count":0,"master_deck":["Strike_R","Strike_R","Strike_R","Strike_R","Strike_R","Defend_R","Metallicize+1","Cleave","Metallicize+1","Shrug It Off","Fire Breathing"],"relics":["Burning Blood","Torii","PreservedInsect","Gremlin Horn","Smiling Mask"],"potions_floor_usage":[10],"damage_taken":[{"damage":1,"enemies":"Jaw Worm","floor":1,"turns":5},{"damage":1,"enemies":"Cultist","floor":4,"turns":4},{"damage":2,"enemies":"2 Louse","floor":5,"turns":3},{"damage":42,"enemies":"3 Sentries","floor":6,"turns":8},{"damage":28,"enemies":"Gremlin Nob","floor":8,"turns":6},{"damage":2,"enemies":"Looter","floor":10,"turns":4},{"damage":50,"enemies":"Hexaghost","floor":16,"turns":14}],"seed_played":"1511306008215874068","potions_obtained":[{"floor":4,"key":"EssenceOfSteel"},{"floor":5,"key":"BloodPotion"}],"is_trial":false,"path_per_floor":["?","?","M","T","?"],"character_chosen":"IRONCLAD","items_purchased":[],"campfire_rested":1,"item_purchase_floors":[],"current_hp_per_floor":[80,80,80,80,80,44,44,22,22,34,34,34,34,23,47,0],"gold":252,"neow_bonus":"REMOVE_CARD","is_prod":false,"is_daily":false,"chose_seed":false,"campfire_upgraded":2,"win_rate":0,"timestamp":1552680843,"path_taken":["M","?","?","M","M","E","R","E","T","?","$","R","?","?","R","BOSS"],"build_version":"2019-01-23","purchased_purges":1,"victory":false,"max_hp_per_floor":[80,80,80,80,80,80,80,80,80,80,80,80,80,80,80,80],"card_choices":[{"not_picked":["Sword Boomerang","Wild Strike"],"picked":"Metallicize","floor":1},{"not_picked":["Shockwave","Flex","Warcry"],"picked":"SKIP","floor":4},{"not_picked":["Body Slam","Iron Wave"],"picked":"Cleave","floor":5},{"not_picked":["Cleave","Evolve"],"picked":"Metallicize","floor":6},{"not_picked":["Corruption","True Grit"],"picked":"Shrug It Off","floor":8},{"not_picked":["Cleave","Entrench"],"picked":"Fire Breathing","floor":10}],"player_experience":653038,"relics_obtained":[{"floor":6,"key":"Torii"},{"floor":8,"key":"PreservedInsect"},{"floor":9,"key":"Gremlin Horn"},{"floor":13,"key":"Smiling Mask"}],"event_choices":[{"cards_removed":["Defend_R"],"damage_healed":0,"gold_gain":0,"player_choice":"Card Removal","damage_taken":0,"max_hp_gain":0,"max_hp_loss":0,"event_name":"The Cleric","floor":2,"gold_loss":50},{"cards_removed":["Bash"],"damage_healed":0,"gold_gain":0,"player_choice":"Offered Basic","damage_taken":0,"max_hp_gain":0,"max_hp_loss":0,"event_name":"Bonfire Elementals","floor":3,"gold_loss":0},{"damage_healed":0,"gold_gain":75,"player_choice":"Gather Gold","damage_taken":11,"max_hp_gain":0,"max_hp_loss":0,"event_name":"World of Goop","floor":14,"gold_loss":0}],"is_beta":false,"boss_relics":[],"items_purged_floors":[11],"is_endless":false,"potions_floor_spawned":[4,5],"killed_by":"Hexaghost","ascension_level":0}