{"gold_per_floor":[109,29,29,29,47,47,47,70,145,161,161,186,37,53,53,178,178,103,103,122,122,145,145,145],"floor_reached":24,"playtime":1370,"items_purged":[],"score":186,"play_id":"e5f1ca41-4210-4fc0-b6f3-3ca7f93c6361","local_time":"20180729175358","is_ascension_mode":false,"campfire_choices":[{"floor":6,"key":"REST"},{"data":"Inflame","floor":11,"key":"SMITH"},{"floor":15,"key":"REST"},{"floor":23,"key":"REST"}],"neow_cost":"NONE","seed_source_timestamp":258503044247939,"circlet_count":0,"master_deck":["Strike_R","Strike_R+1","Strike_R","Strike_R","Strike_R+1","Defend_R+1","Defend_R","Defend_R","Defend_R","Bash","Evolve","Battle Trance","Inflame+1","Carnage","Warcry","Madness+1","Warcry","Metallicize","Exhume","Inflame+1","Warcry+1","RitualDagger","Clothesline"],"relics":["Burning Blood","Golden Idol","Gremlin Horn","Runic Cube"],"potions_floor_usage":[16],"damage_taken":[{"damage":5,"enemies":"Small Slimes","floor":1,"turns":5},{"damage":4,"enemies":"2 Louse","floor":5,"turns":3},{"damage":1,"enemies":"Cultist","floor":8,"turns":4},{"damage":10,"enemies":"2 Fungi Beasts","floor":10,"turns":5},{"damage":12,"enemies":"Blue Slaver","floor":12,"turns":3},{"damage":15,"enemies":"Lots of Slimes","floor":14,"turns":4},{"damage":58,"enemies":"The Guardian","floor":16,"turns":24},{"damage":27,"enemies":"2 Thieves","floor":18,"turns":5},{"damage":17,"enemies":"Shell Parasite","floor":20,"turns":5},{"damage":45,"enemies":"Centurion and Healer","floor":22,"turns":9},{"damage":39,"enemies":"Slavers","floor":24,"turns":2}],"seed_played":"3570001861177984074","potions_obtained":[{"floor":1,"key":"Ancient Potion"},{"floor":5,"key":"Block Potion"},{"floor":10,"key":"Dexterity Potion"},{"floor":22,"key":"Regen Potion"}],"is_trial":false,"path_per_floor":["M","$","?","?","M","R","?","M","T","M","R","M","$","M","R","B",null,"M","?","M","?","M","R"],"character_chosen":"IRONCLAD","items_purchased":["Battle Trance","Madness","Warcry"],"campfire_rested":3,"item_purchase_floors":[2,13,13],"current_hp_per_floor":[80,80,60,44,46,70,75,80,80,76,76,70,70,61,85,33,85,64,64,53,47,8,33,0],"gold":145,"neow_bonus":"UPGRADE_CARD","is_prod":false,"is_daily":false,"chose_seed":false,"campfire_upgraded":1,"win_rate":0.0,"timestamp":1532908438,"path_taken":["M","$","?","?","?","R","?","M","T","M","R","M","?","M","R","BOSS","M","?","?","?","M","R","E"],"build_version":"2018-07-26","purchased_purges":0,"victory":false,"max_hp_per_floor":[80,80,80,80,80,80,85,85,85,85,85,85,85,85,85,85,85,85,85,85,85,85,85,85],"card_choices":[{"not_picked":["Rupture","True Grit"],"picked":"Evolve","floor":1},{"not_picked":["Dropkick","Clash","Power Through"],"picked":"SKIP","floor":5},{"not_picked":["Warcry","Heavy Blade"],"picked":"Inflame","floor":8},{"not_picked":["Headbutt","True Grit"],"picked":"Carnage","floor":10},{"not_picked":["Seeing Red","Thunderclap"],"picked":"Warcry","floor":12},{"not_picked":["Cleave","Pommel Strike"],"picked":"Metallicize","floor":14},{"not_picked":["Dark Embrace","Fiend Fire"],"picked":"Exhume","floor":16},{"not_picked":["Flex","Shrug It Off"],"picked":"Inflame+1","floor":18},{"not_picked":["Twin Strike+1","Shockwave"],"picked":"Warcry+1","floor":20},{"not_picked":["Power Through","Whirlwind"],"picked":"Clothesline","floor":22}],"player_experience":75893,"relics_obtained":[{"floor":9,"key":"Gremlin Horn"}],"event_choices":[{"event_name":"Golden Idol","player_choice":"Take Damage","floor":3,"damage_taken":0},{"event_name":"Shining Light","player_choice":"Entered Light","floor":4,"damage_taken":0},{"event_name":"Big Fish","player_choice":"Donut","floor":7,"damage_taken":0},{"event_name":"Upgrade Shrine","player_choice":"Upgraded","floor":19,"damage_taken":0},{"event_name":"Nest","player_choice":"Joined the Cult","floor":21,"damage_taken":0}],"is_beta":false,"boss_relics":[{"not_picked":["White Beast Statue","Lizard Tail"],"picked":"Runic Cube"}],"items_purged_floors":[],"is_endless":false,"potions_floor_spawned":[1,5,10,12,22],"killed_by":"Slavers","ascension_level":0}