{"gold_per_floor":[111,186,200,200,200,231,250,250,250,200,200,238,264,289,289,419,419,444,444,464,222,242,242,280,301,301,321,340,340,378,468,468,599,599],"floor_reached":34,"playtime":1499,"items_purged":["Defend_R"],"score":425,"play_id":"b93f14a4-93a7-47f2-bf24-8330aa4d30b6","local_time":"20190211011953","is_ascension_mode":false,"campfire_choices":[{"data":"Rampage","floor":8,"key":"SMITH"},{"data":"Clash","floor":11,"key":"SMITH"},{"data":"Fire Breathing","floor":15,"key":"SMITH"},{"data":"Panache","floor":23,"key":"SMITH"},{"floor":29,"key":"REST"},{"floor":32,"key":"REST"}],"neow_cost":"NONE","seed_source_timestamp":304464538482229,"circlet_count":0,"master_deck":["Strike_R","Strike_R","Strike_R","Defend_R","Defend_R","Defend_R","Bash","Clash+1","Rampage+1","Anger","Fire Breathing+1","Shrug It Off","Clash","Panache+1","Flex","Combust","Anger+1"],"relics":["Burning Blood","Golden Idol","Incense Burner","Darkstone Periapt","Bronze Scales","Odd Mushroom","Black Star","Red Skull","Pear","Champion Belt","Mercury Hourglass","Matryoshka","Sozu"],"potions_floor_usage":[18,25,27,28,33],"damage_taken":[{"damage":6,"enemies":"Jaw Worm","floor":1,"turns":3},{"damage":3,"enemies":"Small Slimes","floor":3,"turns":3},{"damage":27,"enemies":"Gremlin Nob","floor":6,"turns":4},{"damage":0,"enemies":"2 Louse","floor":7,"turns":2},{"damage":16,"enemies":"3 Sentries","floor":12,"turns":8},{"damage":2,"enemies":"The Mushroom Lair","floor":13,"turns":4},{"damage":3,"enemies":"Red Slaver","floor":14,"turns":4},{"damage":36,"enemies":"Slime Boss","floor":16,"turns":10},{"damage":0,"enemies":"Spheric Guardian","floor":18,"turns":3},{"damage":2,"enemies":"3 Byrds","floor":20,"turns":2},{"damage":9,"enemies":"Centurion and Healer","floor":22,"turns":4},{"damage":0,"enemies":"Gremlin Leader","floor":24,"turns":5},{"damage":26,"enemies":"Snake Plant","floor":25,"turns":3},{"damage":10,"enemies":"Shelled Parasite and Fungi","floor":27,"turns":2},{"damage":21,"enemies":"Snecko","floor":28,"turns":5},{"damage":25,"enemies":"Book of Stabbing","floor":30,"turns":4},{"damage":29,"enemies":"Collector","floor":33,"turns":6}],"seed_played":"-6582252565127592098","potions_obtained":[{"floor":6,"key":"Dexterity Potion"},{"floor":12,"key":"Swift Potion"},{"floor":16,"key":"FearPotion"},{"floor":18,"key":"EssenceOfSteel"},{"floor":25,"key":"Ancient Potion"},{"floor":30,"key":"Strength Potion"},{"floor":33,"key":"SkillPotion"}],"is_trial":false,"path_per_floor":["?","?","?","?","?","?","M","?"],"character_chosen":"IRONCLAD","items_purchased":["Panache"],"campfire_rested":2,"item_purchase_floors":[21],"current_hp_per_floor":[80,69,72,72,72,51,57,57,57,57,57,47,51,54,54,24,74,74,74,74,74,71,71,84,64,64,60,45,70,51,35,60,37,84],"gold":599,"neow_bonus":"THREE_CARDS","is_prod":false,"is_daily":false,"chose_seed":false,"campfire_upgraded":4,"win_rate":0,"timestamp":1549865993,"path_taken":["M","?","M","?","?","E","M","R","T","?","R","E","?","M","R","BOSS","M","?","?","$","M","R","E","M","T","M","M","R","E","?","R","BOSS"],"build_version":"2019-01-23","purchased_purges":1,"victory":false,"max_hp_per_floor":[80,80,80,74,74,74,74,74,74,74,74,74,74,74,74,74,74,74,74,74,74,74,74,84,84,84,84,84,84,84,84,84,84,84],"card_choices":[{"not_picked":["Flex","Anger"],"picked":"Clash","floor":0},{"not_picked":["Headbutt","Heavy Blade"],"picked":"Rampage","floor":1},{"not_picked":["Sever Soul","True Grit"],"picked":"Anger","floor":3},{"not_picked":["Inflame","Bloodletting","Twin Strike"],"picked":"SKIP","floor":6},{"not_picked":["Feel No Pain","Inflame","Double Tap"],"picked":"SKIP","floor":7},{"not_picked":["Cleave","Immolate"],"picked":"Fire Breathing","floor":12},{"not_picked":["True Grit","Seeing Red"],"picked":"Shrug It Off","floor":13},{"not_picked":["Uppercut","Havoc"],"picked":"Clash","floor":14},{"not_picked":["Blood for Blood","Perfected Strike+1","Rupture"],"picked":"SKIP","floor":18},{"not_picked":["Pommel Strike","Pummel+1","Spot Weakness+1"],"picked":"SKIP","floor":20},{"not_picked":["Clothesline","Ghostly Armor"],"picked":"Flex","floor":22},{"not_picked":["Clothesline+1","Anger+1"],"picked":"Combust","floor":24},{"not_picked":["Corruption","True Grit","Pommel Strike"],"picked":"SKIP","floor":25},{"not_picked":["Perfected Strike+1","Evolve+1","Blood for Blood"],"picked":"SKIP","floor":27},{"not_picked":["Sever Soul+1","Ghostly Armor"],"picked":"Anger+1","floor":28},{"not_picked":["Sword Boomerang","Dropkick","Shockwave+1"],"picked":"SKIP","floor":30}],"player_experience":403976,"relics_obtained":[{"floor":6,"key":"Incense Burner"},{"floor":9,"key":"Darkstone Periapt"},{"floor":12,"key":"Bronze Scales"},{"floor":13,"key":"Odd Mushroom"},{"floor":24,"key":"Red Skull"},{"floor":24,"key":"Pear"},{"floor":26,"key":"Champion Belt"},{"floor":30,"key":"Mercury Hourglass"},{"floor":30,"key":"Matryoshka"}],"event_choices":[{"damage_healed":0,"gold_gain":75,"player_choice":"Gather Gold","damage_taken":11,"max_hp_gain":0,"max_hp_loss":0,"event_name":"World of Goop","floor":2,"gold_loss":0},{"damage_healed":0,"gold_gain":0,"player_choice":"Lose Max HP","damage_taken":0,"relics_obtained":["Golden Idol"],"max_hp_gain":0,"max_hp_loss":6,"event_name":"Golden Idol","floor":4,"gold_loss":0},{"damage_healed":0,"gold_gain":0,"player_choice":"Ignored","damage_taken":0,"max_hp_gain":0,"max_hp_loss":0,"event_name":"Liars Game","floor":5,"gold_loss":0},{"cards_removed":["Strike_R"],"damage_healed":0,"gold_gain":0,"player_choice":"Card Removal","damage_taken":0,"max_hp_gain":0,"max_hp_loss":0,"event_name":"The Cleric","floor":10,"gold_loss":50},{"damage_healed":0,"gold_gain":0,"player_choice":"Fought Mushrooms","damage_taken":0,"max_hp_gain":0,"max_hp_loss":0,"event_name":"Mushrooms","floor":13,"gold_loss":0},{"cards_removed":["Strike_R"],"damage_healed":0,"gold_gain":0,"player_choice":"Offered Basic","damage_taken":0,"max_hp_gain":0,"max_hp_loss":0,"event_name":"Bonfire Elementals","floor":19,"gold_loss":0},{"damage_healed":0,"gold_gain":90,"player_choice":"GOLD ","damage_taken":16,"max_hp_gain":0,"max_hp_loss":0,"event_name":"Knowing Skull","floor":31,"potions_obtained":[],"gold_loss":0,"cards_obtained":[]}],"is_beta":false,"boss_relics":[{"not_picked":["Runic Cube","Velvet Choker"],"picked":"Black Star"},{"not_picked":["Coffee Dripper","Calling Bell"],"picked":"Sozu"}],"items_purged_floors":[21],"is_endless":false,"potions_floor_spawned":[6,12,16,18,20,25,30,33],"ascension_level":0}