{"gold_per_floor":[114,127,53,69,23,23,23,42,42,42,62,73,89,171,171,268,268,233,244,259,106,119,119,119,139,139,139,139,114,114,114,114,114],"floor_reached":33,"playtime":1380,"items_purged":[],"score":289,"play_id":"664b193e-2eb3-439c-a435-bf1ecb683e5c","local_time":"20190217091920","is_ascension_mode":false,"campfire_choices":[{"data":"Feed","floor":6,"key":"SMITH"},{"data":"Shockwave","floor":15,"key":"SMITH"},{"data":"Body Slam","floor":24,"key":"SMITH"},{"data":"Armaments","floor":27,"key":"SMITH"},{"data":"Body Slam","floor":32,"key":"SMITH"}],"neow_cost":"NONE","seed_source_timestamp":141294567806470,"circlet_count":0,"master_deck":["Strike_R+1","Strike_R+1","Strike_R+1","Defend_R+1","Defend_R+1","Defend_R+1","Defend_R+1","Bash","Feed+1","Rage","Body Slam+1","Battle Trance","True Grit","Shrug It Off","Twin Strike","Impervious","Shockwave+1","Feed","Wild Strike","Offering","Headbutt+1","Exhume","Evolve","Flame Barrier","Armaments+1","Body Slam+1"],"relics":["Burning Blood"],"potions_floor_usage":[12,16,16,25],"damage_taken":[{"damage":6,"enemies":"Cultist","floor":1,"turns":3},{"damage":2,"enemies":"Jaw Worm","floor":2,"turns":4},{"damage":0,"enemies":"Small Slimes","floor":4,"turns":2},{"damage":3,"enemies":"2 Fungi Beasts","floor":8,"turns":4},{"damage":7,"enemies":"Looter","floor":11,"turns":3},{"damage":0,"enemies":"3 Louse","floor":12,"turns":3},{"damage":4,"enemies":"Gremlin Gang","floor":13,"turns":7},{"damage":70,"enemies":"Hexaghost","floor":16,"turns":10},{"damage":11,"enemies":"2 Thieves","floor":18,"turns":5},{"damage":22,"enemies":"Shell Parasite","floor":19,"turns":10},{"damage":9,"enemies":"Centurion and Healer","floor":20,"turns":6},{"damage":26,"enemies":"Shelled Parasite and Fungi","floor":22,"turns":5},{"damage":16,"enemies":"Snecko","floor":25,"turns":7},{"damage":76,"enemies":"Champ","floor":33,"turns":14}],"seed_played":"-4563729040155379526","potions_obtained":[{"floor":1,"key":"SkillPotion"},{"floor":4,"key":"Block Potion"},{"floor":8,"key":"Strength Potion"},{"floor":18,"key":"Weak Potion"}],"is_trial":false,"path_per_floor":["M","M","$","M","$","R","?","M","T","?","M","M","M","T","R","B",null,"M","M","M","$","M","?","R","M","T","R","?","$","T","?","R","B"],"character_chosen":"IRONCLAD","items_purchased":["Battle Trance","Shrug It Off","Exhume","Body Slam"],"campfire_rested":0,"item_purchase_floors":[3,5,21,29],"current_hp_per_floor":[83,86,86,89,89,89,89,93,93,93,96,101,108,108,108,44,108,107,95,92,92,79,79,79,73,73,73,73,73,73,73,73,0],"gold":114,"neow_bonus":"TRANSFORM_CARD","is_prod":false,"is_daily":false,"chose_seed":false,"campfire_upgraded":5,"win_rate":0,"timestamp":1550420360,"path_taken":["M","M","?","M","$","R","?","M","T","?","M","?","M","?","R","BOSS","M","M","M","$","M","?","R","M","T","R","?","?","?","?","R","BOSS"],"build_version":"2019-01-23","purchased_purges":0,"victory":false,"max_hp_per_floor":[83,86,86,89,89,89,89,93,93,93,97,101,108,108,108,108,108,112,116,116,116,123,123,123,127,127,127,127,127,127,127,127,127],"card_choices":[{"not_picked":["Twin Strike","Sword Boomerang"],"picked":"Rage","floor":1},{"not_picked":["Armaments","Power Through"],"picked":"Body Slam","floor":2},{"not_picked":["Sword Boomerang","Clothesline"],"picked":"True Grit","floor":4},{"not_picked":["Warcry","Thunderclap"],"picked":"Twin Strike","floor":8},{"not_picked":["Feel No Pain","Heavy Blade"],"picked":"Shockwave","floor":11},{"not_picked":["Twin Strike","Iron Wave"],"picked":"Feed","floor":12},{"not_picked":["Corruption","Whirlwind"],"picked":"Wild Strike","floor":13},{"not_picked":["Brutality","Juggernaut"],"picked":"Offering","floor":16},{"not_picked":["Corruption","Havoc","Clothesline"],"picked":"SKIP","floor":18},{"not_picked":["Sword Boomerang","Perfected Strike+1"],"picked":"Headbutt+1","floor":19},{"not_picked":["Twin Strike","Searing Blow","Sword Boomerang+1"],"picked":"SKIP","floor":20},{"not_picked":["Havoc","Perfected Strike"],"picked":"Evolve","floor":22},{"not_picked":["Sever Soul","Dropkick"],"picked":"Armaments","floor":25}],"player_experience":1502458,"relics_obtained":[],"event_choices":[{"damage_healed":0,"gold_gain":0,"player_choice":"Fled","damage_taken":0,"max_hp_gain":0,"max_hp_loss":0,"event_name":"Scrap Ooze","floor":7,"gold_loss":0},{"damage_healed":0,"gold_gain":0,"cards_transformed":["Strike_R"],"player_choice":"Transformed","damage_taken":0,"max_hp_gain":0,"max_hp_loss":0,"event_name":"Transmorgrifier","floor":10,"gold_loss":0,"cards_obtained":["Impervious"]},{"damage_healed":0,"gold_gain":0,"player_choice":"Read","damage_taken":0,"max_hp_gain":0,"max_hp_loss":0,"event_name":"The Library","floor":23,"gold_loss":0,"cards_obtained":["Flame Barrier"]},{"damage_healed":0,"gold_gain":0,"player_choice":"Simplicity","damage_taken":0,"max_hp_gain":0,"max_hp_loss":0,"event_name":"Back to Basics","floor":31,"gold_loss":0,"cards_upgraded":["Strike_R","Strike_R","Strike_R","Defend_R","Defend_R","Defend_R","Defend_R"]}],"is_beta":false,"boss_relics":[{"not_picked":["Calling Bell","Eternal Feather","Runic Pyramid"]}],"items_purged_floors":[],"is_endless":false,"potions_floor_spawned":[1,4,8,18],"killed_by":"Champ","ascension_level":0}