{"path_per_floor":["M","M","?","M","M","E","M","R","T","M","M","?","R","M","R","B",null,"M","?","M","$","M","R","?","M","T","R","?","$","?","M","R","B",null,"M","M","M","M","$","R","M","R","T","?","?","?","M","M","R"],"character_chosen":"IRONCLAD","items_purchased":["Singing Bowl","Seeing Red","Inflame","Pummel","Madness"],"gold_per_floor":[18,28,28,41,58,88,103,103,151,168,181,209,209,227,227,330,330,341,241,251,23,38,38,38,52,77,77,77,38,38,49,49,152,152,165,184,204,220,17,17,27,27,82,82,0,0,16,32,32],"floor_reached":50,"campfire_rested":4,"playtime":2987,"current_hp_per_floor":[76,80,80,78,60,44,40,64,64,72,80,80,80,80,80,45,80,80,80,75,75,58,58,42,35,35,35,35,35,35,22,46,40,82,67,64,63,40,40,40,23,48,48,70,70,70,49,46,72],"items_purged":["Strike_R"],"gold":32,"score":450,"play_id":"4bcd5d89-dc49-4a9b-a300-488000185c7b","is_prod":false,"is_daily":false,"is_ascension_mode":false,"campfire_upgraded":5,"path_taken":["M","M","?","M","M","E","M","R","T","M","M","?","R","M","R","BOSS","M","?","M","$","M","R","?","M","T","R","?","?","?","M","R","BOSS","M","?","M","M","$","R","?","R","T","?","?","?","M","M","R","BOSS"],"build_version":"2018-02-08-PROD1","purchased_purges":1,"victory":false,"master_deck":["Strike_R","Defend_R","Defend_R","Defend_R","Defend_R","Bash","Dual Wield+1","Wild Strike","Thunderclap","Impervious","Rampage","Ghostly Armor+1","Pommel Strike","Dropkick","Clash","Offering+1","Second Wind+1","Body Slam+1","Exhume+1","Whirlwind","J.A.X.","Rampage+1","Seeing Red+1","Inflame","Offering+1","Inflame","Headbutt","Offering+1","Pommel Strike+1","Pummel+1","Thunderclap","Pummel","Madness","Infernal Blade+1"],"max_hp_per_floor":[80,80,80,80,80,80,80,80,80,80,80,80,80,80,80,80,80,80,80,80,80,82,82,82,82,82,82,82,82,82,82,82,82,82,82,82,84,84,84,84,86,86,86,86,86,86,86,88,88],"relics":["Burning Blood","Sundial","Lantern","Blood Vial","Odd Mushroom","Astrolabe","Singing Bowl","Enchiridion","Omamori","Mercury Hourglass","Mark of Pain","Juzu Bracelet","Red Mask"],"card_choices":[{"not_picked":["Wild Strike","Cleave"],"picked":"Dual Wield"},{"not_picked":["Sword Boomerang","Havoc"],"picked":"Wild Strike"},{"not_picked":["Twin Strike","Body Slam"],"picked":"Thunderclap"},{"not_picked":["Body Slam","Armaments"],"picked":"Impervious"},{"not_picked":["Perfected Strike","Havoc"],"picked":"Rampage"},{"not_picked":["Thunderclap","Havoc"],"picked":"Ghostly Armor"},{"not_picked":["Carnage","Fire Breathing"],"picked":"Pommel Strike"},{"not_picked":["Hemokinesis","Twin Strike"],"picked":"Dropkick"},{"not_picked":["True Grit","Havoc"],"picked":"Clash"},{"not_picked":["Dark Embrace","Berserk"],"picked":"Offering"},{"not_picked":["Iron Wave","Rampage"],"picked":"Whirlwind"},{"not_picked":["Evolve","Sentinel"],"picked":"Rampage"},{"not_picked":["Twin Strike","Searing Blow"],"picked":"Inflame"},{"not_picked":["Perfected Strike","Blood for Blood"],"picked":"Headbutt"},{"not_picked":["Fiend Fire","Brutality"],"picked":"Offering"},{"not_picked":["Thunderclap","Heavy Blade"],"picked":"Pommel Strike"},{"not_picked":["Rupture","Sword Boomerang"],"picked":"Pummel"},{"not_picked":["Heavy Blade","Sword Boomerang"],"picked":"Thunderclap"},{"not_picked":["Clothesline","Warcry"],"picked":"Infernal Blade"}],"player_experience":117731,"potions_floor_usage":[6,12,16,22,25,25,41,48,50],"damage_taken":[{"damage":10.0,"enemies":"Cultist","floor":1.0,"turns":4.0},{"damage":2.0,"enemies":"2 Louse","floor":2.0,"turns":3.0},{"damage":8,"enemies":"Jaw Worm","floor":4,"turns":3},{"damage":24,"enemies":"Exordium Thugs","floor":5,"turns":7},{"damage":22,"enemies":"Gremlin Nob","floor":6,"turns":4},{"damage":10,"enemies":"Looter","floor":7,"turns":3},{"damage":0,"enemies":"Exordium Wildlife","floor":10,"turns":3},{"damage":0,"enemies":"2 Fungi Beasts","floor":11,"turns":3},{"damage":4,"enemies":"The Mushroom Lair","floor":12,"turns":2},{"damage":0,"enemies":"Large Slime","floor":14,"turns":3},{"damage":41,"enemies":"The Guardian","floor":16,"turns":9},{"damage":4,"enemies":"3 Byrds","floor":18,"turns":4},{"damage":11,"enemies":"2 Thieves","floor":20,"turns":2},{"damage":27,"enemies":"Sentry and Sphere","floor":22,"turns":5},{"damage":15,"enemies":"Centurion and Healer","floor":25,"turns":4},{"damage":21,"enemies":"Snecko","floor":31,"turns":4},{"damage":14,"enemies":"Automaton","floor":33,"turns":4},{"damage":21,"enemies":"Orb Walker","floor":35,"turns":2},{"damage":11,"enemies":"3 Darklings","floor":36,"turns":3},{"damage":11,"enemies":"Maw","floor":37,"turns":4},{"damage":31,"enemies":"4 Shapes","floor":38,"turns":3},{"damage":27,"enemies":"Sphere and 2 Shapes","floor":41,"turns":3},{"damage":29,"enemies":"Maw","floor":47,"turns":5},{"damage":13,"enemies":"3 Darklings","floor":48,"turns":3},{"damage":82,"enemies":"Awakened One","floor":50,"turns":6}],"event_choices":[{"event_name":"The Cleric","player_choice":"Leave","floor":3.0,"damage_taken":0.0},{"event_name":"Mushrooms","player_choice":"Fought Mushrooms","floor":12,"damage_taken":0},{"event_name":"Drug Dealer","player_choice":"Got JAXXED","floor":19,"damage_taken":0},{"event_name":"Cursed Tome","player_choice":"Obtained Book","floor":24,"damage_taken":0},{"event_name":"Duplicator","player_choice":"One dupe","floor":28,"damage_taken":0},{"event_name":"The Mausoleum","player_choice":"Yes","floor":30,"damage_taken":0},{"event_name":"Winding Halls","player_choice":"Writhe","floor":44,"damage_taken":0},{"event_name":"Tomb of Lord Red Mask","player_choice":"Paid","floor":45,"damage_taken":0},{"event_name":"Mysterious Sphere","player_choice":"Ignore","floor":46,"damage_taken":0}],"boss_relics":[{"not_picked":["Black Blood","Orrery"],"picked":"Astrolabe"},{"not_picked":["Question Card","Eternal Feather"],"picked":"Mark of Pain"}],"potions_floor_spawned":[2,4,6,11,14,20,35,38,41],"seed_played":"-3129886874242507666","killed_by":"Awakened One","ascension_level":0,"is_trial":false}