{"gold_per_floor":[116,116,135,135,150,150,169,169,193,224,133,88,11,31,31,136,136,149,149,115,95,95,95],"floor_reached":23,"playtime":2405,"items_purged":[],"score":223,"play_id":"6624be5e-6780-484e-9ce1-4006e94b799a","local_time":"20181027000137","is_ascension_mode":true,"campfire_choices":[{"data":"Blur","floor":6,"key":"SMITH"},{"data":"Footwork","floor":15,"key":"SMITH"}],"neow_cost":"NONE","seed_source_timestamp":1403384508318991,"circlet_count":0,"master_deck":["Defend_G+1","Defend_G+1","Defend_G+1","Defend_G+1","Defend_G+1","Strike_G+1","Strike_G+1","Strike_G+1","Strike_G+1","Survivor","Neutralize","Accuracy","Blur+1","Dodge and Roll+1","Prepared","Accuracy","Outmaneuver","Cloak And Dagger","Accuracy","Dash","Footwork+1","Storm of Steel","Footwork"],"relics":["Ring of the Snake","Vajra","Anchor","Black Star"],"potions_floor_usage":[10,10,10,23],"damage_taken":[{"damage":0,"enemies":"2 Louse","floor":1,"turns":5},{"damage":0,"enemies":"Cultist","floor":3,"turns":4},{"damage":0,"enemies":"Small Slimes","floor":5,"turns":4},{"damage":0,"enemies":"3 Louse","floor":7,"turns":8},{"damage":0,"enemies":"Lagavulin","floor":10,"turns":12},{"damage":0,"enemies":"Looter","floor":12,"turns":5},{"damage":0,"enemies":"Exordium Wildlife","floor":14,"turns":6},{"damage":67,"enemies":"Slime Boss","floor":16,"turns":27},{"damage":15,"enemies":"Spheric Guardian","floor":18,"turns":12},{"damage":73,"enemies":"Slavers","floor":23,"turns":9}],"seed_played":"-4941678449180718131","potions_obtained":[{"floor":0,"key":"EssenceOfSteel"},{"floor":0,"key":"SpeedPotion"},{"floor":0,"key":"FearPotion"},{"floor":3,"key":"AttackPotion"},{"floor":16,"key":"Strength Potion"},{"floor":21,"key":"Swift Potion"}],"is_trial":false,"path_per_floor":["M","?","M","?","M","R","M","?","T","E","$","M","$","M","R","B",null,"M","?","$","?","$"],"character_chosen":"THE_SILENT","items_purchased":["Cloak And Dagger","Accuracy","Footwork","Footwork"],"campfire_rested":0,"item_purchase_floors":[11,11,13,20],"current_hp_per_floor":[70,70,70,70,70,70,70,70,70,70,70,70,70,70,70,3,70,55,55,55,55,55,0],"gold":95,"neow_bonus":"THREE_SMALL_POTIONS","is_prod":false,"is_daily":false,"chose_seed":false,"campfire_upgraded":2,"win_rate":0,"timestamp":1540620097,"path_taken":["M","?","M","?","M","R","?","?","T","E","?","M","$","M","R","BOSS","M","?","$","?","$","E"],"build_version":"2018-10-25v2","purchased_purges":0,"victory":false,"max_hp_per_floor":[70,70,70,70,70,70,70,70,70,70,70,70,70,70,70,70,70,70,70,70,70,70,70],"card_choices":[{"not_picked":["Prepared","Acrobatics"],"picked":"Accuracy","floor":1},{"not_picked":["Flechettes","Catalyst"],"picked":"Dodge and Roll","floor":3},{"not_picked":["Dagger Spray","Quick Slash"],"picked":"Prepared","floor":5},{"not_picked":["Prepared","Sucker Punch"],"picked":"Accuracy","floor":7},{"not_picked":["Bane","Distraction"],"picked":"Outmaneuver","floor":10},{"not_picked":["Dagger Spray","Sucker Punch"],"picked":"Dash","floor":12},{"not_picked":["Concentrate","Bouncing Flask","Sucker Punch"],"picked":"SKIP","floor":14},{"not_picked":["Tools of the Trade","Wraith Form v2"],"picked":"Storm of Steel","floor":16},{"not_picked":["Outmaneuver","Masterful Stab","Dagger Throw"],"picked":"SKIP","floor":18}],"player_experience":890639,"relics_obtained":[{"floor":9,"key":"Vajra"},{"floor":10,"key":"Anchor"}],"event_choices":[{"damage_healed":0,"gold_gain":0,"cards_transformed":["Strike_G"],"player_choice":"Transformed","damage_taken":0,"max_hp_gain":0,"max_hp_loss":0,"event_name":"Transmorgrifier","floor":2,"gold_loss":0,"cards_obtained":["Blur"]},{"damage_healed":0,"gold_gain":0,"player_choice":"Leave","damage_taken":0,"max_hp_gain":0,"max_hp_loss":0,"event_name":"The Cleric","floor":4,"gold_loss":0},{"damage_healed":0,"gold_gain":0,"player_choice":"Upgraded","damage_taken":0,"max_hp_gain":0,"max_hp_loss":0,"event_name":"Upgrade Shrine","floor":8,"gold_loss":0,"cards_upgraded":["Dodge and Roll"]},{"damage_healed":0,"gold_gain":0,"player_choice":"Simplicity","damage_taken":0,"max_hp_gain":0,"max_hp_loss":0,"event_name":"Back to Basics","floor":19,"gold_loss":0,"cards_upgraded":["Defend_G","Defend_G","Defend_G","Defend_G","Defend_G","Strike_G","Strike_G","Strike_G","Strike_G"]},{"damage_healed":0,"gold_gain":0,"player_choice":"Bought 1 Potion","damage_taken":0,"max_hp_gain":0,"max_hp_loss":0,"event_name":"The Woman in Blue","floor":21,"gold_loss":0}],"is_beta":false,"boss_relics":[{"not_picked":["Lizard Tail","HoveringKite"],"picked":"Black Star"}],"items_purged_floors":[],"is_endless":false,"potions_floor_spawned":[1,3,5,16],"killed_by":"Slavers","ascension_level":1}