{"gold_per_floor":[115,129,142,217,227,262,0,0,0,29,46,62,97,97,97,194,194,213,228,153,47,66,82,82,109,109,109,109,41,73,93,93,93],"floor_reached":33,"playtime":8750,"items_purged":[],"score":347,"play_id":"e9d57ce3-c62b-488f-ab6c-cd3b926dab9a","local_time":"20180823165045","is_ascension_mode":true,"campfire_choices":[{"floor":15,"key":"REST"},{"floor":28,"key":"REST"},{"floor":32,"key":"REST"}],"neow_cost":"NONE","seed_source_timestamp":566087376550339,"circlet_count":0,"master_deck":["Defend_G","Defend_G","Defend_G","Defend_G","Defend_G","Strike_G","Strike_G","Strike_G","Strike_G","Survivor","Neutralize","Flying Knee","Deadly Poison","Flying Knee","Quick Slash","After Image","Outmaneuver","Riddle With Holes+1","Deadly Poison","Acrobatics","Quick Slash","Underhanded Strike","Adrenaline","Footwork+1","Crippling Poison+1","Bouncing Flask","Catalyst","Bane","Dodge and Roll+1","Flying Knee+1","Catalyst","Caltrops","Leg Sweep","Predator","Deadly Poison","Dagger Throw+1","Poisoned Stab+1"],"relics":["Snecko Eye","Dream Catcher","TheAbacus","Bottled Tornado","Ninja Scroll","Question Card","Black Star","Smiling Mask","Prayer Wheel","StoneCalendar","Bronze Scales","Ice Cream","Gambling Chip"],"potions_floor_usage":[16,18,19,25,33],"damage_taken":[{"damage":2,"enemies":"Cultist","floor":1,"turns":5},{"damage":0,"enemies":"Jaw Worm","floor":2,"turns":3},{"damage":0,"enemies":"2 Louse","floor":3,"turns":2},{"damage":0,"enemies":"Blue Slaver","floor":5,"turns":3},{"damage":16,"enemies":"Lagavulin","floor":6,"turns":8},{"damage":3,"enemies":"Gremlin Nob","floor":10,"turns":4},{"damage":3,"enemies":"Looter","floor":11,"turns":3},{"damage":5,"enemies":"3 Louse","floor":12,"turns":4},{"damage":11,"enemies":"Lagavulin","floor":13,"turns":6},{"damage":17,"enemies":"Slime Boss","floor":16,"turns":11},{"damage":1,"enemies":"3 Byrds","floor":18,"turns":3},{"damage":4,"enemies":"Spheric Guardian","floor":19,"turns":5},{"damage":16,"enemies":"Centurion and Healer","floor":22,"turns":5},{"damage":0,"enemies":"Snake Plant","floor":23,"turns":3},{"damage":24,"enemies":"Slavers","floor":25,"turns":5},{"damage":7,"enemies":"Gremlin Leader","floor":30,"turns":4},{"damage":22,"enemies":"Cultist and Chosen","floor":31,"turns":5},{"damage":59,"enemies":"Collector","floor":33,"turns":5}],"seed_played":"1922457615876376562","potions_obtained":[{"floor":3,"key":"GamblersBrew"},{"floor":6,"key":"Energy Potion"},{"floor":10,"key":"Ancient Potion"},{"floor":12,"key":"LiquidBronze"},{"floor":13,"key":"Block Potion"},{"floor":23,"key":"FearPotion"},{"floor":30,"key":"Dexterity Potion"}],"is_trial":false,"path_per_floor":["M","M","M","?","M","E","$","?","T","E","M","M","E","?","R","B",null,"M","M","?","$","M","M","?","E","T","?","R","$","E","M","R"],"character_chosen":"THE_SILENT","items_purchased":["TheAbacus","Outmaneuver","Bouncing Flask","Catalyst","Leg Sweep"],"campfire_rested":3,"item_purchase_floors":[7,7,21,21,29],"current_hp_per_floor":[68,68,68,57,57,41,41,64,64,61,58,53,42,42,63,46,70,69,65,65,65,49,49,49,25,25,25,46,46,39,17,38,0],"gold":93,"neow_bonus":"BOSS_RELIC","is_prod":false,"is_daily":false,"chose_seed":false,"campfire_upgraded":0,"win_rate":0,"timestamp":1535064645,"path_taken":["M","M","?","?","M","E","$","?","T","E","M","M","E","?","R","BOSS","M","?","?","$","M","M","?","E","T","?","R","$","E","M","R","BOSS"],"build_version":"2018-08-16","purchased_purges":0,"victory":false,"max_hp_per_floor":[70,70,70,70,70,70,70,70,70,70,70,70,70,70,70,70,70,70,70,70,70,70,70,70,70,70,70,70,70,70,70,70,70],"card_choices":[{"not_picked":["Bane","Deflect"],"picked":"Flying Knee","floor":1},{"not_picked":["Choke","Acrobatics"],"picked":"Deadly Poison","floor":2},{"not_picked":["Cloak And Dagger","Heel Hook"],"picked":"Flying Knee","floor":3},{"not_picked":["Setup","Deflect"],"picked":"Quick Slash","floor":5},{"not_picked":["Concentrate","Sucker Punch"],"picked":"After Image","floor":6},{"not_picked":["Escape Plan","All Out Attack"],"picked":"Riddle With Holes","floor":10},{"not_picked":["Flying Knee","Tactician"],"picked":"Deadly Poison","floor":11},{"not_picked":["Quick Slash","Outmaneuver"],"picked":"Acrobatics","floor":12},{"not_picked":["Slice","Skewer"],"picked":"Quick Slash","floor":13},{"not_picked":["Acrobatics","Heel Hook","Choke"],"picked":"Underhanded Strike","floor":15},{"not_picked":["Burst","Unload","Malaise"],"picked":"Adrenaline","floor":16},{"not_picked":["Dodge and Roll+1","Expertise","Reflex+1"],"picked":"Footwork+1","floor":18},{"not_picked":["Finisher+1","Reflex","Setup"],"picked":"Crippling Poison+1","floor":19},{"not_picked":["Accuracy","Distraction","Slice"],"picked":"Bane","floor":22},{"not_picked":["Dagger Spray","Acrobatics+1","Sucker Punch"],"picked":"Dodge and Roll+1","floor":23},{"not_picked":["Prepared","Terror","Underhanded Strike"],"picked":"Flying Knee+1","floor":25},{"not_picked":["Dagger Throw","Flying Knee+1","Skewer+1"],"picked":"Caltrops","floor":28},{"not_picked":["Adrenaline","Blade Dance+1","Dodge and Roll"],"picked":"Predator","floor":30},{"not_picked":["Infinite Blades","Escape Plan","Dodge and Roll"],"picked":"Deadly Poison","floor":31},{"not_picked":["Blur","Deadly Poison","Blade Dance"],"picked":"Dagger Throw+1","floor":31},{"not_picked":["Prepared","Riddle With Holes","Dodge and Roll+1"],"picked":"Poisoned Stab+1","floor":32}],"player_experience":321486,"relics_obtained":[{"floor":6,"key":"Dream Catcher"},{"floor":9,"key":"Bottled Tornado"},{"floor":10,"key":"Ninja Scroll"},{"floor":13,"key":"Question Card"},{"floor":25,"key":"Prayer Wheel"},{"floor":25,"key":"StoneCalendar"},{"floor":26,"key":"Bronze Scales"},{"floor":30,"key":"Ice Cream"},{"floor":30,"key":"Gambling Chip"}],"event_choices":[{"event_name":"World of Goop","player_choice":"Gather Gold","floor":4,"damage_taken":0},{"event_name":"Big Fish","player_choice":"Banana","floor":8,"damage_taken":0},{"event_name":"Living Wall","player_choice":"Grow","floor":14,"damage_taken":0},{"event_name":"Beggar","player_choice":"Gave Gold","floor":20,"damage_taken":0},{"event_name":"The Mausoleum","player_choice":"Yes","floor":24,"damage_taken":0},{"event_name":"Match and Keep!","player_choice":"1 cards matched","floor":27,"damage_taken":0}],"is_beta":false,"boss_relics":[{"not_picked":["Tiny House","Coffee Dripper"],"picked":"Black Star"}],"items_purged_floors":[],"is_endless":false,"potions_floor_spawned":[3,6,10,12,13,23,30],"killed_by":"Collector","ascension_level":1}