{"gold_per_floor":[115,290,290,19,32,32,43,72,72,72,84,84,110,185,185,284,284,299,312,312,312,70,44,44,44,120,120,136,136,181,205,217,229],"floor_reached":33,"playtime":1427,"items_purged":["Doubt","Shame"],"score":323,"play_id":"d31d6f54-f8ad-44c3-9fb1-aa89a3861aca","local_time":"20180826223433","is_ascension_mode":true,"campfire_choices":[{"data":"Flying Knee","floor":6,"key":"SMITH"},{"floor":10,"key":"REST"},{"floor":15,"key":"REST"},{"floor":25,"key":"REST"},{"floor":32,"key":"REST"}],"neow_cost":"NONE","seed_source_timestamp":853242095419565,"circlet_count":0,"master_deck":["Defend_G","Defend_G","Defend_G","Defend_G","Defend_G","Strike_G","Strike_G","Strike_G","Survivor","Neutralize","Flechettes","Flying Knee+1","Leg Sweep","Acrobatics","Distraction","Glass Knife","Dagger Spray","Masterful Stab","Storm of Steel","Dagger Spray","Caltrops","Footwork+1","Backstab","Deadly Poison","Writhe","Riddle With Holes","Neutralize","Cloak And Dagger+1","Backstab","Backflip+1"],"relics":["Ring of the Snake","Boot","Pear","Ginger","Juzu Bracelet","Frozen Egg 2","Ornamental Fan","Orichalcum","Pantograph","MawBank","Blue Candle"],"potions_floor_usage":[16,16,28,28,28,30,30,33,33],"damage_taken":[{"damage":0,"enemies":"2 Louse","floor":1,"turns":2},{"damage":0,"enemies":"Small Slimes","floor":5,"turns":3},{"damage":0,"enemies":"Jaw Worm","floor":7,"turns":3},{"damage":30,"enemies":"Gremlin Nob","floor":8,"turns":6},{"damage":4,"enemies":"Exordium Wildlife","floor":11,"turns":4},{"damage":13,"enemies":"Lagavulin","floor":13,"turns":5},{"damage":10,"enemies":"The Guardian","floor":16,"turns":14},{"damage":12,"enemies":"3 Byrds","floor":18,"turns":5},{"damage":16,"enemies":"Spheric Guardian","floor":19,"turns":4},{"damage":22,"enemies":"Shelled Parasite and Fungi","floor":28,"turns":8},{"damage":29,"enemies":"Slavers","floor":30,"turns":5},{"damage":15,"enemies":"Snake Plant","floor":31,"turns":4},{"damage":72,"enemies":"Collector","floor":33,"turns":6}],"seed_played":"3098293653907554652","potions_obtained":[{"floor":5,"key":"SteroidPotion"},{"floor":8,"key":"PowerPotion"},{"floor":11,"key":"EssenceOfSteel"},{"floor":16,"key":"Explosive Potion"},{"floor":18,"key":"EntropicBrew"},{"floor":19,"key":"Weak Potion"},{"floor":30,"key":"AttackPotion"}],"is_trial":false,"path_per_floor":["M","?","?","$","M","R","M","E","T","R","M","?","E","?","R","B",null,"M","M","?","T","$","$","?","R","T","?","M","?","E","M","R"],"character_chosen":"THE_SILENT","items_purchased":["Boot","Leg Sweep","Footwork+1","Backstab","Deadly Poison"],"campfire_rested":4,"item_purchase_floors":[4,4,22,22,23],"current_hp_per_floor":[70,70,75,75,75,75,75,55,55,80,76,76,63,52,77,67,85,73,57,57,57,57,57,57,82,82,82,60,60,31,16,41,0],"gold":229,"neow_bonus":"TRANSFORM_CARD","is_prod":false,"is_daily":false,"chose_seed":false,"campfire_upgraded":1,"win_rate":0,"timestamp":1535344473,"path_taken":["M","?","?","?","?","R","M","E","T","R","M","?","E","?","R","BOSS","M","M","?","?","?","$","?","R","T","?","M","?","E","M","R","BOSS"],"build_version":"2018-08-23v2","purchased_purges":2,"victory":false,"max_hp_per_floor":[70,70,75,75,75,75,75,85,85,85,85,85,85,85,85,85,85,85,85,85,85,85,85,85,85,85,85,85,85,85,85,85,85],"card_choices":[{"not_picked":["Outmaneuver","Bane"],"picked":"Flying Knee","floor":1},{"not_picked":["Well Laid Plans","Concentrate"],"picked":"Acrobatics","floor":5},{"not_picked":["Calculated Gamble","Dagger Throw"],"picked":"Distraction","floor":7},{"not_picked":["Quick Slash","Flying Knee"],"picked":"Glass Knife","floor":8},{"not_picked":["Deadly Poison","Blade Dance"],"picked":"Dagger Spray","floor":11},{"not_picked":["Choke","Tactician","Acrobatics"],"picked":"SKIP","floor":13},{"not_picked":["Night Terror","Die Die Die"],"picked":"Storm of Steel","floor":16},{"not_picked":["Dodge and Roll","All Out Attack"],"picked":"Dagger Spray","floor":18},{"not_picked":["Deadly Poison","All Out Attack"],"picked":"Caltrops","floor":19},{"not_picked":["Phantasmal Killer","Masterful Stab"],"picked":"Cloak And Dagger+1","floor":28},{"not_picked":["Dash","Well Laid Plans+1"],"picked":"Backstab","floor":30},{"not_picked":["Flying Knee+1","Bouncing Flask"],"picked":"Backflip+1","floor":31}],"player_experience":349358,"relics_obtained":[{"floor":8,"key":"Pear"},{"floor":9,"key":"Ginger"},{"floor":13,"key":"Juzu Bracelet"},{"floor":21,"key":"Ornamental Fan"},{"floor":26,"key":"Pantograph"},{"floor":30,"key":"Blue Candle"}],"event_choices":[{"event_name":"Liars Game","player_choice":"agreed","floor":2,"damage_taken":0},{"event_name":"Big Fish","player_choice":"Donut","floor":3,"damage_taken":0},{"event_name":"Living Wall","player_choice":"Change","floor":12,"damage_taken":0},{"event_name":"World of Goop","player_choice":"Gather Gold","floor":14,"damage_taken":0},{"event_name":"Addict","player_choice":"Stole Relic","floor":20,"damage_taken":0},{"event_name":"The Mausoleum","player_choice":"Yes","floor":24,"damage_taken":0},{"event_name":"Match and Keep!","player_choice":"3 cards matched","floor":27,"damage_taken":0},{"event_name":"WeMeetAgain","player_choice":"Card","floor":29,"damage_taken":0}],"is_beta":false,"boss_relics":[{"not_picked":["Velvet Choker","Sozu","Fusion Hammer"]}],"items_purged_floors":[4,22],"is_endless":false,"potions_floor_spawned":[5,8,11,16,18,19,30],"killed_by":"Collector","ascension_level":2}