{"gold_per_floor":[111,124,124,148,166,166,225,225,525,540,555,555,630,600,600,695,695,707,596,596,608,608,608,636,649,649,649,665,665,680,690,690,690],"floor_reached":33,"playtime":2500,"items_purged":["Regret"],"score":280,"play_id":"4cdc281b-c7c1-4e5f-a568-25e2d6abd067","local_time":"20190101135908","is_ascension_mode":true,"campfire_choices":[{"data":"Creative AI","floor":6.0,"key":"SMITH"},{"floor":8.0,"key":"REST"},{"floor":15.0,"key":"REST"},{"data":"Glacier","floor":23,"key":"SMITH"},{"floor":32,"key":"DIG"}],"neow_cost":"PERCENT_DAMAGE","seed_source_timestamp":0,"circlet_count":0,"master_deck":["Strike_B","Strike_B","Strike_B","Strike_B","Defend_B","Defend_B","Defend_B","Defend_B","Zap","Dualcast","Creative AI+1","Glacier+1","Hologram","Compile Driver","Biased Cognition","Conserve Battery","Genetic Algorithm","Reinforced Body","Seek","Storm","Cold Snap","Glacier+1","Decay"],"special_seed":0,"relics":["Cracked Core","Bird Faced Urn","Happy Flower","Tiny Chest","Old Coin","Gremlin Horn","Inserter","Mango","Peace Pipe","Shovel","Potion Belt","Ancient Tea Set"],"potions_floor_usage":[21,21,24],"damage_taken":[{"damage":1.0,"enemies":"Cultist","floor":1.0,"turns":3.0},{"damage":6.0,"enemies":"2 Louse","floor":2.0,"turns":5.0},{"damage":4.0,"enemies":"Jaw Worm","floor":5.0,"turns":5.0},{"damage":30.0,"enemies":"Gremlin Nob","floor":7.0,"turns":4.0},{"damage":9.0,"enemies":"Exordium Thugs","floor":10.0,"turns":4.0},{"damage":10.0,"enemies":"Exordium Wildlife","floor":11.0,"turns":8.0},{"damage":7.0,"enemies":"Looter","floor":14.0,"turns":4.0},{"damage":20.0,"enemies":"Slime Boss","floor":16.0,"turns":8.0},{"damage":29,"enemies":"Spheric Guardian","floor":18,"turns":8},{"damage":30,"enemies":"3 Byrds","floor":21,"turns":7},{"damage":39,"enemies":"Gremlin Leader","floor":24,"turns":8},{"damage":19,"enemies":"Shelled Parasite and Fungi","floor":25,"turns":6},{"damage":9,"enemies":"Snecko","floor":28,"turns":7},{"damage":11,"enemies":"Cultist and Chosen","floor":30,"turns":5},{"damage":21,"enemies":"Sentry and Sphere","floor":31,"turns":8},{"damage":45,"enemies":"Automaton","floor":33,"turns":6}],"seed_played":"3744850592685066343","potions_obtained":[{"floor":1.0,"key":"Explosive Potion"},{"floor":7.0,"key":"Block Potion"},{"floor":11.0,"key":"Block Potion"},{"floor":24,"key":"Poison Potion"},{"floor":25,"key":"Ancient Potion"},{"floor":30,"key":"LiquidBronze"}],"is_trial":false,"path_per_floor":["M","M","?","T","M","R","E","R","T","M","M","T","?","M","R","B",null,"M","$","?","M","?","R","E","M","T","?","M","T","M","M","R","B"],"character_chosen":"DEFECT","items_purchased":["Storm"],"campfire_rested":2,"item_purchase_floors":[19],"current_hp_per_floor":[53,47,47,47,43,43,21,43,43,44,48,48,37,38,60,56,75,58,58,72,54,54,54,35,30,30,30,37,37,40,35,35,0],"gold":690,"neow_bonus":"THREE_RARE_CARDS","is_prod":false,"is_daily":false,"chose_seed":false,"campfire_upgraded":2,"win_rate":0,"timestamp":1546379948,"path_taken":["M","?","?","?","?","R","E","R","T","M","M","?","?","M","R","BOSS","M","$","?","M","?","R","E","M","T","?","M","?","M","M","R","BOSS"],"build_version":"2018-12-20","purchased_purges":1,"victory":false,"max_hp_per_floor":[75,75,75,75,75,75,75,75,75,75,75,75,75,75,75,75,75,75,75,89,89,89,89,89,89,89,89,89,89,89,89,89,89],"card_choices":[{"not_picked":["Amplify","Machine Learning"],"picked":"Creative AI","floor":0.0},{"not_picked":["Go for the Eyes","Gash"],"picked":"Glacier","floor":1.0},{"not_picked":["Beam Cell","Tempest"],"picked":"Hologram","floor":2.0},{"not_picked":["Steam","Beam Cell"],"picked":"Compile Driver","floor":5.0},{"not_picked":["Chaos","Hologram"],"picked":"Biased Cognition","floor":7.0},{"not_picked":["Beam Cell","Force Field"],"picked":"Conserve Battery","floor":10.0},{"not_picked":["Redo","Force Field"],"picked":"Genetic Algorithm","floor":11.0},{"not_picked":["Lockon","Beam Cell"],"picked":"Reinforced Body","floor":14.0},{"not_picked":["Multi-Cast","All For One"],"picked":"Seek","floor":16.0},{"not_picked":["Streamline","Undo+1","Rebound+1"],"picked":"SKIP","floor":18},{"not_picked":["Chill","Streamline"],"picked":"Cold Snap","floor":21},{"not_picked":["Force Field","Redo","Hello World+1"],"picked":"SKIP","floor":24},{"not_picked":["Gash+1","Stack"],"picked":"Glacier+1","floor":25},{"not_picked":["Melter","Redo","Rebound"],"picked":"SKIP","floor":28},{"not_picked":["Lockon","Genetic Algorithm","Skim"],"picked":"SKIP","floor":30},{"not_picked":["Redo","Gash+1","Undo"],"picked":"SKIP","floor":31}],"player_experience":34028,"relics_obtained":[{"floor":4.0,"key":"Happy Flower"},{"floor":7.0,"key":"Tiny Chest"},{"floor":9.0,"key":"Old Coin"},{"floor":12.0,"key":"Gremlin Horn"},{"floor":24,"key":"Peace Pipe"},{"floor":26,"key":"Shovel"},{"floor":29,"key":"Potion Belt"},{"floor":32,"key":"Ancient Tea Set"}],"event_choices":[{"damage_healed":0.0,"max_hp_gain":0.0,"max_hp_loss":0.0,"gold_gain":0.0,"event_name":"Big Fish","player_choice":"Box","floor":3.0,"gold_loss":0.0,"damage_taken":0.0,"relics_obtained":["Bird Faced Urn"],"cards_obtained":["Regret"]},{"damage_healed":0.0,"max_hp_gain":0.0,"max_hp_loss":0.0,"gold_gain":75.0,"event_name":"World of Goop","player_choice":"Gather Gold","floor":13.0,"gold_loss":0.0,"damage_taken":11.0},{"damage_healed":0,"gold_gain":0,"player_choice":"Opened","damage_taken":0,"relics_obtained":["Mango"],"max_hp_gain":0,"max_hp_loss":0,"event_name":"The Mausoleum","floor":20,"gold_loss":0,"cards_obtained":["Writhe"]},{"cards_removed":["Writhe"],"damage_healed":0,"gold_gain":0,"player_choice":"Elegance","damage_taken":0,"max_hp_gain":0,"max_hp_loss":0,"event_name":"Back to Basics","floor":22,"gold_loss":0},{"damage_healed":0,"gold_gain":0,"player_choice":"Smashed Altar","damage_taken":0,"max_hp_gain":0,"max_hp_loss":0,"event_name":"Forgotten Altar","floor":27,"gold_loss":0,"cards_obtained":["Decay"]}],"is_beta":false,"boss_relics":[{"not_picked":["Snecko Eye","Coffee Dripper"],"picked":"Inserter"}],"items_purged_floors":[19],"is_endless":false,"potions_floor_spawned":[1,7,11,24,25,30],"killed_by":"Automaton","ascension_level":1}