{"gold_per_floor":[117,128,128,142,152,185,185,200,249,249,282,282,282,297,297,402,402,419,219,219,45,56,56,0,15,15,15,15,42,42,42,42,146,146,156,169,44,55,68,68,88,102,102,15,15,30,30,46,46,46],"floor_reached":50,"playtime":6251,"items_purged":["Defend_B","Strike_B","Dualcast"],"score":546,"play_id":"a2eae4ce-660f-4720-9b37-1c38cad29d0f","local_time":"20190408191859","is_ascension_mode":true,"campfire_choices":[{"floor":7.0,"key":"REST"},{"floor":10.0,"key":"REST"},{"data":"Sunder","floor":13.0,"key":"SMITH"},{"floor":15.0,"key":"REST"},{"data":"Genetic Algorithm","floor":23,"key":"SMITH"},{"floor":28,"key":"REST"},{"data":"Stack","floor":30,"key":"SMITH"},{"data":"Scrape","floor":32,"key":"SMITH"},{"floor":40,"key":"REST"},{"floor":45,"key":"REST"},{"data":"Reboot","floor":47,"key":"SMITH"},{"floor":49,"key":"REST"}],"neow_cost":"NONE","seed_source_timestamp":307319416055199,"circlet_count":0,"master_deck":["Defend_B","Defend_B","Defend_B","Zap","Sweeping Beam","Go for the Eyes","Gash","Genetic Algorithm+1","Redo","Sunder+1","Gash","FTL","Reboot+1","Skim+1","Rainbow+1","Beam Cell+1","Scrape+1","Stack+1","FTL","Self Repair+1","Beam Cell+1","Amplify","Turbo+1","Conserve Battery","Reprogram+1","Go for the Eyes+1","Gash+1","Beam Cell+1","Mind Blast+1","Go for the Eyes+1","Beam Cell+1"],"special_seed":0,"relics":["Runic Pyramid","PreservedInsect","Centennial Puzzle","Darkstone Periapt","Vajra","Astrolabe","Molten Egg 2","Nloth\u0027s Gift","Calipers","Inserter","StoneCalendar"],"potions_floor_usage":[16,16,33,33,33,50,50,50],"damage_taken":[{"damage":9.0,"enemies":"2 Louse","floor":1.0,"turns":3.0},{"damage":8.0,"enemies":"Jaw Worm","floor":2.0,"turns":5.0},{"damage":0.0,"enemies":"Small Slimes","floor":4.0,"turns":2.0},{"damage":12.0,"enemies":"Looter","floor":5.0,"turns":3.0},{"damage":26.0,"enemies":"Gremlin Nob","floor":6.0,"turns":5.0},{"damage":20.0,"enemies":"Gremlin Gang","floor":8.0,"turns":4.0},{"damage":9.0,"enemies":"3 Sentries","floor":11.0,"turns":3.0},{"damage":4.0,"enemies":"Red Slaver","floor":14.0,"turns":2.0},{"damage":33,"enemies":"The Guardian","floor":16,"turns":7},{"damage":20,"enemies":"Spheric Guardian","floor":18,"turns":4},{"damage":13,"enemies":"2 Thieves","floor":22,"turns":2},{"damage":6,"enemies":"Shelled Parasite and Fungi","floor":25,"turns":3},{"damage":11,"enemies":"Gremlin Leader","floor":29,"turns":5},{"damage":36,"enemies":"Automaton","floor":33,"turns":9},{"damage":26,"enemies":"3 Shapes","floor":35,"turns":4},{"damage":1,"enemies":"Orb Walker","floor":36,"turns":3},{"damage":47,"enemies":"Writhing Mass","floor":38,"turns":5},{"damage":17,"enemies":"Maw","floor":39,"turns":7},{"damage":0,"enemies":"Jaw Worm Horde","floor":41,"turns":3},{"damage":17,"enemies":"3 Darklings","floor":42,"turns":5},{"damage":20,"enemies":"Maw","floor":46,"turns":7},{"damage":40,"enemies":"4 Shapes","floor":48,"turns":2},{"damage":65,"enemies":"Awakened One","floor":50,"turns":8}],"seed_played":"6363369616076676001","potions_obtained":[{"floor":2.0,"key":"Energy Potion"},{"floor":5.0,"key":"EssenceOfSteel"},{"floor":6.0,"key":"LiquidBronze"},{"floor":16,"key":"Swift Potion"},{"floor":18,"key":"FearPotion"},{"floor":22,"key":"EssenceOfSteel"},{"floor":35,"key":"PowerPotion"},{"floor":38,"key":"Strength Potion"},{"floor":42,"key":"Energy Potion"},{"floor":48,"key":"Weak Potion"}],"is_trial":false,"path_per_floor":["M","M","?","M","M","E","R","M","T","R","E","?","R","M","R","B",null,"M","$","?","$","M","R","?","M","T","?","R","E","R","$","R","B",null,"M","M","$","M","M","R","M","M","T","$","R","M","R","M","R","B"],"character_chosen":"DEFECT","items_purchased":["Scrape","Stack","FTL","Mind Blast+1"],"campfire_rested":7,"item_purchase_floors":[19,19,21,44],"current_hp_per_floor":[66,58,75,75,63,37,59,39,39,61,52,52,52,48,70,37,75,55,55,55,55,42,42,42,46,46,46,68,67,67,67,67,41,75,69,68,68,41,44,66,66,49,49,49,71,71,71,31,53,0],"gold":46,"neow_bonus":"BOSS_RELIC","is_prod":false,"is_daily":false,"chose_seed":false,"campfire_upgraded":5,"win_rate":0,"timestamp":1554769139,"path_taken":["M","M","?","M","M","E","R","M","T","R","E","?","R","M","R","BOSS","M","$","?","$","M","R","?","M","T","?","R","E","R","$","R","BOSS","M","M","$","M","M","R","M","M","T","$","R","M","R","M","R","BOSS"],"build_version":"2019-01-23","purchased_purges":3,"victory":false,"max_hp_per_floor":[75,75,75,75,75,75,75,75,75,75,75,75,75,75,75,75,75,75,75,75,75,75,75,75,75,75,75,75,75,75,75,75,75,75,75,75,75,75,75,75,75,75,75,75,75,75,75,75,75,75],"card_choices":[{"not_picked":["Heatsinks","Rebound"],"picked":"Sweeping Beam","floor":1.0},{"not_picked":["Barrage","Hello World"],"picked":"Go for the Eyes","floor":2.0},{"not_picked":["Hologram","Compile Driver"],"picked":"Gash","floor":4.0},{"not_picked":["Undo","Redo"],"picked":"Genetic Algorithm","floor":5.0},{"not_picked":["Compile Driver","Leap"],"picked":"Redo","floor":6.0},{"not_picked":["Leap","Chaos"],"picked":"Sunder","floor":8.0},{"not_picked":["Thunder Strike","Rebound"],"picked":"Gash","floor":11.0},{"not_picked":["Streamline","Lockon"],"picked":"FTL","floor":14.0},{"not_picked":["Buffer","Multi-Cast"],"picked":"Reboot","floor":16},{"not_picked":["Consume","Coolheaded+1","Compile Driver+1"],"picked":"SKIP","floor":18},{"not_picked":["Storm","Recycle"],"picked":"Self Repair+1","floor":22},{"not_picked":["Cold Snap+1","Compile Driver","Coolheaded"],"picked":"SKIP","floor":25},{"not_picked":["Thunder Strike+1","Sweeping Beam+1"],"picked":"Beam Cell+1","floor":29},{"not_picked":["Core Surge+1","Biased Cognition"],"picked":"Amplify","floor":33},{"not_picked":["Gash+1","Doom and Gloom+1"],"picked":"Turbo+1","floor":35},{"not_picked":["Streamline+1","Barrage+1"],"picked":"Conserve Battery","floor":36},{"not_picked":["Stack","FTL+1"],"picked":"Reprogram+1","floor":38},{"not_picked":["Leap","Lockon+1"],"picked":"Go for the Eyes+1","floor":39},{"not_picked":["Redo+1","Reinforced Body+1"],"picked":"Gash+1","floor":41},{"not_picked":["Cold Snap+1","Stack"],"picked":"Beam Cell+1","floor":42},{"not_picked":["Sweeping Beam+1","Loop+1"],"picked":"Go for the Eyes+1","floor":46},{"not_picked":["Rip and Tear+1","Cold Snap+1"],"picked":"Beam Cell+1","floor":48}],"player_experience":196330,"relics_obtained":[{"floor":6.0,"key":"PreservedInsect"},{"floor":9.0,"key":"Centennial Puzzle"},{"floor":11.0,"key":"Darkstone Periapt"},{"floor":26,"key":"Molten Egg 2"},{"floor":29,"key":"Calipers"},{"floor":43,"key":"StoneCalendar"}],"event_choices":[{"damage_healed":25.0,"max_hp_gain":0.0,"max_hp_loss":0.0,"gold_gain":0.0,"event_name":"Big Fish","player_choice":"Banana","floor":3.0,"gold_loss":0.0,"damage_taken":0.0},{"damage_healed":0.0,"max_hp_gain":0.0,"max_hp_loss":0.0,"gold_gain":0.0,"event_name":"Dead Adventurer","player_choice":"Searched \u00271\u0027 times","floor":12.0,"gold_loss":0.0,"damage_taken":0.0,"relics_obtained":["Vajra"]},{"damage_healed":0,"gold_gain":0,"player_choice":"Inject Mutagens","damage_taken":0,"relics_obtained":["MutagenicStrength"],"max_hp_gain":0,"max_hp_loss":0,"event_name":"Drug Dealer","floor":20,"gold_loss":0},{"damage_healed":0,"gold_gain":0,"player_choice":"Paid Fearfully","damage_taken":0,"max_hp_gain":0,"max_hp_loss":0,"event_name":"Masked Bandits","floor":24,"gold_loss":56},{"damage_healed":0,"gold_gain":0,"player_choice":"Traded Relic","damage_taken":0,"relics_obtained":["Nloth\u0027s Gift"],"max_hp_gain":0,"max_hp_loss":0,"event_name":"N\u0027loth","floor":27,"relics_lost":["MutagenicStrength"],"gold_loss":0}],"is_beta":false,"boss_relics":[{"not_picked":["Cursed Key","Nuclear Battery"],"picked":"Astrolabe"},{"not_picked":["Lizard Tail","Philosopher\u0027s Stone"],"picked":"Inserter"}],"items_purged_floors":[19,21,37],"is_endless":false,"potions_floor_spawned":[2,5,6,16,18,22,35,38,42,46,48],"killed_by":"Awakened One","ascension_level":2}