{"gold_per_floor":[217,217,235,253,11,11,21,41,41,73,73,100,111,127,127,201,201,221,221,235,2,2,35,35,35,35,46,46,60,92,109,109,188,188,200,218,218,231,244,275,294,328,351,89,101,51,67,87,87,87,87,87,4,4],"floor_reached":54,"playtime":5508,"items_purged":["Strike_G"],"score":1468,"play_id":"27b9c461-5581-463c-b6ce-841772a78f95","local_time":"20190410131808","is_ascension_mode":true,"campfire_choices":[{"data":"Skewer","floor":6,"key":"SMITH"},{"data":"Neutralize","floor":15,"key":"SMITH"},{"floor":25,"key":"REST"},{"data":"Deadly Poison","floor":32,"key":"SMITH"},{"floor":49,"key":"RECALL"},{"data":"Night Terror","floor":52,"key":"SMITH"}],"neow_cost":"NONE","seed_source_timestamp":2205097544620575,"circlet_count":0,"master_deck":["AscendersBane","Defend_G","Defend_G","Defend_G","Defend_G","Defend_G","Survivor","Neutralize+1","Skewer+1","Well Laid Plans","Footwork+1","Caltrops","Cloak And Dagger","Quick Slash+1","Backflip","Dodge and Roll","Glass Knife+1","All Out Attack+1","Footwork+1","Dodge and Roll","Backflip+1","Deadly Poison+1","Envenom+1","Distraction+1","Distraction+1","Catalyst+1","Deflect","Footwork+1","Cloak And Dagger+1","Crippling Poison+1","Caltrops+1","Night Terror+1","Footwork+1"],"relics":["Ring of the Serpent","Ninja Scroll","Anchor","Frozen Egg 2","Molten Egg 2","Omamori","Oddly Smooth Stone","Bird Faced Urn","Paper Crane","Enchiridion","Mercury Hourglass","Lantern","Astrolabe","Orichalcum","Art of War","Sundial"],"potions_floor_usage":[10,12,16,23,33,38,42,45,45],"damage_taken":[{"damage":1,"enemies":"Small Slimes","floor":1,"turns":5},{"damage":0,"enemies":"Jaw Worm","floor":3,"turns":3},{"damage":1,"enemies":"2 Louse","floor":4,"turns":3},{"damage":0,"enemies":"Red Slaver","floor":7,"turns":3},{"damage":0,"enemies":"2 Fungi Beasts","floor":8,"turns":4},{"damage":4,"enemies":"Gremlin Nob","floor":10,"turns":3},{"damage":13,"enemies":"3 Sentries","floor":12,"turns":8},{"damage":0,"enemies":"3 Louse","floor":13,"turns":2},{"damage":0,"enemies":"Blue Slaver","floor":14,"turns":4},{"damage":37,"enemies":"Hexaghost","floor":16,"turns":16},{"damage":3,"enemies":"3 Byrds","floor":18,"turns":5},{"damage":8,"enemies":"Shell Parasite","floor":20,"turns":9},{"damage":15,"enemies":"Slavers","floor":23,"turns":9},{"damage":0,"enemies":"Centurion and Healer","floor":27,"turns":7},{"damage":6,"enemies":"Sentry and Sphere","floor":29,"turns":8},{"damage":0,"enemies":"Gremlin Leader","floor":30,"turns":7},{"damage":21,"enemies":"Snake Plant","floor":31,"turns":4},{"damage":13,"enemies":"Champ","floor":33,"turns":16},{"damage":0,"enemies":"3 Shapes","floor":35,"turns":6},{"damage":36,"enemies":"3 Darklings","floor":36,"turns":6},{"damage":18,"enemies":"Transient","floor":38,"turns":6},{"damage":0,"enemies":"4 Shapes","floor":39,"turns":7},{"damage":20,"enemies":"Nemesis","floor":40,"turns":13},{"damage":2,"enemies":"Writhing Mass","floor":41,"turns":8},{"damage":3,"enemies":"Giant Head","floor":42,"turns":9},{"damage":9,"enemies":"Transient","floor":45,"turns":6},{"damage":4,"enemies":"Jaw Worm Horde","floor":47,"turns":5},{"damage":0,"enemies":"4 Shapes","floor":48,"turns":7},{"damage":59,"enemies":"Awakened One","floor":50,"turns":22},{"damage":67,"enemies":"Shield and Spear","floor":54,"turns":4}],"seed_played":"-6683901828813057851","potions_obtained":[{"floor":3,"key":"Explosive Potion"},{"floor":8,"key":"AttackPotion"},{"floor":10,"key":"Poison Potion"},{"floor":14,"key":"Dexterity Potion"},{"floor":16,"key":"SkillPotion"},{"floor":23,"key":"Swift Potion"},{"floor":36,"key":"Energy Potion"},{"floor":40,"key":"FearPotion"},{"floor":42,"key":"Energy Potion"},{"floor":47,"key":"Fire Potion"},{"floor":48,"key":"LiquidBronze"}],"is_trial":false,"path_per_floor":["?","?","M","?","M","T","?","?","?","$","?","M"],"character_chosen":"THE_SILENT","items_purchased":["Caltrops","Anchor","Oddly Smooth Stone","Sundial","Footwork+1"],"campfire_rested":1,"item_purchase_floors":[5,5,21,44,53],"current_hp_per_floor":[58,53,53,52,52,52,52,52,52,48,53,40,40,40,40,3,54,51,51,43,43,43,34,13,34,34,44,44,48,58,45,45,42,64,71,41,41,33,45,39,51,62,62,62,65,65,71,71,71,24,59,59,59,0],"gold":4,"neow_bonus":"HUNDRED_GOLD","is_prod":false,"is_daily":false,"chose_seed":false,"campfire_upgraded":4,"win_rate":0,"timestamp":1554916688,"path_taken":["M","?","M","M","$","R","M","M","T","E","?","E","?","M","R","BOSS","M","?","?","$","?","E","?","R","T","M","?","M","E","M","R","BOSS","M","M","?","M","M","E","M","E","T","?","M","?","?","M","R","BOSS","R","$","E"],"build_version":"2019-01-23","purchased_purges":1,"victory":false,"max_hp_per_floor":[66,66,66,66,66,66,66,66,66,66,71,71,71,71,71,71,71,71,71,71,71,71,71,71,71,71,71,71,71,71,71,71,71,71,71,71,71,71,71,71,71,71,71,71,71,71,71,71,71,71,71,71,71,71],"card_choices":[{"not_picked":["Flying Knee","Flechettes"],"picked":"Skewer","floor":1},{"not_picked":["Caltrops","Outmaneuver"],"picked":"Well Laid Plans","floor":3},{"not_picked":["Well Laid Plans","Deadly Poison"],"picked":"Footwork","floor":4},{"not_picked":["Poisoned Stab","Choke","Skewer"],"picked":"SKIP","floor":7},{"not_picked":["Underhanded Strike","Flying Knee"],"picked":"Cloak And Dagger","floor":8},{"not_picked":["Blade Dance","Burst","Flechettes"],"picked":"SKIP","floor":10},{"not_picked":["Concentrate","Reflex"],"picked":"Quick Slash+1","floor":12},{"not_picked":["Masterful Stab+1","Underhanded Strike+1"],"picked":"Backflip","floor":13},{"not_picked":["Blade Dance","Backflip"],"picked":"Dodge and Roll","floor":14},{"not_picked":["Venomology","Adrenaline"],"picked":"Glass Knife+1","floor":16},{"not_picked":["Slice+1","Prepared"],"picked":"All Out Attack+1","floor":18},{"not_picked":["Backflip","Outmaneuver"],"picked":"Dodge and Roll","floor":20},{"not_picked":["Eviscerate+1","Predator+1","Bane+1"],"picked":"SKIP","floor":23},{"not_picked":["Underhanded Strike+1","Outmaneuver"],"picked":"Backflip+1","floor":27},{"not_picked":["Dodge and Roll","Die Die Die+1","Endless Agony+1"],"picked":"SKIP","floor":29},{"not_picked":["Dash+1","Backflip"],"picked":"Deadly Poison","floor":30},{"not_picked":["Dagger Spray+1","Sucker Punch+1","Heel Hook+1"],"picked":"SKIP","floor":31},{"not_picked":["Glass Knife+1","Venomology"],"picked":"Envenom+1","floor":33},{"not_picked":["Eviscerate+1","Flechettes+1"],"picked":"Deflect","floor":35},{"not_picked":["Quick Slash+1","Skewer+1","Riddle With Holes+1"],"picked":"SKIP","floor":36},{"not_picked":["Predator+1","Quick Slash+1","Dash+1"],"picked":"SKIP","floor":38},{"not_picked":["Underhanded Strike+1","Quick Slash+1"],"picked":"Footwork+1","floor":39},{"not_picked":["Eviscerate+1","Blade Dance+1","Flying Knee+1"],"picked":"SKIP","floor":40},{"not_picked":["Flechettes+1","Underhanded Strike+1"],"picked":"Cloak And Dagger+1","floor":41},{"not_picked":["Bouncing Flask","Outmaneuver"],"picked":"Crippling Poison+1","floor":42},{"not_picked":["Concentrate","Terror","Quick Slash+1"],"picked":"SKIP","floor":45},{"not_picked":["Concentrate","Terror","Quick Slash+1"],"picked":"SKIP","floor":45},{"not_picked":["Eviscerate+1","Blade Dance"],"picked":"Caltrops+1","floor":47},{"not_picked":["Backflip","Choke+1"],"picked":"Night Terror","floor":48}],"player_experience":1723727,"relics_obtained":[{"floor":9,"key":"Frozen Egg 2"},{"floor":10,"key":"Molten Egg 2"},{"floor":12,"key":"Omamori"},{"floor":22,"key":"Bird Faced Urn"},{"floor":23,"key":"Paper Crane"},{"floor":24,"key":"Enchiridion"},{"floor":26,"key":"Mercury Hourglass"},{"floor":30,"key":"Lantern"},{"floor":40,"key":"Orichalcum"},{"floor":42,"key":"Art of War"}],"event_choices":[{"damage_healed":0,"gold_gain":0,"player_choice":"Success","damage_taken":5,"relics_obtained":["Ninja Scroll"],"max_hp_gain":0,"max_hp_loss":0,"event_name":"Scrap Ooze","floor":2,"gold_loss":0},{"damage_healed":0,"gold_gain":0,"player_choice":"Donut","damage_taken":0,"max_hp_gain":5,"max_hp_loss":0,"event_name":"Big Fish","floor":11,"gold_loss":0},{"damage_healed":0,"gold_gain":0,"player_choice":"Copied","damage_taken":0,"max_hp_gain":0,"max_hp_loss":0,"event_name":"Duplicator","floor":19,"gold_loss":0,"cards_obtained":["Footwork"]},{"damage_healed":0,"gold_gain":0,"player_choice":"Obtained Book","damage_taken":21,"max_hp_gain":0,"max_hp_loss":0,"event_name":"Cursed Tome","floor":24,"gold_loss":0},{"damage_healed":0,"gold_gain":0,"player_choice":"Ignored","damage_taken":0,"max_hp_gain":0,"max_hp_loss":0,"event_name":"Vampires","floor":28,"gold_loss":0},{"cards_removed":["Strike_G"],"damage_healed":0,"gold_gain":0,"player_choice":"Offered Basic","damage_taken":0,"max_hp_gain":0,"max_hp_loss":0,"event_name":"Bonfire Elementals","floor":37,"gold_loss":0},{"damage_healed":0,"gold_gain":0,"player_choice":"Upgrade","damage_taken":0,"max_hp_gain":0,"max_hp_loss":0,"event_name":"Designer","floor":46,"gold_loss":50,"cards_upgraded":["Footwork"]}],"is_beta":false,"boss_relics":[{"not_picked":["Sozu","Calling Bell"],"picked":"Ring of the Serpent"},{"not_picked":["Lizard Tail","Tiny House"],"picked":"Astrolabe"}],"items_purged_floors":[21],"is_endless":false,"potions_floor_spawned":[3,8,10,14,16,23,27,36,40,42,47,48],"killed_by":"Shield and Spear","ascension_level":17}