{"gold_per_floor":[19,36,48,48,62,95,114,79,124,124,154,36,52,52,52,152,152,170,170,197,197,216,216,244,255,282,8,8],"floor_reached":28,"playtime":2392,"items_purged":[],"score":273,"play_id":"2dbd6ab8-39ee-40c1-862b-1ab7054cfaab","local_time":"20180828205201","is_ascension_mode":true,"campfire_choices":[{"data":"1","floor":10,"key":"LIFT"},{"floor":15,"key":"REST"},{"data":"2","floor":23,"key":"LIFT"}],"neow_cost":"NO_GOLD","seed_source_timestamp":1018931739382958,"circlet_count":0,"master_deck":["Defend_G+1","Defend_G+1","Defend_G+1","Defend_G+1","Defend_G+1","Strike_G+1","Strike_G+1","Strike_G+1","Strike_G+1","Survivor","Neutralize","Backflip","Cloak And Dagger","Outmaneuver","Cloak And Dagger","Accuracy","Blade Dance","Caltrops","Footwork","Blade Dance","Slice","Burst","Poisoned Stab+1","Dagger Throw","Quick Slash","Blade Dance+1","Deadly Poison+1","Bane"],"relics":["Ring of the Snake","Girya","Bag of Marbles","Strawberry","Singing Bowl","Eternal Feather","Happy Flower","Anchor","Potion Belt","Ninja Scroll"],"potions_floor_usage":[5,7,13,14,16,16,16,24,25],"damage_taken":[{"damage":0,"enemies":"2 Louse","floor":1,"turns":2},{"damage":3,"enemies":"Cultist","floor":2,"turns":4},{"damage":5,"enemies":"Jaw Worm","floor":3,"turns":5},{"damage":5,"enemies":"3 Louse","floor":5,"turns":6},{"damage":30,"enemies":"3 Sentries","floor":6,"turns":13},{"damage":0,"enemies":"Exordium Thugs","floor":7,"turns":4},{"damage":16,"enemies":"Lagavulin","floor":11,"turns":7},{"damage":0,"enemies":"Gremlin Gang","floor":13,"turns":4},{"damage":4,"enemies":"Hexaghost","floor":16,"turns":9},{"damage":14,"enemies":"Spheric Guardian","floor":18,"turns":6},{"damage":8,"enemies":"Chosen","floor":22,"turns":4},{"damage":40,"enemies":"Slavers","floor":24,"turns":8},{"damage":26,"enemies":"Shelled Parasite and Fungi","floor":25,"turns":6},{"damage":10,"enemies":"Snecko","floor":28,"turns":2}],"seed_played":"3750022494096999892","potions_obtained":[{"floor":2,"key":"SteroidPotion"},{"floor":3,"key":"SpeedPotion"},{"floor":11,"key":"Energy Potion"},{"floor":13,"key":"Swift Potion"},{"floor":14,"key":"GhostInAJar"},{"floor":14,"key":"Fruit Juice"},{"floor":14,"key":"LiquidBronze"},{"floor":18,"key":"GhostInAJar"},{"floor":24,"key":"Energy Potion"},{"floor":25,"key":"Ancient Potion"}],"is_trial":false,"path_per_floor":["M","M","M","?","M","E","M","?","T","R","E","$","M","?","R","B",null,"M","?","T","?","M","R","E","M","T","$"],"character_chosen":"THE_SILENT","items_purchased":["Footwork","Blade Dance","Ninja Scroll","Bane"],"campfire_rested":1,"item_purchase_floors":[12,12,27,27],"current_hp_per_floor":[70,67,62,62,57,27,27,44,51,51,35,35,35,40,64,60,82,68,68,68,68,60,75,35,9,9,9,0],"gold":8,"neow_bonus":"ONE_RARE_RELIC","is_prod":false,"is_daily":false,"chose_seed":false,"campfire_upgraded":0,"win_rate":0,"timestamp":1535511121,"path_taken":["M","M","M","?","?","E","M","?","T","R","E","$","?","?","R","BOSS","M","?","?","?","M","R","E","M","T","$","M"],"build_version":"2018-08-23v2","purchased_purges":0,"victory":false,"max_hp_per_floor":[70,70,70,70,70,70,70,70,77,77,77,77,77,82,82,82,82,82,82,82,82,82,82,82,82,82,82,82],"card_choices":[{"not_picked":["Well Laid Plans","Reflex"],"picked":"Backflip","floor":1},{"not_picked":["Backflip","Deflect"],"picked":"Cloak And Dagger","floor":2},{"not_picked":["Escape Plan","Distraction"],"picked":"Outmaneuver","floor":3},{"not_picked":["Flechettes","Deadly Poison"],"picked":"Cloak And Dagger","floor":5},{"not_picked":["Flying Knee","Skewer"],"picked":"Accuracy","floor":6},{"not_picked":["Quick Slash","PiercingWail"],"picked":"Blade Dance","floor":7},{"not_picked":["Poisoned Stab","Reflex"],"picked":"Caltrops","floor":11},{"not_picked":["Catalyst","Escape Plan"],"picked":"Slice","floor":13},{"not_picked":["Wraith Form v2","Phantasmal Killer"],"picked":"Burst","floor":16},{"not_picked":["Outmaneuver","Concentrate"],"picked":"Poisoned Stab+1","floor":18},{"not_picked":["Acrobatics+1","Outmaneuver"],"picked":"Quick Slash","floor":22},{"not_picked":["Deadly Poison","Night Terror"],"picked":"Blade Dance+1","floor":24},{"not_picked":["Setup","Poisoned Stab"],"picked":"Deadly Poison+1","floor":25}],"player_experience":373760,"relics_obtained":[{"floor":6,"key":"Bag of Marbles"},{"floor":9,"key":"Strawberry"},{"floor":11,"key":"Singing Bowl"},{"floor":20,"key":"Happy Flower"},{"floor":24,"key":"Anchor"},{"floor":26,"key":"Potion Belt"}],"event_choices":[{"event_name":"Golden Wing","player_choice":"Ignored","floor":4,"damage_taken":0},{"event_name":"The Cleric","player_choice":"Healed","floor":8,"damage_taken":0},{"event_name":"The Lab","player_choice":"Got Potions","floor":14,"damage_taken":0},{"event_name":"Transmorgrifier","player_choice":"Transform","floor":19,"damage_taken":0},{"event_name":"Back to Basics","player_choice":"Simplicity","floor":21,"damage_taken":0}],"is_beta":false,"boss_relics":[{"not_picked":["Fusion Hammer","Coffee Dripper"],"picked":"Eternal Feather"}],"items_purged_floors":[],"is_endless":false,"potions_floor_spawned":[2,3,11,13,18,24,25],"killed_by":"Snecko","ascension_level":2}