{"gold_per_floor":[115,133,133,19,19,19,31,31,31,48,61,81,97,115,115,220,220,231,59,70,87,87,87,37,37,61,61,77,92,92,92,92,92],"floor_reached":33,"playtime":1843,"items_purged":[],"score":291,"play_id":"9cf2cf53-13cc-4973-a7c1-2b7091316d15","local_time":"20180729233809","daily_mods":["Specialized","Binary"],"is_ascension_mode":false,"campfire_choices":[{"data":"Perfected Strike","floor":6,"key":"SMITH"},{"floor":15,"key":"REST"},{"floor":23,"key":"REST"},{"floor":25,"key":"REST"},{"data":"Limit Break","floor":27,"key":"SMITH"},{"floor":30,"key":"REST"},{"floor":32,"key":"REST"}],"neow_cost":"","seed_source_timestamp":0,"circlet_count":0,"master_deck":["Strike_R","Strike_R","Strike_R","Strike_R","Strike_R","Defend_R","Defend_R","Defend_R","Defend_R","Bash","Barricade","Barricade","Barricade","Perfected Strike+1","Shrug It Off","Blind","Pommel Strike","Seeing Red","Spot Weakness","Entrench","Thunderclap","Limit Break+1","Cleave","Feel No Pain","RitualDagger","Entrench","Rage+1"],"relics":["Snecko Eye","Gremlin Horn","Lantern","Pen Nib","Potion Belt"],"potions_floor_usage":[16,16,16,28],"damage_taken":[{"damage":0,"enemies":"Small Slimes","floor":1,"turns":4},{"damage":8,"enemies":"2 Louse","floor":2,"turns":3},{"damage":0,"enemies":"Jaw Worm","floor":7,"turns":2},{"damage":0,"enemies":"Looter","floor":10,"turns":3},{"damage":5,"enemies":"3 Louse","floor":11,"turns":4},{"damage":31,"enemies":"Lots of Slimes","floor":12,"turns":4},{"damage":0,"enemies":"Large Slime","floor":13,"turns":7},{"damage":11,"enemies":"Exordium Thugs","floor":14,"turns":4},{"damage":0,"enemies":"Slime Boss","floor":16,"turns":11},{"damage":23,"enemies":"Shell Parasite","floor":18,"turns":5},{"damage":40,"enemies":"2 Thieves","floor":20,"turns":3},{"damage":0,"enemies":"Snecko","floor":21,"turns":4},{"damage":15,"enemies":"Centurion and Healer","floor":28,"turns":5},{"damage":40,"enemies":"3 Cultists","floor":29,"turns":7},{"damage":52,"enemies":"Champ","floor":33,"turns":6}],"seed_played":"324","potions_obtained":[{"floor":7,"key":"Strength Potion"},{"floor":12,"key":"PowerPotion"},{"floor":13,"key":"Dexterity Potion"},{"floor":21,"key":"Block Potion"}],"is_trial":true,"path_per_floor":["M","M","?","$","?","R","M","?","T","M","M","M","M","M","R","B",null,"M","$","M","M","?","R","?","R","T","R","M","M","R","?","R"],"character_chosen":"IRONCLAD","items_purchased":["Blind","Pommel Strike","Cleave","Pen Nib"],"campfire_rested":5,"item_purchase_floors":[4,4,19,19],"current_hp_per_floor":[80,72,65,65,65,65,65,65,65,65,60,29,29,18,42,42,80,57,57,17,17,11,35,35,59,59,59,44,4,28,13,38,0],"gold":92,"neow_bonus":"","is_prod":false,"is_daily":false,"chose_seed":true,"campfire_upgraded":2,"win_rate":0.0,"timestamp":1532929089,"path_taken":["M","M","?","$","?","R","M","?","T","M","M","M","M","M","R","BOSS","M","$","M","M","?","R","?","R","T","R","?","M","R","?","R","BOSS"],"build_version":"2018-07-26","purchased_purges":0,"victory":false,"max_hp_per_floor":[80,80,80,80,80,80,80,80,80,80,80,80,80,80,80,80,80,80,80,80,80,80,80,80,80,80,80,80,80,80,85,85,85],"card_choices":[{"not_picked":["Fire Breathing"],"picked":"Perfected Strike","floor":1},{"not_picked":["Twin Strike"],"picked":"Shrug It Off","floor":2},{"not_picked":["Fire Breathing"],"picked":"Seeing Red","floor":7},{"not_picked":["Wild Strike"],"picked":"Spot Weakness","floor":10},{"not_picked":["Havoc"],"picked":"Entrench","floor":11},{"not_picked":["Hemokinesis","Reckless Charge"],"picked":"SKIP","floor":12},{"not_picked":["Reckless Charge"],"picked":"Thunderclap","floor":13},{"not_picked":["Seeing Red","Headbutt"],"picked":"SKIP","floor":14},{"not_picked":["Juggernaut"],"picked":"Limit Break","floor":16},{"not_picked":["Corruption","True Grit"],"picked":"SKIP","floor":18},{"not_picked":["Twin Strike"],"picked":"Feel No Pain","floor":20},{"not_picked":["Headbutt","True Grit"],"picked":"SKIP","floor":21},{"not_picked":["Blood for Blood"],"picked":"Entrench","floor":28},{"not_picked":["Power Through"],"picked":"Rage+1","floor":29}],"player_experience":88902,"relics_obtained":[{"floor":9,"key":"Lantern"},{"floor":26,"key":"Potion Belt"}],"event_choices":[{"event_name":"Golden Wing","player_choice":"Card Removal","floor":3,"damage_taken":0},{"event_name":"Purifier","player_choice":"One Purge","floor":5,"damage_taken":0},{"event_name":"WeMeetAgain","player_choice":"Potion","floor":8,"damage_taken":0},{"event_name":"Nest","player_choice":"Joined the Cult","floor":22,"damage_taken":0},{"event_name":"The Joust","player_choice":"Bet on Murderer","floor":24,"damage_taken":0},{"event_name":"Forgotten Altar","player_choice":"Shed Blood","floor":31,"damage_taken":0}],"is_beta":false,"boss_relics":[{"not_picked":["White Beast Statue","Cursed Key","Runic Pyramid"]}],"items_purged_floors":[],"is_endless":false,"potions_floor_spawned":[7,12,13,14,21],"killed_by":"Champ","ascension_level":0}