{"gold_per_floor":[113,128,93,110,80,113,113,129,129,162,182,182,182,182],"floor_reached":14,"playtime":427,"items_purged":[],"score":138,"play_id":"2089a020-4692-4a1e-91e3-93c7ea98081d","local_time":"20181013220618","is_ascension_mode":true,"campfire_choices":[{"floor":7,"key":"REST"}],"neow_cost":"NONE","seed_source_timestamp":14882821222055,"circlet_count":0,"master_deck":["Defend_G","Defend_G","Defend_G","Defend_G","Defend_G+1","Strike_G+1","Strike_G","Strike_G","Strike_G","Strike_G","Survivor","Neutralize","Heel Hook","Acrobatics","Leg Sweep","All Out Attack","Distraction","Flying Knee","Quick Slash","Dodge and Roll","Poisoned Stab"],"relics":["Ring of the Snake","Lantern","Dream Catcher","Pen Nib","Anchor"],"potions_floor_usage":[5,5,10],"damage_taken":[{"damage":0,"enemies":"Jaw Worm","floor":1,"turns":4},{"damage":0,"enemies":"2 Louse","floor":2,"turns":2},{"damage":0,"enemies":"Small Slimes","floor":4,"turns":3},{"damage":8,"enemies":"Exordium Thugs","floor":5,"turns":5},{"damage":46,"enemies":"Gremlin Nob","floor":6,"turns":7},{"damage":0,"enemies":"3 Louse","floor":8,"turns":2},{"damage":20,"enemies":"3 Sentries","floor":10,"turns":6},{"damage":0,"enemies":"Looter","floor":11,"turns":3},{"damage":20,"enemies":"Large Slime","floor":14,"turns":3}],"seed_played":"6235531678784726735","potions_obtained":[{"floor":1,"key":"Swift Potion"},{"floor":2,"key":"AttackPotion"},{"floor":6,"key":"Energy Potion"},{"floor":8,"key":"Fire Potion"},{"floor":11,"key":"FairyPotion"}],"is_trial":false,"path_per_floor":["M","M","?","M","M","E","R","M","T","E","M","?","?"],"character_chosen":"THE_SILENT","items_purchased":[],"campfire_rested":1,"item_purchase_floors":[],"current_hp_per_floor":[63,63,70,70,62,16,37,37,37,17,17,17,3,0],"gold":182,"neow_bonus":"RANDOM_COMMON_RELIC","is_prod":false,"is_daily":false,"chose_seed":false,"campfire_upgraded":0,"win_rate":0,"timestamp":1539482778,"path_taken":["M","M","?","M","M","E","R","M","T","E","M","?","?","?"],"build_version":"2018-10-11","purchased_purges":0,"victory":false,"max_hp_per_floor":[70,70,70,70,70,70,70,70,70,70,70,70,70,70],"card_choices":[{"not_picked":["Choke","Bane"],"picked":"Heel Hook","floor":1},{"not_picked":["Quick Slash","Caltrops"],"picked":"Acrobatics","floor":2},{"not_picked":["Reflex","Calculated Gamble"],"picked":"Leg Sweep","floor":4},{"not_picked":["Noxious Fumes","Backflip"],"picked":"All Out Attack","floor":5},{"not_picked":["Dodge and Roll","Crippling Poison"],"picked":"Distraction","floor":6},{"not_picked":["Deflect","Acrobatics"],"picked":"Flying Knee","floor":7},{"not_picked":["Acrobatics","Tools of the Trade"],"picked":"Quick Slash","floor":8},{"not_picked":["Underhanded Strike","Slice"],"picked":"Tactician","floor":10},{"not_picked":["Flechettes","Endless Agony"],"picked":"Dodge and Roll","floor":11}],"player_experience":331142,"relics_obtained":[{"floor":6,"key":"Dream Catcher"},{"floor":9,"key":"Pen Nib"},{"floor":10,"key":"Anchor"}],"event_choices":[{"event_name":"The Cleric","player_choice":"Healed","floor":3,"damage_taken":0},{"event_name":"Transmorgrifier","player_choice":"Transform","floor":12,"damage_taken":0},{"event_name":"Shining Light","player_choice":"Entered Light","floor":13,"damage_taken":0}],"is_beta":true,"boss_relics":[],"items_purged_floors":[],"is_endless":false,"potions_floor_spawned":[1,2,6,8,11],"killed_by":"Large Slime","ascension_level":7}