{"path_per_floor":["M","M","M","?","M","E","M","M","T","R","?","M","M","$","R","B",null,"M","?","?","?","M","E","R","M","T"],"character_chosen":"IRONCLAD","items_purchased":["Regal Pillow","Second Wind","Energy Potion"],"gold_per_floor":[114,127,145,145,158,183,194,205,230,230,405,423,440,96,96,194,224,164,164,64,64,83,108,108,119,144,144],"floor_reached":27,"campfire_rested":2,"playtime":1364,"current_hp_per_floor":[72,72,72,58,30,18,21,18,18,39,45,42,44,44,78,58,78,69,75,75,75,55,38,38,23,23,17],"items_purged":["Doubt"],"gold":144,"score":294,"play_id":"f81e1997-e0c7-46dd-bc63-9375e911505e","local_time":"20180326000917","is_prod":false,"is_daily":false,"is_ascension_mode":true,"campfire_upgraded":1,"timestamp":1522037357,"path_taken":["M","?","M","?","M","E","M","M","T","R","?","M","M","$","R","BOSS","M","?","?","?","?","E","R","M","T","M"],"build_version":"2018-03-25","purchased_purges":1,"victory":false,"master_deck":["Strike_R","Strike_R+1","Strike_R","Strike_R","Strike_R","Defend_R","Defend_R","Defend_R","Defend_R","Bash","Demon Form+1","Battle Trance","Disarm","Spot Weakness","Pummel","Flame Barrier+1","Disarm","True Grit","Armaments+1","Reaper","Second Wind","Impervious","Flex","Heavy Blade","Writhe","J.A.X.","Inflame","Flex","Shrug It Off+1"],"max_hp_per_floor":[72,72,72,72,72,72,72,72,72,72,78,78,78,78,78,78,83,83,89,89,89,89,89,89,89,89,89],"relics":["Burning Blood","Darkstone Periapt","Prayer Wheel","Regal Pillow","Tiny House","Mercury Hourglass","Blood Vial","Lantern"],"card_choices":[{"not_picked":["Bludgeon","Berserk"],"picked":"Demon Form","floor":0.0},{"not_picked":["Dropkick","Thunderclap"],"picked":"Battle Trance","floor":1.0},{"not_picked":["Uppercut","Clash"],"picked":"Disarm","floor":2.0},{"not_picked":["Feel No Pain","Combust"],"picked":"Spot Weakness","floor":3.0},{"not_picked":["Ghostly Armor","Headbutt"],"picked":"Pummel","floor":5.0},{"not_picked":["Cleave","Sever Soul"],"picked":"Flame Barrier","floor":6.0},{"not_picked":["Entrench","Shockwave"],"picked":"Disarm","floor":7.0},{"not_picked":["Evolve","Headbutt"],"picked":"True Grit","floor":8.0},{"not_picked":["Clash","Havoc"],"picked":"Armaments","floor":12.0},{"not_picked":["Pommel Strike","Shrug It Off"],"picked":"Reaper","floor":13.0},{"not_picked":["Bludgeon","Barricade"],"picked":"Impervious","floor":16.0},{"not_picked":["Twin Strike","Body Slam"],"picked":"Flex","floor":17.0},{"not_picked":["Pommel Strike","Anger"],"picked":"Heavy Blade","floor":18.0},{"not_picked":["Cleave","Body Slam"],"picked":"Inflame","floor":22.0},{"not_picked":["Dropkick","Sword Boomerang"],"picked":"Flex","floor":23},{"not_picked":["Searing Blow","Twin Strike"],"picked":"Shrug It Off","floor":26}],"player_experience":85238,"potions_floor_usage":[23,27,27],"damage_taken":[{"damage":6.0,"enemies":"Cultist","floor":1.0,"turns":3.0},{"damage":0.0,"enemies":"Small Slimes","floor":2.0,"turns":4.0},{"damage":2.0,"enemies":"2 Louse","floor":3.0,"turns":4.0},{"damage":34.0,"enemies":"Large Slime","floor":5.0,"turns":5.0},{"damage":18.0,"enemies":"Gremlin Nob","floor":6.0,"turns":3.0},{"damage":3.0,"enemies":"3 Louse","floor":7.0,"turns":4.0},{"damage":9.0,"enemies":"Exordium Wildlife","floor":8.0,"turns":3.0},{"damage":9.0,"enemies":"Looter","floor":12.0,"turns":4.0},{"damage":4.0,"enemies":"Large Slime","floor":13.0,"turns":6.0},{"damage":26.0,"enemies":"Hexaghost","floor":16.0,"turns":8.0},{"damage":20.0,"enemies":"2 Thieves","floor":18.0,"turns":4.0},{"damage":49.0,"enemies":"3 Byrds","floor":22.0,"turns":6.0},{"damage":23,"enemies":"Book of Stabbing","floor":23,"turns":6},{"damage":23,"enemies":"Centurion and Healer","floor":25,"turns":5},{"damage":34,"enemies":"Cultist and Chosen","floor":27,"turns":5}],"event_choices":[{"event_name":"Shining Light","player_choice":"Entered Light","floor":4.0,"damage_taken":0.0},{"event_name":"Liars Game","player_choice":"agreed","floor":11.0,"damage_taken":0.0},{"event_name":"The Mausoleum","player_choice":"Yes","floor":19.0,"damage_taken":0.0},{"event_name":"Drug Dealer","player_choice":"Got JAXXED","floor":20.0,"damage_taken":0.0},{"event_name":"Beggar","player_choice":"Ignored","floor":21.0,"damage_taken":0.0}],"boss_relics":[],"potions_floor_spawned":[1,2,7,8,13,23,25],"seed_played":"-6638509745081924171","killed_by":"Cultist and Chosen","ascension_level":5,"is_trial":false}