{"gold_per_floor":[114,65,65,75,91,91,125,186,186,203,203,216,232,247,247,343,393,408,408,353,353,372,397,407,407,488,517,517,517,517,534,534,639,639,659,659,678,678,83,113,113,113,113,113,113,113],"floor_reached":46,"playtime":3481,"items_purged":["Zap"],"score":511,"play_id":"f7b82c0c-7f8a-4c0e-8bc7-d6cceeaf450c","local_time":"20180804172200","is_ascension_mode":false,"campfire_choices":[{"data":"Genetic Algorithm","floor":6,"key":"SMITH"},{"floor":11,"key":"REST"},{"data":"Loop","floor":15,"key":"SMITH"},{"floor":25,"key":"REST"},{"data":"Machine Learning","floor":30,"key":"SMITH"},{"floor":32,"key":"REST"},{"data":"Madness","floor":41,"key":"SMITH"},{"data":"Bite","floor":45,"key":"SMITH"}],"neow_cost":"","seed_source_timestamp":283611163994336,"circlet_count":0,"master_deck":["Defend_B+1","Defend_B+1","Defend_B+1","Dualcast","Genetic Algorithm+1","Redo","Sweeping Beam+1","Conserve Battery","Loop+1","Conserve Battery","Cold Snap","Gash","Cold Snap","Gash+1","Machine Learning+1","Stack","Defragment+1","Beam Cell","Streamline+1","Ball Lightning+1","Blizzard","Bite+1","Bite","Bite","Bite","Bite+1","All For One","Capacitor+1","Madness+1","Madness","Gash","Glacier","Storm","Panache"],"relics":["Cracked Core","Calipers","Lantern","Turnip","Tiny House","Tiny Chest","Blue Candle","Singing Bowl","Matryoshka","Pear","Philosopher\u0027s Stone","Centennial Puzzle","Molten Egg 2","The Courier","Darkstone Periapt","Whetstone"],"potions_floor_usage":[8,20,23,37,46,46],"damage_taken":[{"damage":1,"enemies":"Jaw Worm","floor":1,"turns":5},{"damage":0,"enemies":"Cultist","floor":4,"turns":4},{"damage":0,"enemies":"2 Louse","floor":5,"turns":2},{"damage":22,"enemies":"3 Sentries","floor":7,"turns":7},{"damage":33,"enemies":"Gremlin Nob","floor":8,"turns":5},{"damage":3,"enemies":"Blue Slaver","floor":10,"turns":4},{"damage":0,"enemies":"Looter","floor":12,"turns":3},{"damage":0,"enemies":"2 Fungi Beasts","floor":13,"turns":4},{"damage":1,"enemies":"Red Slaver","floor":14,"turns":3},{"damage":16,"enemies":"Hexaghost","floor":16,"turns":15},{"damage":16,"enemies":"2 Thieves","floor":18,"turns":5},{"damage":1,"enemies":"Spheric Guardian","floor":22,"turns":5},{"damage":42,"enemies":"Slavers","floor":23,"turns":7},{"damage":8,"enemies":"Cultist and Chosen","floor":24,"turns":7},{"damage":13,"enemies":"Book of Stabbing","floor":27,"turns":8},{"damage":14,"enemies":"Sentry and Sphere","floor":31,"turns":8},{"damage":46,"enemies":"Collector","floor":33,"turns":11},{"damage":46,"enemies":"Flame Bruiser 1 Orb","floor":35,"turns":7},{"damage":12,"enemies":"Orb Walker","floor":37,"turns":3},{"damage":54,"enemies":"2 Orb Walkers","floor":40,"turns":6},{"damage":40,"enemies":"Sphere and 2 Shapes","floor":46,"turns":4}],"seed_played":"-1772352641479611332","potions_obtained":[{"floor":7,"key":"AttackPotion"},{"floor":10,"key":"Explosive Potion"},{"floor":12,"key":"PowerPotion"},{"floor":13,"key":"Explosive Potion"},{"floor":14,"key":"Fire Potion"},{"floor":16,"key":"Fruit Juice"},{"floor":17,"key":"SmokeBomb"},{"floor":23,"key":"Explosive Potion"},{"floor":27,"key":"Dexterity Potion"},{"floor":35,"key":"Ancient Potion"}],"is_trial":false,"path_per_floor":["M","$","?","M","M","R","E","?","T","M","R","M","M","M","R","B",null,"M","?","?","T","M","E","M","R","T","E","?","?","R","M","R","B",null,"M","?","M","?","$","E","R","?","T","?","R"],"character_chosen":"DEFECT","items_purchased":["Redo","Glacier","Storm","Centennial Puzzle","Molten Egg 2"],"campfire_rested":3,"item_purchase_floors":[2,39,39,39,39],"current_hp_per_floor":[74,74,74,74,74,74,52,19,19,16,38,38,38,37,37,21,80,64,64,69,69,68,26,18,43,43,40,40,40,40,32,52,20,68,26,17,11,68,68,22,22,22,22,22,22,0],"gold":113,"neow_bonus":"","is_prod":false,"is_daily":false,"chose_seed":false,"campfire_upgraded":5,"win_rate":0,"timestamp":1533424920,"path_taken":["M","$","?","M","M","R","E","?","T","?","R","M","M","M","R","BOSS","M","?","?","?","?","E","M","R","T","E","?","?","R","M","R","BOSS","M","?","M","?","$","E","R","?","T","?","R","M"],"build_version":"2018-08-02","purchased_purges":1,"victory":false,"max_hp_per_floor":[75,75,75,75,75,75,75,75,75,75,75,75,75,75,75,75,80,80,80,85,85,85,85,85,85,85,95,66,66,66,68,68,68,68,68,68,68,68,68,70,70,70,70,70,70,70],"card_choices":[{"not_picked":["Conserve Battery","Gash"],"picked":"Genetic Algorithm","floor":1},{"not_picked":["Beam Cell","Hologram"],"picked":"Sweeping Beam","floor":4},{"not_picked":["Steam Power","Turbo"],"picked":"Conserve Battery","floor":5},{"not_picked":["Gash","Heatsinks"],"picked":"Loop","floor":7},{"not_picked":["Double Energy","Gash"],"picked":"Conserve Battery","floor":8},{"not_picked":["Steam","Gash"],"picked":"Cold Snap","floor":10},{"not_picked":["Leap","Sweeping Beam"],"picked":"Gash","floor":12},{"not_picked":["Stack","Conserve Battery"],"picked":"Cold Snap","floor":13},{"not_picked":["Beam Cell","Heatsinks"],"picked":"Gash","floor":14},{"not_picked":["Echo Form","Reboot"],"picked":"Machine Learning","floor":16},{"not_picked":["Cold Snap","Undo"],"picked":"Stack","floor":17},{"not_picked":["Redo+1","Self Repair"],"picked":"Defragment+1","floor":18},{"not_picked":["Steam","Streamline"],"picked":"Beam Cell","floor":22},{"not_picked":["Consume+1","Scrape"],"picked":"Streamline+1","floor":23},{"not_picked":["Machine Learning","Rebound"],"picked":"Ball Lightning+1","floor":24},{"not_picked":["Go for the Eyes+1","Hello World"],"picked":"Blizzard","floor":27},{"not_picked":["Go for the Eyes","Recycle","Compile Driver+1"],"picked":"Singing Bowl","floor":31},{"not_picked":["Seek","Creative AI"],"picked":"All For One","floor":33},{"not_picked":["Steam","Scrape+1"],"picked":"Capacitor+1","floor":35},{"not_picked":["Barrage","Cold Snap+1"],"picked":"Gash","floor":37},{"not_picked":["Glacier+1","Hologram","Turbo+1"],"picked":"Singing Bowl","floor":40},{"not_picked":["Secret Weapon","Panacea"],"picked":"Panache","floor":44}],"player_experience":186958,"relics_obtained":[{"floor":7,"key":"Calipers"},{"floor":8,"key":"Lantern"},{"floor":9,"key":"Turnip"},{"floor":21,"key":"Blue Candle"},{"floor":23,"key":"Singing Bowl"},{"floor":26,"key":"Matryoshka"},{"floor":27,"key":"Pear"},{"floor":40,"key":"The Courier"},{"floor":43,"key":"Darkstone Periapt"},{"floor":43,"key":"Whetstone"}],"event_choices":[{"event_name":"Purifier","player_choice":"One Purge","floor":3,"damage_taken":0},{"event_name":"Dead Adventurer","player_choice":"Searched \u00271\u0027 times","floor":8,"damage_taken":0},{"event_name":"Drug Dealer","player_choice":"Ignored","floor":19,"damage_taken":0},{"event_name":"Addict","player_choice":"Obtained Relic","floor":20,"damage_taken":0},{"event_name":"Vampires","player_choice":"Became a vampire","floor":28,"damage_taken":0},{"event_name":"Back to Basics","player_choice":"Simplicity","floor":29,"damage_taken":0},{"event_name":"Winding Halls","player_choice":"Embrace Madness","floor":36,"damage_taken":0},{"event_name":"Wheel of Change","player_choice":"Full Heal","floor":38,"damage_taken":0},{"event_name":"Purifier","player_choice":"One Purge","floor":42,"damage_taken":0},{"event_name":"SensoryStone","player_choice":"Memory 1","floor":44,"damage_taken":0}],"is_beta":false,"boss_relics":[{"not_picked":["Lizard Tail","Fusion Hammer"],"picked":"Tiny House"},{"not_picked":["Eternal Feather","White Beast Statue"],"picked":"Philosopher\u0027s Stone"}],"items_purged_floors":[39],"is_endless":false,"potions_floor_spawned":[7,10,12,13,14,16,23,27,31,35],"killed_by":"Sphere and 2 Shapes","ascension_level":0}