{"gold_per_floor":[114,114,129,144,159,189,204,204,204,234,249,264,264,294,294,394,394,409,409],"floor_reached":19,"playtime":1071,"items_purged":[],"score":306,"play_id":"6a2de8e1-bd73-47f9-84e6-3a5a98d7cb64","local_time":"20180805212515","daily_mods":["Brewmaster","Lethality","Hoarder"],"is_ascension_mode":false,"campfire_choices":[{"data":"Redo","floor":8,"key":"SMITH"},{"floor":15,"key":"REST"}],"neow_cost":"","seed_source_timestamp":0,"circlet_count":0,"master_deck":["Strike_B","Strike_B","Strike_B","Strike_B","Defend_B","Defend_B","Defend_B","Defend_B","Zap","Dualcast","Venomology","Venomology","Venomology","Venomology","Venomology","Venomology","Venomology","Venomology","Venomology","Venomology","Venomology","Venomology","Venomology","Venomology","Venomology","Defragment","Defragment","Defragment","Redo","Redo","Redo+1","Coolheaded","Coolheaded","Coolheaded","Leap","Leap","Leap","Storm","Storm","Storm","Cold Snap","Cold Snap","Cold Snap","Stack","Stack","Stack","Stack","Stack","Stack","Gash","Gash","Gash","Rainbow","Rainbow","Rainbow","Doom and Gloom","Doom and Gloom","Doom and Gloom","Gash","Gash","Gash","Heatsinks","Heatsinks","Heatsinks","Conserve Battery","Conserve Battery","Conserve Battery","Beam Cell","Beam Cell","Beam Cell","Loop","Loop","Loop"],"special_seed":17749,"relics":["Cracked Core","White Beast Statue","Gambling Chip","Darkstone Periapt","Vajra","Bottled Lightning","Symbiotic Virus","Orrery"],"potions_floor_usage":[1,3,3,3,4,4,4,5,5,5,6,6,6,6,6,7,7,11,11,11,12,12,12,12,14,14,14,14,14,16,16,16,16,16,16,18,18,18,18,19,19],"damage_taken":[{"damage":21,"enemies":"2 Louse","floor":1,"turns":4},{"damage":0,"enemies":"Small Slimes","floor":3,"turns":4},{"damage":3,"enemies":"Cultist","floor":4,"turns":4},{"damage":7,"enemies":"2 Fungi Beasts","floor":5,"turns":3},{"damage":11,"enemies":"Lagavulin","floor":6,"turns":7},{"damage":11,"enemies":"3 Louse","floor":7,"turns":3},{"damage":0,"enemies":"Large Slime","floor":11,"turns":5},{"damage":0,"enemies":"2 Fungi Beasts","floor":12,"turns":3},{"damage":19,"enemies":"3 Sentries","floor":14,"turns":5},{"damage":6,"enemies":"The Guardian","floor":16,"turns":10},{"damage":6,"enemies":"Spheric Guardian","floor":18,"turns":3},{"damage":70,"enemies":"3 Byrds","floor":19,"turns":2}],"seed_played":"-5940167209622730239","potions_obtained":[{"floor":1,"key":"SpeedPotion"},{"floor":3,"key":"Block Potion"},{"floor":4,"key":"SkillPotion"},{"floor":5,"key":"GamblersBrew"},{"floor":6,"key":"Energy Potion"},{"floor":7,"key":"EntropicBrew"},{"floor":11,"key":"Ancient Potion"},{"floor":12,"key":"Poison Potion"},{"floor":14,"key":"Block Potion"},{"floor":16,"key":"Strength Potion"},{"floor":18,"key":"FearPotion"}],"is_trial":false,"path_per_floor":["M","?","M","M","M","E","M","R","T","?","M","M","T","E","R","B",null,"M"],"character_chosen":"DEFECT","items_purchased":[],"campfire_rested":1,"item_purchase_floors":[],"current_hp_per_floor":[54,54,54,63,56,52,41,41,41,41,41,41,41,36,58,52,75,69,0],"gold":409,"neow_bonus":"","is_prod":false,"is_daily":true,"chose_seed":false,"campfire_upgraded":1,"win_rate":0,"timestamp":1533525915,"path_taken":["M","?","M","?","M","E","M","R","T","?","M","M","?","E","R","BOSS","M","M"],"build_version":"2018-08-02","purchased_purges":0,"victory":false,"max_hp_per_floor":[75,75,75,75,75,75,75,75,75,75,75,75,75,75,75,75,75,75,75],"card_choices":[{"not_picked":["Turbo","Go for the Eyes"],"picked":"Defragment","floor":1},{"not_picked":["Melter","Conserve Battery"],"picked":"Redo","floor":3},{"not_picked":["Gash","Sunder"],"picked":"Coolheaded","floor":4},{"not_picked":["Gash","Beam Cell"],"picked":"Leap","floor":5},{"not_picked":["Barrage","Sunder"],"picked":"Storm","floor":6},{"not_picked":["Reprogram","Skim"],"picked":"Cold Snap","floor":7},{"not_picked":["Barrage","Undo"],"picked":"Stack","floor":11},{"not_picked":["Gash","Storm"],"picked":"Stack","floor":12},{"not_picked":["Reboot","Barrage"],"picked":"Gash","floor":14},{"not_picked":["Echo Form","Meteor Strike"],"picked":"Rainbow","floor":16},{"not_picked":["Darkness","Ball Lightning"],"picked":"Doom and Gloom","floor":17},{"not_picked":["Steam Power","Reprogram"],"picked":"Gash","floor":17},{"not_picked":["Coolheaded","Barrage"],"picked":"Heatsinks","floor":17},{"not_picked":["Doom and Gloom","Consume"],"picked":"Conserve Battery","floor":17},{"not_picked":["Rip and Tear","Double Energy"],"picked":"Beam Cell","floor":17},{"not_picked":["Echo Form","Turbo"],"picked":"Loop","floor":18}],"player_experience":208062,"relics_obtained":[{"floor":6,"key":"Gambling Chip"},{"floor":9,"key":"Darkstone Periapt"},{"floor":13,"key":"Bottled Lightning"},{"floor":14,"key":"Symbiotic Virus"}],"event_choices":[{"event_name":"Golden Wing","player_choice":"Ignored","floor":2,"damage_taken":0},{"event_name":"Dead Adventurer","player_choice":"Searched \u00272\u0027 times","floor":10,"damage_taken":0}],"is_beta":false,"boss_relics":[{"not_picked":["Empty Cage","Tiny House"],"picked":"Orrery"}],"items_purged_floors":[],"is_endless":false,"potions_floor_spawned":[1,3,4,5,6,7,11,12,14,16,18],"killed_by":"3 Byrds","ascension_level":0}