{"gold_per_floor":[115,115,115,128,128,161,176,176,176,190,190,14,14,39,39,137,137,147,166,216,286,336,336],"floor_reached":23,"playtime":653,"items_purged":["Defend_B"],"score":259,"play_id":"8be6e385-b278-4d22-815c-b7e9c75a4d9f","local_time":"20181115205335","is_ascension_mode":true,"campfire_choices":[{"floor":8,"key":"REST"},{"floor":11,"key":"REST"},{"floor":15,"key":"REST"}],"neow_cost":"NONE","seed_source_timestamp":43260158516802,"circlet_count":0,"master_deck":["Strike_B","Strike_B","Defend_B","Defend_B","Zap","Dualcast","All For One","Beam Cell+1","Zap","Go for the Eyes","Gash","Gash","Fusion","Hologram","Electrodynamics+1","Chill+1","Compile Driver+1","Meteor Strike+1","Steam","Ball Lightning","Reboot","Auto Shields"],"relics":["Cracked Core","SsserpentHead","Bag of Preparation","Pear","Vajra","Frozen Egg 2","Astrolabe"],"potions_floor_usage":[10,14,16,23,23,23],"damage_taken":[{"damage":6,"enemies":"Cultist","floor":1,"turns":3},{"damage":13,"enemies":"Small Slimes","floor":4,"turns":2},{"damage":37,"enemies":"3 Sentries","floor":6,"turns":7},{"damage":7,"enemies":"2 Louse","floor":7,"turns":2},{"damage":15,"enemies":"Gremlin Gang","floor":10,"turns":3},{"damage":25,"enemies":"Lagavulin","floor":14,"turns":5},{"damage":28,"enemies":"Hexaghost","floor":16,"turns":7},{"damage":7,"enemies":"2 Thieves","floor":18,"turns":2},{"damage":6,"enemies":"Chosen","floor":19,"turns":3},{"damage":25,"enemies":"Snecko","floor":21,"turns":4},{"damage":36,"enemies":"Book of Stabbing","floor":23,"turns":4}],"seed_played":"-230836007494595652","potions_obtained":[{"floor":7,"key":"FocusPotion"},{"floor":10,"key":"Weak Potion"},{"floor":14,"key":"Poison Potion"},{"floor":19,"key":"SpeedPotion"},{"floor":22,"key":"LiquidBronze"},{"floor":22,"key":"Fire Potion"}],"is_trial":false,"path_per_floor":["M","?","?","M","?","E","M","R","T","M","R","$","$","E","R","B",null,"M","M","?","M","?","E"],"character_chosen":"DEFECT","items_purchased":["Vajra"],"campfire_rested":3,"item_purchase_floors":[12],"current_hp_per_floor":[62,62,62,49,49,12,5,27,37,22,47,47,47,22,47,19,69,62,56,56,31,31,0],"gold":336,"neow_bonus":"ONE_RANDOM_RARE_CARD","is_prod":false,"is_daily":false,"chose_seed":false,"campfire_upgraded":0,"win_rate":0,"timestamp":1542333215,"path_taken":["M","?","?","?","?","E","M","R","T","M","R","?","$","E","R","BOSS","M","M","?","?","?","E"],"build_version":"2018-11-15","purchased_purges":1,"victory":false,"max_hp_per_floor":[75,75,75,75,75,75,75,75,85,85,85,85,85,85,85,85,85,85,85,85,85,85,85],"card_choices":[{"not_picked":["Stack","Sweeping Beam"],"picked":"Beam Cell","floor":1},{"not_picked":["Aggregate","Hologram"],"picked":"Go for the Eyes","floor":4},{"not_picked":["Undo","BootSequence"],"picked":"Gash","floor":6},{"not_picked":["Redo","Coolheaded"],"picked":"Gash","floor":7},{"not_picked":["Rip and Tear","Stack"],"picked":"Fusion","floor":10},{"not_picked":["Ball Lightning","Coolheaded"],"picked":"Hologram","floor":14},{"not_picked":["Rainbow","Multi-Cast"],"picked":"Electrodynamics+1","floor":16},{"not_picked":["Consume","Go for the Eyes","Hello World+1"],"picked":"SKIP","floor":18},{"not_picked":["Barrage","Hello World+1"],"picked":"Steam","floor":19},{"not_picked":["Coolheaded","Rebound"],"picked":"Auto Shields","floor":21}],"player_experience":457524,"relics_obtained":[{"floor":6,"key":"Bag of Preparation"},{"floor":9,"key":"Pear"},{"floor":14,"key":"Frozen Egg 2"}],"event_choices":[{"damage_healed":0,"gold_gain":0,"player_choice":"Grow","damage_taken":0,"max_hp_gain":0,"max_hp_loss":0,"event_name":"Living Wall","floor":2,"gold_loss":0,"cards_upgraded":["Beam Cell"]},{"damage_healed":0,"gold_gain":0,"player_choice":"1 cards matched","damage_taken":0,"max_hp_gain":0,"max_hp_loss":0,"event_name":"Match and Keep!","floor":3,"gold_loss":0,"cards_obtained":["Zap"]},{"damage_healed":0,"gold_gain":0,"player_choice":"Trade","damage_taken":0,"relics_obtained":["SsserpentHead"],"max_hp_gain":0,"max_hp_loss":0,"event_name":"FaceTrader","floor":5,"gold_loss":0},{"damage_healed":0,"gold_gain":0,"player_choice":"2 cards matched","damage_taken":0,"max_hp_gain":0,"max_hp_loss":0,"event_name":"Match and Keep!","floor":20,"gold_loss":0,"cards_obtained":["Ball Lightning","Reboot"]},{"damage_healed":0,"gold_gain":0,"player_choice":"Got Potions","damage_taken":0,"max_hp_gain":0,"max_hp_loss":0,"event_name":"Lab","floor":22,"gold_loss":0}],"is_beta":true,"boss_relics":[{"not_picked":["Calling Bell","Philosopher\u0027s Stone"],"picked":"Astrolabe"}],"items_purged_floors":[12],"is_endless":false,"potions_floor_spawned":[7,10,14,19],"killed_by":"Book of Stabbing","ascension_level":6}