{"gold_per_floor":[114,39,39,58,58,90,90,103,154,167,198,220,254,254,254,328,328,340,352,352],"floor_reached":20,"playtime":1070,"items_purged":[],"score":401,"play_id":"a860bbff-0f6a-4832-9666-ac84f2391bda","local_time":"20190406205744","is_ascension_mode":true,"campfire_choices":[{"data":"Glass Knife","floor":7,"key":"SMITH"},{"floor":15,"key":"REST"}],"neow_cost":"NONE","seed_source_timestamp":1891506502985113,"circlet_count":0,"master_deck":["AscendersBane","Defend_G","Defend_G","Defend_G","Defend_G","Defend_G","Strike_G+1","Strike_G+1","Survivor","Neutralize","Sucker Punch","Poisoned Stab","Glass Knife+1","Crippling Poison","Infinite Blades","Cloak And Dagger","Infinite Blades","Dodge and Roll","A Thousand Cuts","PiercingWail","Cloak And Dagger"],"relics":["Ring of the Snake","NeowsBlessing","Whetstone","Boot","Gambling Chip","Odd Mushroom","Juzu Bracelet","Darkstone Periapt","Empty Cage"],"potions_floor_usage":[16,16],"damage_taken":[{"damage":0,"enemies":"Cultist","floor":1,"turns":1},{"damage":0,"enemies":"Small Slimes","floor":4,"turns":1},{"damage":0,"enemies":"Gremlin Nob","floor":6,"turns":1},{"damage":4,"enemies":"Jaw Worm","floor":8,"turns":3},{"damage":3,"enemies":"Blue Slaver","floor":10,"turns":4},{"damage":12,"enemies":"Lagavulin","floor":11,"turns":7},{"damage":3,"enemies":"The Mushroom Lair","floor":12,"turns":3},{"damage":18,"enemies":"3 Sentries","floor":13,"turns":5},{"damage":40,"enemies":"The Guardian","floor":16,"turns":12},{"damage":33,"enemies":"Spheric Guardian","floor":18,"turns":9},{"damage":0,"enemies":"3 Byrds","floor":19,"turns":4},{"damage":24,"enemies":"Masked Bandits","floor":20,"turns":3}],"seed_played":"2477695002406875899","potions_obtained":[{"floor":1,"key":"GamblersBrew"},{"floor":6,"key":"SteroidPotion"},{"floor":11,"key":"Fire Potion"}],"is_trial":false,"path_per_floor":["?","?","?","?","?"],"character_chosen":"THE_SILENT","items_purchased":[],"campfire_rested":1,"item_purchase_floors":[],"current_hp_per_floor":[59,59,59,59,64,64,64,60,60,57,45,42,24,24,45,5,55,22,22,0],"gold":352,"neow_bonus":"THREE_ENEMY_KILL","is_prod":false,"is_daily":false,"chose_seed":false,"campfire_upgraded":1,"win_rate":0,"timestamp":1554598664,"path_taken":["M","?","$","M","?","E","R","M","T","M","E","?","E","?","R","BOSS","M","M","?"],"build_version":"2019-01-23","purchased_purges":0,"victory":false,"max_hp_per_floor":[66,66,66,66,71,71,71,71,71,71,71,71,71,71,71,71,71,71,71,71],"card_choices":[{"not_picked":["Endless Agony","Tactician"],"picked":"Sucker Punch","floor":1},{"not_picked":["Setup","Terror"],"picked":"Poisoned Stab","floor":4},{"not_picked":["Reflex","Underhanded Strike"],"picked":"Glass Knife","floor":6},{"not_picked":["Skewer","Terror"],"picked":"Crippling Poison","floor":8},{"not_picked":["PiercingWail","Deadly Poison"],"picked":"Infinite Blades","floor":10},{"not_picked":["Expertise","Deflect"],"picked":"Cloak And Dagger","floor":11},{"not_picked":["Heel Hook","Outmaneuver"],"picked":"Infinite Blades","floor":12},{"not_picked":["Heel Hook","Setup","Dodge and Roll"],"picked":"SKIP","floor":13},{"not_picked":["Heel Hook","Setup"],"picked":"Dodge and Roll","floor":13},{"not_picked":["Burst","Grand Finale"],"picked":"A Thousand Cuts","floor":16},{"not_picked":["Prepared","Dodge and Roll"],"picked":"PiercingWail","floor":18},{"not_picked":["Eviscerate","Outmaneuver"],"picked":"Cloak And Dagger","floor":19}],"player_experience":1577315,"relics_obtained":[{"floor":6,"key":"Whetstone"},{"floor":9,"key":"Boot"},{"floor":11,"key":"Gambling Chip"},{"floor":12,"key":"Odd Mushroom"},{"floor":13,"key":"Juzu Bracelet"}],"event_choices":[{"cards_removed":["Strike_G"],"damage_healed":0,"gold_gain":0,"player_choice":"Card Removal","damage_taken":0,"max_hp_gain":0,"max_hp_loss":0,"event_name":"The Cleric","floor":2,"gold_loss":75},{"damage_healed":0,"gold_gain":0,"player_choice":"Donut","damage_taken":0,"max_hp_gain":5,"max_hp_loss":0,"event_name":"Big Fish","floor":5,"gold_loss":0},{"damage_healed":0,"gold_gain":0,"player_choice":"Fought Mushrooms","damage_taken":0,"max_hp_gain":0,"max_hp_loss":0,"event_name":"Mushrooms","floor":12,"gold_loss":0},{"damage_healed":0,"gold_gain":0,"player_choice":"Searched \u00271\u0027 times","damage_taken":0,"relics_obtained":["Darkstone Periapt"],"max_hp_gain":0,"max_hp_loss":0,"event_name":"Dead Adventurer","floor":14,"gold_loss":0},{"damage_healed":0,"gold_gain":0,"player_choice":"Fought Bandits","damage_taken":0,"max_hp_gain":0,"max_hp_loss":0,"event_name":"Masked Bandits","floor":20,"gold_loss":0}],"is_beta":false,"boss_relics":[{"not_picked":["Ectoplasm","Velvet Choker"],"picked":"Empty Cage"}],"items_purged_floors":[],"is_endless":false,"potions_floor_spawned":[1,6,10,11,12],"killed_by":"Masked Bandits","ascension_level":17}