{"gold_per_floor":[111,186,286,286,302,327,342,342,342,355,655,58,58,22,22,123,123,104,122,122,122,33,33,48,48,48,62,73,73,102,102,102,202,202,219,219,219,219,239,266,295,295,295,324,339,339,365,69,69,69],"floor_reached":51,"playtime":2724,"items_purged":[],"score":1241,"play_id":"48460538-4f10-48b9-b2cd-c9a58e6d03e4","local_time":"20181015215004","is_ascension_mode":true,"campfire_choices":[{"data":"Neutralize","floor":8.0,"key":"SMITH"},{"data":"Bandage Up","floor":13.0,"key":"SMITH"},{"floor":15.0,"key":"REST"},{"data":"1","floor":23.0,"key":"LIFT"},{"data":"2","floor":25.0,"key":"LIFT"},{"floor":29.0,"key":"REST"},{"floor":32.0,"key":"REST"},{"data":"3","floor":42.0,"key":"LIFT"},{"data":"Barricade","floor":49.0,"key":"SMITH"}],"neow_cost":"NONE","seed_source_timestamp":30992780044737,"circlet_count":0,"master_deck":["Defend_G","Defend_G","Defend_G","Defend_G","Defend_G","Strike_G+1","Strike_G+1","Survivor","Cloak And Dagger","Prepared","Acrobatics","Blur","Bandage Up+1","All Out Attack","Amplify","Burst+1","Quick Slash+1","After Image+1","Gash+1","Bandage Up","J.A.X.","Jack Of All Trades","Barricade+1","Seeing Red","Blade Dance","Havoc","All For One","PanicButton+1","Panacea","Flash of Steel","Discovery","Backflip","Concentrate+1","Havoc+1","Flash of Steel+1","Impatience","Madness","Madness","Apotheosis","Cloak And Dagger","Accuracy"],"special_seed":0,"relics":["Ring of the Snake","Dead Branch","Du-Vu Doll","Old Coin","Ninja Scroll","PrismaticShard","Astrolabe","Girya","Shuriken","Bird Faced Urn","Sozu","Peace Pipe","WingedGreaves","Unceasing Top","Gremlin Horn","Potion Belt","Bottled Tornado","Chemical X"],"potions_floor_usage":[],"damage_taken":[{"damage":1.0,"enemies":"Small Slimes","floor":1.0,"turns":5.0},{"damage":0.0,"enemies":"Jaw Worm","floor":5.0,"turns":3.0},{"damage":6.0,"enemies":"3 Sentries","floor":6.0,"turns":9.0},{"damage":0.0,"enemies":"Cultist","floor":7.0,"turns":4.0},{"damage":1.0,"enemies":"Blue Slaver","floor":10.0,"turns":4.0},{"damage":29.0,"enemies":"Hexaghost","floor":16.0,"turns":13.0},{"damage":9.0,"enemies":"2 Thieves","floor":18.0,"turns":4.0},{"damage":0.0,"enemies":"3 Byrds","floor":19.0,"turns":5.0},{"damage":7.0,"enemies":"Centurion and Healer","floor":24.0,"turns":7.0},{"damage":3.0,"enemies":"Sentry and Sphere","floor":27.0,"turns":3.0},{"damage":57.0,"enemies":"3 Cultists","floor":28.0,"turns":9.0},{"damage":3.0,"enemies":"Book of Stabbing","floor":30.0,"turns":3.0},{"damage":67.0,"enemies":"Champ","floor":33.0,"turns":7.0},{"damage":16.0,"enemies":"3 Darklings","floor":35.0,"turns":5.0},{"damage":6.0,"enemies":"Mind Bloom Boss Battle","floor":37.0,"turns":4.0},{"damage":6.0,"enemies":"Orb Walker","floor":39.0,"turns":2.0},{"damage":6.0,"enemies":"Giant Head","floor":40.0,"turns":4.0},{"damage":12.0,"enemies":"Nemesis","floor":41.0,"turns":5.0},{"damage":53.0,"enemies":"2 Orb Walkers","floor":44.0,"turns":6.0},{"damage":0.0,"enemies":"Spire Growth","floor":45.0,"turns":5.0},{"damage":3.0,"enemies":"Giant Head","floor":47.0,"turns":4.0},{"damage":30,"enemies":"Donu and Deca","floor":50,"turns":6}],"seed_played":"-422386744804401181","potions_obtained":[{"floor":0.0,"key":"Poison Potion"},{"floor":0.0,"key":"SneckoOil"},{"floor":0.0,"key":"Block Potion"},{"floor":1.0,"key":"Fire Potion"},{"floor":16.0,"key":"SkillPotion"},{"floor":18.0,"key":"Explosive Potion"},{"floor":19.0,"key":"Strength Potion"},{"floor":30.0,"key":"PowerPotion"}],"is_trial":false,"path_per_floor":["M","?","?","?","M","E","M","R","T","M","T","$","R","$","R","B",null,"M","M","?","?","$","R","M","R","T","M","M","R","E","?","R","B",null,"M","?","?","?","M","E","E","R","T","E","M","?","E","$","R","B"],"character_chosen":"THE_SILENT","items_purchased":["Ninja Scroll","PrismaticShard","Bandage Up","Dexterity Potion","All Out Attack","Jack Of All Trades","Chemical X","Cloak And Dagger","Accuracy"],"campfire_rested":3,"item_purchase_floors":[12,12,12,12,14,22,48,48,48],"current_hp_per_floor":[62,51,51,37,37,31,31,31,31,30,30,30,30,30,51,28,60,61,67,67,67,67,67,66,66,66,69,15,36,43,43,64,5,54,60,50,60,60,70,67,64,64,64,37,57,48,61,61,61,57],"gold":69,"neow_bonus":"THREE_SMALL_POTIONS","is_prod":false,"is_daily":false,"chose_seed":false,"campfire_upgraded":3,"win_rate":0,"timestamp":1539654604,"path_taken":["M","?","?","?","?","E","M","R","T","M","?","$","R","?","R","BOSS","M","M","?","?","$","R","M","R","T","M","M","R","E","?","R","BOSS","M","?","?","?","M","E","E","R","T","E","M","?","E","$","R","BOSS"],"build_version":"2018-10-11","purchased_purges":0,"victory":true,"max_hp_per_floor":[70,70,70,70,70,70,70,70,70,70,70,70,70,70,70,70,70,70,70,70,70,70,70,70,70,70,70,70,70,70,70,70,70,70,70,70,70,70,70,70,70,70,70,70,70,70,70,70,70,70],"card_choices":[{"not_picked":["Dagger Throw","Underhanded Strike"],"picked":"Cloak And Dagger","floor":1.0},{"not_picked":["Slice","Underhanded Strike"],"picked":"Prepared","floor":5.0},{"not_picked":["Envenom","Well Laid Plans"],"picked":"Acrobatics","floor":6.0},{"not_picked":["Underhanded Strike","Quick Slash"],"picked":"Blur","floor":7.0},{"not_picked":["Reflex","Slice","Dagger Throw"],"picked":"SKIP","floor":10.0},{"not_picked":["Meteor Strike","Transmutation"],"picked":"Amplify","floor":16.0},{"not_picked":["Underhanded Strike","Melter"],"picked":"Gash+1","floor":18.0},{"not_picked":["Flex","Blade Dance"],"picked":"Bandage Up","floor":19.0},{"not_picked":["Skim","Sweeping Beam"],"picked":"Barricade","floor":24.0},{"not_picked":["Flex","Blade Dance"],"picked":"Seeing Red","floor":27.0},{"not_picked":["Poisoned Stab","Rebound"],"picked":"Blade Dance","floor":28.0},{"not_picked":["Deflect","PiercingWail"],"picked":"Havoc","floor":30.0},{"not_picked":["Mayhem","HandOfGreed"],"picked":"All For One","floor":33.0},{"not_picked":["Conserve Battery+1","Panacea+1"],"picked":"PanicButton+1","floor":35.0},{"not_picked":["Swift Strike","Enlightenment"],"picked":"Panacea","floor":36.0},{"not_picked":["Transmutation","Trip"],"picked":"Flash of Steel","floor":36.0},{"not_picked":["Enlightenment","PanicButton"],"picked":"Discovery","floor":36.0},{"not_picked":["Slice","Underhanded Strike"],"picked":"Backflip","floor":37.0},{"not_picked":["Clash+1","Burst"],"picked":"Concentrate+1","floor":39.0},{"not_picked":["Tactician","Escape Plan+1"],"picked":"Havoc+1","floor":40.0},{"not_picked":["Quick Slash","Hologram"],"picked":"Flash of Steel+1","floor":41.0},{"not_picked":["Barrage","Undo","Flex+1"],"picked":"SKIP","floor":44.0},{"not_picked":["Wild Strike+1","Clash+1"],"picked":"Impatience","floor":45.0},{"not_picked":["Dash","Inflame"],"picked":"Apotheosis","floor":47.0}],"player_experience":343996,"relics_obtained":[{"floor":6.0,"key":"Dead Branch"},{"floor":9.0,"key":"Du-Vu Doll"},{"floor":11.0,"key":"Old Coin"},{"floor":26.0,"key":"Shuriken"},{"floor":30.0,"key":"Bird Faced Urn"},{"floor":37.0,"key":"Peace Pipe"},{"floor":40.0,"key":"WingedGreaves"},{"floor":41.0,"key":"Unceasing Top"},{"floor":43.0,"key":"Gremlin Horn"},{"floor":44.0,"key":"Potion Belt"},{"floor":47.0,"key":"Bottled Tornado"}],"event_choices":[{"event_name":"World of Goop","player_choice":"Gather Gold","floor":2.0,"damage_taken":0.0},{"event_name":"Wheel of Change","player_choice":"Gold","floor":3.0,"damage_taken":0.0},{"event_name":"Shining Light","player_choice":"Entered Light","floor":4.0,"damage_taken":0.0},{"event_name":"Drug Dealer","player_choice":"Got JAX","floor":20.0,"damage_taken":0.0},{"event_name":"The Mausoleum","player_choice":"Yes","floor":21.0,"damage_taken":0.0},{"event_name":"Vampires","player_choice":"Ignored","floor":31.0,"damage_taken":0.0},{"event_name":"SensoryStone","player_choice":"Memory 3","floor":36.0,"damage_taken":0.0},{"event_name":"MindBloom","player_choice":"Fight","floor":37.0,"damage_taken":0.0},{"event_name":"Falling","player_choice":"Removed Attack","floor":38.0,"damage_taken":0.0},{"event_name":"Winding Halls","player_choice":"Embrace Madness","floor":46.0,"damage_taken":0.0}],"is_beta":true,"boss_relics":[{"not_picked":["Philosopher\u0027s Stone","Fusion Hammer"],"picked":"Astrolabe"},{"not_picked":["Black Star","Runic Pyramid"],"picked":"Sozu"}],"items_purged_floors":[],"is_endless":false,"potions_floor_spawned":[1,16,18,19,30,35,39],"ascension_level":9}