{"gold_per_floor":[114,94,8,22,42,67,67,67,148,148,17,17,37,65,65,136,136,110,110,123,48,61,61,94,108,181,181,181,210,210,224,224,296,296,315,361,377,392,392,392,392],"floor_reached":41,"playtime":7253,"items_purged":["Strike_G"],"score":834,"play_id":"d716fd5a-9167-4cf3-8fd6-d71518e6c016","local_time":"20190411142318","is_ascension_mode":true,"campfire_choices":[{"data":"Noxious Fumes","floor":7,"key":"SMITH"},{"floor":10,"key":"REST"},{"data":"Crippling Poison","floor":15,"key":"SMITH"},{"data":"Corpse Explosion","floor":23,"key":"SMITH"},{"floor":27,"key":"REST"},{"floor":30,"key":"REST"},{"data":"Night Terror","floor":32,"key":"SMITH"},{"data":"After Image","floor":40,"key":"SMITH"}],"neow_cost":"NONE","seed_source_timestamp":2293653077853090,"circlet_count":0,"master_deck":["AscendersBane","Defend_G","Defend_G","Defend_G","Defend_G","Defend_G","Strike_G","Strike_G","Strike_G","Survivor","Neutralize","Crippling Poison+1","Noxious Fumes+1","Dash","Dash","Night Terror+1","Cloak And Dagger","PiercingWail","Backstab","Bullet Time","Deflect","Corpse Explosion+1","PiercingWail","Predator","Burst","Footwork","Backstab","After Image+1","Caltrops+1"],"special_seed":0,"relics":["Ring of the Snake","NeowsBlessing","Centennial Puzzle","Turnip","Pantograph","Pear","Lizard Tail","Regal Pillow","Meat on the Bone","Nilry\u0027s Codex","Bottled Lightning","Coffee Dripper","Thread and Needle"],"potions_floor_usage":[6,14,14,36],"damage_taken":[{"damage":0.0,"enemies":"Jaw Worm","floor":1.0,"turns":1.0},{"damage":0.0,"enemies":"Cultist","floor":4.0,"turns":1.0},{"damage":0.0,"enemies":"Small Slimes","floor":5.0,"turns":1.0},{"damage":28,"enemies":"Gremlin Nob","floor":6,"turns":5},{"damage":3,"enemies":"Exordium Thugs","floor":13,"turns":5},{"damage":10,"enemies":"3 Sentries","floor":14,"turns":7},{"damage":28,"enemies":"Hexaghost","floor":16,"turns":9},{"damage":7,"enemies":"2 Thieves","floor":18,"turns":4},{"damage":6,"enemies":"3 Byrds","floor":20,"turns":2},{"damage":19,"enemies":"Snecko","floor":22,"turns":7},{"damage":1,"enemies":"Slavers","floor":24,"turns":3},{"damage":17,"enemies":"Shelled Parasite and Fungi","floor":25,"turns":5},{"damage":44,"enemies":"Book of Stabbing","floor":29,"turns":8},{"damage":6,"enemies":"Cultist and Chosen","floor":31,"turns":5},{"damage":68,"enemies":"Collector","floor":33,"turns":10},{"damage":13,"enemies":"Orb Walker","floor":35,"turns":5},{"damage":22,"enemies":"2 Orb Walkers","floor":36,"turns":4},{"damage":0,"enemies":"3 Darklings","floor":37,"turns":4},{"damage":12,"enemies":"Jaw Worm Horde","floor":38,"turns":3},{"damage":57,"enemies":"Reptomancer","floor":41,"turns":6}],"seed_played":"2749904528807969851","potions_obtained":[{"floor":1.0,"key":"Strength Potion"},{"floor":2.0,"key":"SteroidPotion"},{"floor":6,"key":"LiquidBronze"},{"floor":20,"key":"SteroidPotion"},{"floor":25,"key":"Ancient Potion"},{"floor":29,"key":"FairyPotion"},{"floor":35,"key":"Fire Potion"}],"is_trial":false,"path_per_floor":["?","M","?","$","?","$","?","?","?"],"character_chosen":"THE_SILENT","items_purchased":["Noxious Fumes","GhostInAJar","Cloak And Dagger"],"campfire_rested":3,"item_purchase_floors":[3,11,11],"current_hp_per_floor":[59,59,59,59,59,31,31,5,5,24,24,24,21,21,21,18,62,55,55,49,49,30,30,29,12,12,49,28,36,73,67,67,20,62,49,39,39,39,39,39,0],"gold":392,"neow_bonus":"THREE_ENEMY_KILL","is_prod":false,"is_daily":false,"chose_seed":false,"campfire_upgraded":5,"win_rate":0,"timestamp":1555006998,"path_taken":["M","?","$","M","?","E","R","?","T","R","?","$","M","E","R","BOSS","M","?","M","?","M","R","E","M","T","R","?","E","R","M","R","BOSS","M","?","M","M","?","R","E"],"build_version":"2019-01-23","purchased_purges":1,"victory":false,"max_hp_per_floor":[66,66,66,66,66,66,66,66,66,66,66,66,66,76,76,76,76,76,76,76,76,76,76,76,76,76,76,76,76,76,76,76,76,76,76,76,76,76,72,72,72],"card_choices":[{"not_picked":["Well Laid Plans","Dagger Spray"],"picked":"Crippling Poison","floor":1.0},{"not_picked":["Underhanded Strike","Setup"],"picked":"Dash","floor":4.0},{"not_picked":["Acrobatics","Quick Slash"],"picked":"Dash","floor":5.0},{"not_picked":["Distraction","Blur"],"picked":"Night Terror","floor":6},{"not_picked":["Sucker Punch","Outmaneuver"],"picked":"PiercingWail","floor":13},{"not_picked":["Flechettes","Tools of the Trade"],"picked":"Backstab","floor":14},{"not_picked":["Doppelganger","Night Terror"],"picked":"Bullet Time","floor":16},{"not_picked":["Dagger Spray","Quick Slash"],"picked":"Deflect","floor":18},{"not_picked":["Masterful Stab","Cloak And Dagger"],"picked":"PiercingWail","floor":20},{"not_picked":["Blade Dance","Finisher"],"picked":"Predator","floor":22},{"not_picked":["Finisher","Predator"],"picked":"Burst","floor":24},{"not_picked":["Outmaneuver","Terror","Dagger Throw"],"picked":"SKIP","floor":25},{"not_picked":["Outmaneuver","Flechettes+1"],"picked":"Footwork","floor":29},{"not_picked":["Accuracy","Blade Dance"],"picked":"Backstab","floor":31},{"not_picked":["Die Die Die","Grand Finale"],"picked":"After Image","floor":33},{"not_picked":["Tactician","Riddle With Holes","Dodge and Roll"],"picked":"SKIP","floor":35},{"not_picked":["Deadly Poison+1","Outmaneuver"],"picked":"Caltrops+1","floor":36},{"not_picked":["Caltrops","Cloak And Dagger","Dodge and Roll+1"],"picked":"SKIP","floor":37},{"not_picked":["Blur","Poisoned Stab+1","Dagger Spray+1"],"picked":"SKIP","floor":38}],"player_experience":1806260,"relics_obtained":[{"floor":6,"key":"Centennial Puzzle"},{"floor":9,"key":"Pantograph"},{"floor":14,"key":"Pear"},{"floor":24,"key":"Regal Pillow"},{"floor":26,"key":"Meat on the Bone"},{"floor":28,"key":"Nilry\u0027s Codex"},{"floor":29,"key":"Bottled Lightning"},{"floor":36,"key":"Thread and Needle"}],"event_choices":[{"damage_healed":0.0,"max_hp_gain":0.0,"max_hp_loss":0.0,"gold_gain":0.0,"event_name":"The Woman in Blue","player_choice":"Bought 1 Potion","floor":2.0,"gold_loss":0.0,"damage_taken":0.0},{"damage_healed":0,"gold_gain":0,"player_choice":"Success","damage_taken":26,"relics_obtained":["Turnip"],"max_hp_gain":0,"max_hp_loss":0,"event_name":"Scrap Ooze","floor":8,"gold_loss":0},{"damage_healed":0,"gold_gain":0,"cards_transformed":["Strike_G"],"player_choice":"Transformed","damage_taken":0,"max_hp_gain":0,"max_hp_loss":0,"event_name":"Transmorgrifier","floor":19,"gold_loss":0,"cards_obtained":["Corpse Explosion"]},{"damage_healed":0,"gold_gain":0,"player_choice":"Obtained Book","damage_taken":21,"max_hp_gain":0,"max_hp_loss":0,"event_name":"Cursed Tome","floor":28,"gold_loss":0},{"damage_healed":0,"gold_gain":0,"player_choice":"Fight","damage_taken":0,"max_hp_gain":0,"max_hp_loss":0,"event_name":"Mysterious Sphere","floor":36,"gold_loss":0},{"damage_healed":0,"gold_gain":0,"player_choice":"Max HP","damage_taken":0,"max_hp_gain":0,"max_hp_loss":4,"event_name":"Winding Halls","floor":39,"gold_loss":0}],"is_beta":false,"boss_relics":[{"not_picked":["Philosopher\u0027s Stone","Calling Bell"],"picked":"Lizard Tail"},{"not_picked":["Ring of the Serpent","Empty Cage"],"picked":"Coffee Dripper"}],"items_purged_floors":[21],"is_endless":false,"potions_floor_spawned":[1,5,6,20,25,29,35],"killed_by":"Reptomancer","ascension_level":18}