{"gold_per_floor":[117,117,129,140,140,172,172,45,45,55,75,107,117,192,192,296,296,312,342,150,150,178,178,378,378],"floor_reached":25,"playtime":808,"items_purged":[],"score":276,"play_id":"d376cbd0-901a-4ba9-ab10-9513aad60f59","local_time":"20180930120725","is_ascension_mode":true,"campfire_choices":[{"floor":15,"key":"REST"},{"floor":23,"key":"REST"}],"neow_cost":"NONE","seed_source_timestamp":1448535595680297,"circlet_count":0,"master_deck":["Strike_R+1","Strike_R","Strike_R","Strike_R","Strike_R","Defend_R","Defend_R","Defend_R","Defend_R","Bash+1","Double Tap","Sword Boomerang","Flame Barrier+1","Flex","Bludgeon","Forethought","Shrug It Off","Perfected Strike","Pummel","Shrug It Off+1","Shrug It Off+1","Barricade","Wild Strike","Reaper","Shrug It Off+1","Perfected Strike+1"],"relics":["Burning Blood","Kunai","Question Card","Toxic Egg 2","Torii","Fusion Hammer","Tiny Chest","Red Mask"],"potions_floor_usage":[6,13,16,22],"damage_taken":[{"damage":0,"enemies":"2 Louse","floor":1,"turns":3},{"damage":2,"enemies":"Jaw Worm","floor":3,"turns":3},{"damage":0,"enemies":"Small Slimes","floor":4,"turns":3},{"damage":16,"enemies":"Gremlin Nob","floor":6,"turns":3},{"damage":5,"enemies":"Blue Slaver","floor":10,"turns":5},{"damage":5,"enemies":"Large Slime","floor":11,"turns":5},{"damage":34,"enemies":"3 Sentries","floor":12,"turns":9},{"damage":1,"enemies":"Lots of Slimes","floor":13,"turns":4},{"damage":13,"enemies":"Hexaghost","floor":16,"turns":6},{"damage":16,"enemies":"Shell Parasite","floor":18,"turns":5},{"damage":36,"enemies":"Masked Bandits","floor":22,"turns":6},{"damage":86,"enemies":"Gremlin Leader","floor":25,"turns":9}],"seed_played":"-9188436740838658249","potions_obtained":[{"floor":3,"key":"SteroidPotion"},{"floor":4,"key":"LiquidBronze"},{"floor":12,"key":"PowerPotion"},{"floor":16,"key":"SneckoOil"}],"is_trial":false,"path_per_floor":["M","?","M","M","?","E","?","$","T","M","M","E","M","?","R","B",null,"M","?","$","?","?","R","?"],"character_chosen":"IRONCLAD","items_purchased":["Forethought","Shrug It Off","Reaper","Shrug It Off+1"],"campfire_rested":2,"item_purchase_floors":[8,8,20,20],"current_hp_per_floor":[80,64,68,74,67,57,57,57,57,58,59,31,36,25,49,42,80,70,70,70,70,40,64,64,0],"gold":378,"neow_bonus":"ONE_RANDOM_RARE_CARD","is_prod":false,"is_daily":false,"chose_seed":false,"campfire_upgraded":0,"win_rate":0,"timestamp":1538330845,"path_taken":["M","?","M","M","?","E","?","?","T","M","?","E","M","?","R","BOSS","M","?","$","?","?","R","?","E"],"build_version":"2018-09-27","purchased_purges":0,"victory":false,"max_hp_per_floor":[80,80,80,80,80,80,80,80,80,80,80,80,80,80,80,80,80,80,80,80,80,80,80,80,80],"card_choices":[{"not_picked":["Havoc","Hemokinesis"],"picked":"Sword Boomerang","floor":1},{"not_picked":["Cleave","Entrench"],"picked":"Flame Barrier","floor":3},{"not_picked":["Armaments","Sword Boomerang"],"picked":"Flex","floor":4},{"not_picked":["Combust","True Grit"],"picked":"Bludgeon","floor":6},{"not_picked":["Cleave","Heavy Blade","Evolve"],"picked":"Perfected Strike","floor":10},{"not_picked":["Shockwave+1","Warcry+1","Uppercut"],"picked":"Pummel","floor":11},{"not_picked":["Berserk","Body Slam","Clothesline"],"picked":"Shrug It Off+1","floor":12},{"not_picked":["Immolate","Second Wind+1","Dropkick"],"picked":"Shrug It Off+1","floor":13},{"not_picked":["Berserk","Reaper","Exhume+1"],"picked":"Barricade","floor":16},{"not_picked":["Sword Boomerang","Pommel Strike","Bloodletting+1"],"picked":"Wild Strike","floor":18},{"not_picked":["Immolate","True Grit+1","Cleave"],"picked":"Perfected Strike+1","floor":22}],"player_experience":650613,"relics_obtained":[{"floor":6,"key":"Question Card"},{"floor":9,"key":"Toxic Egg 2"},{"floor":12,"key":"Torii"},{"floor":22,"key":"Red Mask"}],"event_choices":[{"event_name":"Shining Light","player_choice":"Entered Light","floor":2,"damage_taken":0},{"event_name":"Scrap Ooze","player_choice":"success","floor":5,"damage_taken":7},{"event_name":"Accursed Blacksmith","player_choice":"Forge","floor":7,"damage_taken":0},{"event_name":"World of Goop","player_choice":"Gather Gold","floor":14,"damage_taken":0},{"event_name":"The Mausoleum","player_choice":"Yes","floor":19,"damage_taken":0},{"event_name":"Vampires","player_choice":"Ignored","floor":21,"damage_taken":0},{"event_name":"Masked Bandits","player_choice":"Fought Bandits","floor":22,"damage_taken":0},{"event_name":"The Joust","player_choice":"Bet on Owner","floor":24,"damage_taken":0}],"is_beta":false,"boss_relics":[{"not_picked":["Tiny House","Coffee Dripper"],"picked":"Fusion Hammer"}],"items_purged_floors":[],"is_endless":false,"potions_floor_spawned":[3,4,12,16],"killed_by":"Gremlin Leader","ascension_level":4}