{"gold_per_floor":[116,127,147,147,222,222,250,261,285,302,318,318,334,361,361,460,460,475,493,493,493,505,516,516,547,627,627,645,673,673,81,81,176,176],"floor_reached":34,"playtime":70432,"items_purged":["Writhe"],"score":454,"play_id":"49f0613e-a3db-4aa3-be11-1913bf0a6b62","local_time":"20190314140835","is_ascension_mode":false,"campfire_choices":[{"data":"Cleave","floor":6,"key":"SMITH"},{"data":"Rampage","floor":12,"key":"SMITH"},{"floor":15,"key":"REST"},{"floor":24,"key":"REST"},{"data":"RitualDagger","floor":30,"key":"SMITH"},{"data":"Iron Wave","floor":32,"key":"SMITH"}],"neow_cost":"NONE","seed_source_timestamp":21913438146271,"circlet_count":0,"master_deck":["Strike_R","Strike_R","Strike_R","Strike_R","Strike_R","Defend_R","Defend_R+1","Defend_R+1","Cleave+1","Iron Wave+1","Rampage+1","Headbutt","Feed","RitualDagger+1","Shrug It Off+1","Iron Wave+1","HandOfGreed"],"relics":["Burning Blood","Red Skull","Vajra","Anchor","Empty Cage","FossilizedHelix","Centennial Puzzle","Shuriken","Pantograph","Orichalcum","Pen Nib","ClockworkSouvenir","Lizard Tail"],"potions_floor_usage":[14,16,23,25],"damage_taken":[{"damage":2,"enemies":"Small Slimes","floor":1,"turns":4},{"damage":0,"enemies":"2 Louse","floor":2,"turns":2},{"damage":4,"enemies":"Jaw Worm","floor":3,"turns":4},{"damage":27,"enemies":"3 Sentries","floor":7,"turns":8},{"damage":1,"enemies":"3 Louse","floor":8,"turns":3},{"damage":7,"enemies":"Blue Slaver","floor":10,"turns":3},{"damage":0,"enemies":"2 Fungi Beasts","floor":11,"turns":2},{"damage":0,"enemies":"Red Slaver","floor":13,"turns":4},{"damage":20,"enemies":"Lagavulin","floor":14,"turns":4},{"damage":39,"enemies":"Hexaghost","floor":16,"turns":8},{"damage":17,"enemies":"Spheric Guardian","floor":18,"turns":4},{"damage":33,"enemies":"Shell Parasite","floor":19,"turns":9},{"damage":0,"enemies":"Cultist and Chosen","floor":22,"turns":6},{"damage":18,"enemies":"Snecko","floor":23,"turns":5},{"damage":25,"enemies":"Slavers","floor":25,"turns":5},{"damage":18,"enemies":"Snake Plant","floor":28,"turns":4},{"damage":0,"enemies":"Gremlin Leader","floor":29,"turns":5},{"damage":70,"enemies":"Champ","floor":33,"turns":10}],"seed_played":"-2306389533766015664","potions_obtained":[{"floor":8,"key":"PowerPotion"},{"floor":11,"key":"Fire Potion"},{"floor":13,"key":"Poison Potion"},{"floor":19,"key":"SteroidPotion"},{"floor":23,"key":"SteroidPotion"},{"floor":25,"key":"SneckoOil"}],"is_trial":false,"path_per_floor":["?","?","?","?","T"],"character_chosen":"IRONCLAD","items_purchased":["Pen Nib","ClockworkSouvenir","HandOfGreed"],"campfire_rested":2,"item_purchase_floors":[31,31,31],"current_hp_per_floor":[80,80,80,64,53,53,32,37,37,36,42,42,48,34,58,25,80,69,45,39,39,48,39,65,49,49,49,37,46,46,46,46,7,95],"gold":176,"neow_bonus":"THREE_CARDS","is_prod":false,"is_daily":false,"chose_seed":false,"campfire_upgraded":4,"win_rate":0,"timestamp":1552586915,"path_taken":["M","M","M","?","?","R","E","M","T","M","M","R","M","E","R","BOSS","M","M","?","?","M","M","R","E","T","?","M","E","R","$","R","BOSS"],"build_version":"2019-01-23","purchased_purges":1,"victory":false,"max_hp_per_floor":[80,80,80,80,80,80,80,80,80,80,80,80,80,80,80,80,80,80,83,83,83,86,89,89,92,92,92,92,95,95,95,95,95,95],"card_choices":[{"not_picked":["Armaments","Blood for Blood"],"picked":"Cleave","floor":0},{"not_picked":["Body Slam","Pommel Strike"],"picked":"Iron Wave","floor":1},{"not_picked":["Blood for Blood","Entrench","Searing Blow"],"picked":"SKIP","floor":2},{"not_picked":["Infernal Blade","Entrench","Disarm"],"picked":"SKIP","floor":3},{"not_picked":["Body Slam","Bloodletting"],"picked":"Rampage","floor":7},{"not_picked":["Thunderclap","Heavy Blade"],"picked":"Headbutt","floor":8},{"not_picked":["Body Slam","Entrench","Combust"],"picked":"SKIP","floor":10},{"not_picked":["Combust","Perfected Strike","Offering"],"picked":"SKIP","floor":11},{"not_picked":["Armaments","Body Slam","Clothesline"],"picked":"SKIP","floor":13},{"not_picked":["Armaments","Headbutt","Berserk"],"picked":"SKIP","floor":14},{"not_picked":["Juggernaut","Barricade"],"picked":"Feed","floor":16},{"not_picked":["Cleave","Shockwave+1","Fire Breathing"],"picked":"SKIP","floor":18},{"not_picked":["Pommel Strike","Fire Breathing","Havoc"],"picked":"SKIP","floor":19},{"not_picked":["Thunderclap","Infernal Blade+1","Flex"],"picked":"SKIP","floor":22},{"not_picked":["Pummel","Warcry"],"picked":"Shrug It Off+1","floor":23},{"not_picked":["Clash+1","Cleave","Havoc"],"picked":"SKIP","floor":25},{"not_picked":["Sword Boomerang+1","Demon Form"],"picked":"Iron Wave+1","floor":28},{"not_picked":["True Grit","Rage","Hemokinesis"],"picked":"SKIP","floor":29}],"player_experience":560886,"relics_obtained":[{"floor":7,"key":"Red Skull"},{"floor":9,"key":"Vajra"},{"floor":14,"key":"Anchor"},{"floor":25,"key":"Centennial Puzzle"},{"floor":26,"key":"Shuriken"},{"floor":27,"key":"Pantograph"},{"floor":29,"key":"Orichalcum"}],"event_choices":[{"damage_healed":0,"gold_gain":0,"player_choice":"Entered Light","damage_taken":16,"max_hp_gain":0,"max_hp_loss":0,"event_name":"Shining Light","floor":4,"gold_loss":0,"cards_upgraded":["Defend_R","Defend_R"]},{"damage_healed":0,"gold_gain":75,"player_choice":"Gather Gold","damage_taken":11,"max_hp_gain":0,"max_hp_loss":0,"event_name":"World of Goop","floor":5,"gold_loss":0},{"damage_healed":0,"gold_gain":0,"player_choice":"Joined the Cult","damage_taken":6,"max_hp_gain":0,"max_hp_loss":0,"event_name":"Nest","floor":20,"gold_loss":0,"cards_obtained":["RitualDagger"]},{"damage_healed":0,"gold_gain":0,"player_choice":"Opened","damage_taken":0,"relics_obtained":["FossilizedHelix"],"max_hp_gain":0,"max_hp_loss":0,"event_name":"The Mausoleum","floor":21,"gold_loss":0,"cards_obtained":["Writhe"]}],"is_beta":false,"boss_relics":[{"not_picked":["Runic Cube","Ectoplasm"],"picked":"Empty Cage"},{"not_picked":["Snecko Eye","Mark of Pain"],"picked":"Lizard Tail"}],"items_purged_floors":[31],"is_endless":false,"potions_floor_spawned":[8,11,13,19,23,25],"ascension_level":0}