{"gold_per_floor":[113,63,80,110,121,121,455,503,503,503,521,123,139,154,154,250,250,263,276,288,307,307,307,332,344,344,379,379,390,415,120,120,220,220,234,90,100,120,139,174,174,174,224,238,238,248,264,294,306,318,330,342,23,52,52],"floor_reached":55,"playtime":7117,"items_purged":["Strike_R"],"score":1310,"play_id":"8ab83225-fed1-47bc-8edd-8a556f48c7fc","local_time":"20190328204138","is_ascension_mode":true,"campfire_choices":[{"data":"Bash","floor":6,"key":"SMITH"},{"data":"Spot Weakness","floor":10,"key":"SMITH"},{"data":"Pommel Strike","floor":15,"key":"SMITH"},{"data":"Whirlwind","floor":23,"key":"SMITH"},{"data":"Armaments","floor":32,"key":"SMITH"},{"data":"Barricade","floor":41,"key":"SMITH"},{"floor":45,"key":"REST"},{"floor":49,"key":"RECALL"},{"floor":52,"key":"REST"}],"neow_cost":"NONE","seed_source_timestamp":1106900121961987,"circlet_count":0,"master_deck":["AscendersBane","Strike_R","Strike_R","Defend_R","Defend_R+1","Defend_R","Defend_R","Bash+1","Pommel Strike+1","Ghostly Armor","Spot Weakness+1","Flame Barrier+1","Headbutt","Battle Trance","Dark Shackles","Armaments+1","Impervious","Armaments+1","Corruption+1","Carnage","Whirlwind+1","RitualDagger","Spot Weakness","Reckless Charge","Reaper","Metallicize","Inflame","Seeing Red+1","Barricade+1","Feel No Pain+1","Spot Weakness+1","Warcry","Spot Weakness+1","Metallicize+1","Armaments","True Grit","Juggernaut+1"],"relics":["Burning Blood","Tiny Chest","Old Coin","Boot","Mummified Hand","Mercury Hourglass","Runic Pyramid","Ornamental Fan","Orichalcum","Ancient Tea Set","Matryoshka","War Paint","Potion Belt","White Beast Statue","Bag of Marbles","Frozen Egg 2","MawBank","Oddly Smooth Stone","Bronze Scales"],"potions_floor_usage":[27,30,30,39,39,42,42,47,48,50,50,50,55,55,55],"damage_taken":[{"damage":12,"enemies":"Small Slimes","floor":1,"turns":5},{"damage":6,"enemies":"Jaw Worm","floor":3,"turns":5},{"damage":5,"enemies":"Cultist","floor":5,"turns":4},{"damage":37,"enemies":"Gremlin Nob","floor":7,"turns":5},{"damage":1,"enemies":"Looter","floor":11,"turns":4},{"damage":3,"enemies":"Exordium Wildlife","floor":13,"turns":5},{"damage":6,"enemies":"Exordium Thugs","floor":14,"turns":5},{"damage":34,"enemies":"Hexaghost","floor":16,"turns":11},{"damage":0,"enemies":"3 Byrds","floor":18,"turns":5},{"damage":0,"enemies":"Shell Parasite","floor":19,"turns":10},{"damage":1,"enemies":"Cultist and Chosen","floor":20,"turns":6},{"damage":17,"enemies":"Snake Plant","floor":21,"turns":4},{"damage":0,"enemies":"Gremlin Leader","floor":24,"turns":7},{"damage":6,"enemies":"Centurion and Healer","floor":25,"turns":8},{"damage":17,"enemies":"Book of Stabbing","floor":27,"turns":6},{"damage":8,"enemies":"Cultist and Chosen","floor":29,"turns":6},{"damage":17,"enemies":"Slavers","floor":30,"turns":2},{"damage":43,"enemies":"Champ","floor":33,"turns":13},{"damage":20,"enemies":"3 Shapes","floor":35,"turns":5},{"damage":0,"enemies":"3 Darklings","floor":37,"turns":6},{"damage":3,"enemies":"Maw","floor":38,"turns":8},{"damage":37,"enemies":"Jaw Worm Horde","floor":39,"turns":4},{"damage":37,"enemies":"Nemesis","floor":40,"turns":9},{"damage":0,"enemies":"Reptomancer","floor":42,"turns":2},{"damage":59,"enemies":"Writhing Mass","floor":44,"turns":5},{"damage":14,"enemies":"Transient","floor":46,"turns":5},{"damage":41,"enemies":"Sphere and 2 Shapes","floor":47,"turns":6},{"damage":16,"enemies":"Giant Head","floor":48,"turns":9},{"damage":79,"enemies":"Awakened One","floor":50,"turns":12},{"damage":64,"enemies":"Shield and Spear","floor":54,"turns":9},{"damage":122,"enemies":"The Heart","floor":55,"turns":9}],"seed_played":"759746362589466289","potions_obtained":[{"floor":3,"key":"AttackPotion"},{"floor":7,"key":"FairyPotion"},{"floor":13,"key":"LiquidBronze"},{"floor":27,"key":"Explosive Potion"},{"floor":30,"key":"SmokeBomb"},{"floor":35,"key":"SkillPotion"},{"floor":37,"key":"Dexterity Potion"},{"floor":38,"key":"SkillPotion"},{"floor":39,"key":"SteroidPotion"},{"floor":40,"key":"LiquidBronze"},{"floor":44,"key":"BloodPotion"},{"floor":46,"key":"Fire Potion"},{"floor":47,"key":"Strength Potion"},{"floor":48,"key":"Poison Potion"},{"floor":54,"key":"LiquidBronze"}],"is_trial":false,"path_per_floor":["?","?","T","M","?","?","$"],"character_chosen":"IRONCLAD","items_purchased":["Battle Trance","Dark Shackles","Mercury Hourglass","War Paint","Potion Belt","Inflame","Metallicize+1","Oddly Smooth Stone","Armaments","True Grit","Dexterity Potion"],"campfire_rested":2,"item_purchase_floors":[12,12,12,31,31,36,53,53,53,53,53],"current_hp_per_floor":[74,74,74,62,63,63,32,32,32,32,37,37,40,40,40,12,69,75,81,86,75,69,69,75,75,75,64,64,62,51,51,51,14,70,56,56,79,88,79,88,88,88,88,48,74,75,65,82,82,51,79,88,88,52,0],"gold":52,"neow_bonus":"TEN_PERCENT_HP_BONUS","is_prod":false,"is_daily":false,"chose_seed":false,"campfire_upgraded":6,"win_rate":0,"timestamp":1553820098,"path_taken":["M","?","M","?","M","R","E","?","T","R","M","$","M","M","R","BOSS","M","?","M","M","?","R","E","M","T","E","?","M","E","?","R","BOSS","M","$","M","M","M","E","R","E","T","M","R","M","M","E","R","BOSS","R","$","E","BOSS"],"build_version":"2019-01-23","purchased_purges":1,"victory":false,"max_hp_per_floor":[88,88,88,88,88,88,88,88,88,88,88,88,88,88,88,88,88,88,88,88,88,88,88,88,88,88,88,88,88,88,88,88,88,88,88,88,88,88,88,88,88,88,88,88,88,88,88,88,88,88,88,88,88,88,88],"card_choices":[{"not_picked":["Sword Boomerang","Pummel"],"picked":"Pommel Strike","floor":1},{"not_picked":["Thunderclap","Entrench"],"picked":"Ghostly Armor","floor":3},{"not_picked":["True Grit","Metallicize"],"picked":"Spot Weakness","floor":5},{"not_picked":["Clash","True Grit"],"picked":"Flame Barrier","floor":7},{"not_picked":["Iron Wave","Sword Boomerang"],"picked":"Headbutt","floor":11},{"not_picked":["Dual Wield","Twin Strike"],"picked":"Armaments","floor":13},{"not_picked":["Rage","Wild Strike","Heavy Blade"],"picked":"SKIP","floor":14},{"not_picked":["Exhume","Dark Embrace"],"picked":"Impervious","floor":16},{"not_picked":["Shrug It Off+1","Headbutt+1"],"picked":"Armaments+1","floor":18},{"not_picked":["Wild Strike","Ghostly Armor"],"picked":"Corruption+1","floor":19},{"not_picked":["Searing Blow","Clash"],"picked":"Carnage","floor":20},{"not_picked":["Armaments","Reckless Charge"],"picked":"Whirlwind","floor":21},{"not_picked":["Heavy Blade+1","Wild Strike","Perfected Strike"],"picked":"SKIP","floor":24},{"not_picked":["Thunderclap","Warcry"],"picked":"Spot Weakness","floor":25},{"not_picked":["Twin Strike+1","Pommel Strike","Rupture"],"picked":"SKIP","floor":27},{"not_picked":["Pummel+1","Clothesline"],"picked":"Reckless Charge","floor":29},{"not_picked":["Evolve+1","Headbutt+1","Flex"],"picked":"SKIP","floor":30},{"not_picked":["Impervious","Feed"],"picked":"Reaper","floor":33},{"not_picked":["Armaments","Twin Strike+1"],"picked":"Metallicize","floor":35},{"not_picked":["Burning Pact","True Grit"],"picked":"Seeing Red+1","floor":37},{"not_picked":["Entrench+1","Cleave+1","Headbutt+1"],"picked":"SKIP","floor":38},{"not_picked":["Whirlwind+1","Cleave","Havoc+1"],"picked":"SKIP","floor":39},{"not_picked":["Entrench+1","Wild Strike"],"picked":"Barricade","floor":40},{"not_picked":["Perfected Strike+1","Warcry"],"picked":"Feel No Pain+1","floor":44},{"not_picked":["Perfected Strike","Burning Pact+1"],"picked":"Spot Weakness+1","floor":46},{"not_picked":["Searing Blow","Heavy Blade"],"picked":"Warcry","floor":47},{"not_picked":["Rampage+1","Headbutt"],"picked":"Spot Weakness+1","floor":48},{"not_picked":["Pommel Strike","Power Through"],"picked":"Juggernaut+1","floor":54}],"player_experience":1136845,"relics_obtained":[{"floor":7,"key":"Old Coin"},{"floor":8,"key":"Boot"},{"floor":9,"key":"Mummified Hand"},{"floor":24,"key":"Ornamental Fan"},{"floor":26,"key":"Orichalcum"},{"floor":27,"key":"Ancient Tea Set"},{"floor":30,"key":"Matryoshka"},{"floor":40,"key":"Bag of Marbles"},{"floor":43,"key":"Frozen Egg 2"},{"floor":48,"key":"MawBank"},{"floor":54,"key":"Bronze Scales"}],"event_choices":[{"cards_removed":["Strike_R"],"damage_healed":0,"gold_gain":0,"player_choice":"Card Removal","damage_taken":0,"max_hp_gain":0,"max_hp_loss":0,"event_name":"The Cleric","floor":2,"gold_loss":50},{"damage_healed":0,"gold_gain":0,"player_choice":"Success","damage_taken":12,"relics_obtained":["Tiny Chest"],"max_hp_gain":0,"max_hp_loss":0,"event_name":"Scrap Ooze","floor":4,"gold_loss":0},{"damage_healed":0,"gold_gain":0,"player_choice":"Joined the Cult","damage_taken":6,"max_hp_gain":0,"max_hp_loss":0,"event_name":"Nest","floor":22,"gold_loss":0,"cards_obtained":["RitualDagger"]},{"cards_removed":["Strike_R"],"damage_healed":0,"gold_gain":0,"player_choice":"Elegance","damage_taken":0,"max_hp_gain":0,"max_hp_loss":0,"event_name":"Back to Basics","floor":28,"gold_loss":0}],"is_beta":false,"boss_relics":[{"not_picked":["Lizard Tail","Tiny House"],"picked":"Runic Pyramid"},{"not_picked":["Velvet Choker","Eternal Feather"],"picked":"White Beast Statue"}],"items_purged_floors":[36],"is_endless":false,"potions_floor_spawned":[3,7,13,18,25,27,29,30,35,37,38,39,40,42,44,46,47,48,54],"killed_by":"The Heart","ascension_level":10}