{"gold_per_floor":[113,129,140,140,160,160,74,93,146,166,176,192,210,225,225,322,322,338,350,161,177,177,177,190,190,190,213,230,230,248,248,248,347,347,365,287,287,298,311,311,311,311,311,326,326],"floor_reached":45,"playtime":2150,"items_purged":[],"score":465,"play_id":"984dcb48-ba2c-41b9-ab40-33f0879fd84c","local_time":"20190214104855","is_ascension_mode":false,"campfire_choices":[{"data":"Glacier","floor":6,"key":"SMITH"},{"floor":15,"key":"REST"},{"data":"Barrage","floor":23,"key":"SMITH"},{"floor":25,"key":"REST"},{"data":"Redo","floor":29,"key":"SMITH"},{"data":"Capacitor","floor":32,"key":"SMITH"},{"floor":40,"key":"REST"}],"neow_cost":"NONE","seed_source_timestamp":140486934122436,"circlet_count":0,"master_deck":["Strike_B","Strike_B","Strike_B","Strike_B","Defend_B","Defend_B","Defend_B","Defend_B","Zap","Dualcast","Redo+1","Compile Driver","Steam","Barrage","Glacier+1","Panacea","Ball Lightning","Coolheaded","Hologram","Redo+1","Rainbow","Hologram","Rainbow","Barrage+1","Consume+1","Capacitor+1","Reboot","Barrage","BootSequence","Redo","Glacier","Seek","Stack+1","Self Repair","Madness","Madness","Turbo+1","Finesse","Redo+1"],"relics":["FrozenCore"],"potions_floor_usage":[11,16,28,33,33,33,39,44,45],"damage_taken":[{"damage":7,"enemies":"Small Slimes","floor":1,"turns":2},{"damage":6,"enemies":"Cultist","floor":2,"turns":3},{"damage":0,"enemies":"Jaw Worm","floor":3,"turns":3},{"damage":10,"enemies":"Looter","floor":5,"turns":2},{"damage":3,"enemies":"Exordium Wildlife","floor":8,"turns":5},{"damage":2,"enemies":"2 Fungi Beasts","floor":10,"turns":3},{"damage":9,"enemies":"3 Louse","floor":11,"turns":3},{"damage":0,"enemies":"Large Slime","floor":12,"turns":4},{"damage":0,"enemies":"Blue Slaver","floor":13,"turns":3},{"damage":12,"enemies":"3 Louse","floor":14,"turns":3},{"damage":22,"enemies":"Hexaghost","floor":16,"turns":13},{"damage":1,"enemies":"3 Byrds","floor":18,"turns":6},{"damage":0,"enemies":"Spheric Guardian","floor":19,"turns":4},{"damage":10,"enemies":"Shelled Parasite and Fungi","floor":21,"turns":7},{"damage":20,"enemies":"Colosseum Slavers","floor":22,"turns":5},{"damage":14,"enemies":"3 Cultists","floor":24,"turns":6},{"damage":14,"enemies":"Sentry and Sphere","floor":28,"turns":9},{"damage":4,"enemies":"Snake Plant","floor":30,"turns":4},{"damage":29,"enemies":"Champ","floor":33,"turns":12},{"damage":11,"enemies":"3 Darklings","floor":35,"turns":10},{"damage":36,"enemies":"Orb Walker","floor":38,"turns":7},{"damage":17,"enemies":"Writhing Mass","floor":39,"turns":12},{"damage":35,"enemies":"4 Shapes","floor":44,"turns":10},{"damage":16,"enemies":"3 Darklings","floor":45,"turns":4}],"seed_played":"4952106566065480864","potions_obtained":[{"floor":5,"key":"Weak Potion"},{"floor":10,"key":"Weak Potion"},{"floor":11,"key":"FearPotion"},{"floor":16,"key":"Ancient Potion"},{"floor":18,"key":"Strength Potion"},{"floor":24,"key":"Regen Potion"},{"floor":30,"key":"SkillPotion"},{"floor":33,"key":"Ancient Potion"},{"floor":38,"key":"SkillPotion"},{"floor":39,"key":"Swift Potion"},{"floor":44,"key":"PowerPotion"}],"is_trial":false,"path_per_floor":["M","M","M","?","M","R","$","M","T","M","M","M","M","M","R","B",null,"M","M","$","M","?","R","M","R","T","T","M","R","M","?","R","B",null,"M","$","?","M","M","R","?","?","T","M","M"],"character_chosen":"DEFECT","items_purchased":["Panacea","Capacitor","Reboot","Barrage","Self Repair"],"campfire_rested":3,"item_purchase_floors":[7,20,20,20,36],"current_hp_per_floor":[68,62,62,62,52,52,52,49,49,47,38,38,38,26,48,26,75,74,74,74,64,44,44,30,52,52,52,53,53,49,49,49,20,75,64,64,55,26,16,38,38,38,38,10,0],"gold":326,"neow_bonus":"THREE_CARDS","is_prod":false,"is_daily":false,"chose_seed":false,"campfire_upgraded":4,"win_rate":0,"timestamp":1550166535,"path_taken":["M","M","M","?","M","R","$","M","T","M","M","M","?","M","R","BOSS","M","M","$","M","?","R","M","R","T","?","M","R","M","?","R","BOSS","M","$","?","M","M","R","?","?","T","M","M"],"build_version":"2019-01-23","purchased_purges":0,"victory":false,"max_hp_per_floor":[75,75,75,75,75,75,75,75,75,75,75,75,75,75,75,75,75,75,75,75,75,75,75,75,75,75,75,75,75,75,75,75,75,75,75,75,75,75,75,75,75,75,75,75,75],"card_choices":[{"not_picked":["Cold Snap","Steam"],"picked":"Redo","floor":0},{"not_picked":["Streamline","Fusion"],"picked":"Compile Driver","floor":1},{"not_picked":["Scrape","Beam Cell"],"picked":"Steam","floor":2},{"not_picked":["Stack","Consume"],"picked":"Barrage","floor":3},{"not_picked":["Reinforced Body","Blizzard"],"picked":"Glacier","floor":5},{"not_picked":["Redo","Chill"],"picked":"Ball Lightning","floor":8},{"not_picked":["Reinforced Body","Double Energy"],"picked":"Coolheaded","floor":10},{"not_picked":["Go for the Eyes","Turbo"],"picked":"Hologram","floor":11},{"not_picked":["Stack","Storm"],"picked":"Redo","floor":12},{"not_picked":["Steam","Cold Snap"],"picked":"Rainbow","floor":13},{"not_picked":["Streamline","Ball Lightning"],"picked":"Hologram","floor":14},{"not_picked":["Creative AI","Amplify"],"picked":"Rainbow","floor":16},{"not_picked":["Go for the Eyes","Static Discharge"],"picked":"Barrage","floor":18},{"not_picked":["Beam Cell","Sweeping Beam"],"picked":"Consume+1","floor":19},{"not_picked":["FTL","Sweeping Beam+1"],"picked":"BootSequence","floor":21},{"not_picked":["Streamline+1","Go for the Eyes"],"picked":"Chill","floor":24},{"not_picked":["Go for the Eyes+1","Static Discharge"],"picked":"Redo","floor":28},{"not_picked":["Scrape","Consume+1","Reprogram+1"],"picked":"SKIP","floor":30},{"not_picked":["Rainbow","Thunder Strike"],"picked":"Seek","floor":33},{"not_picked":["Reprogram","Conserve Battery+1"],"picked":"Stack+1","floor":35},{"not_picked":["Conserve Battery+1","Hello World","Compile Driver"],"picked":"SKIP","floor":38},{"not_picked":["Beam Cell+1","Meteor Strike"],"picked":"Turbo+1","floor":39},{"not_picked":["Flash of Steel","Discovery"],"picked":"Finesse","floor":42},{"not_picked":["Turbo","Barrage"],"picked":"Redo+1","floor":44}],"player_experience":1471460,"relics_obtained":[],"event_choices":[{"damage_healed":0,"gold_gain":0,"player_choice":"Forge","damage_taken":0,"max_hp_gain":0,"max_hp_loss":0,"event_name":"Accursed Blacksmith","floor":4,"gold_loss":0,"cards_upgraded":["Redo"]},{"damage_healed":0,"gold_gain":0,"player_choice":"Fight","damage_taken":0,"max_hp_gain":0,"max_hp_loss":0,"event_name":"Colosseum","floor":22,"gold_loss":0},{"damage_healed":0,"gold_gain":0,"player_choice":"Fled From Nobs","damage_taken":0,"max_hp_gain":0,"max_hp_loss":0,"event_name":"Colosseum","floor":22,"gold_loss":0},{"damage_healed":0,"gold_gain":0,"player_choice":"Read","damage_taken":0,"max_hp_gain":0,"max_hp_loss":0,"event_name":"The Library","floor":31,"gold_loss":0,"cards_obtained":["Glacier"]},{"damage_healed":0,"gold_gain":0,"player_choice":"Embrace Madness","damage_taken":9,"max_hp_gain":0,"max_hp_loss":0,"event_name":"Winding Halls","floor":37,"gold_loss":0,"cards_obtained":["Madness","Madness"]},{"cards_removed":["Chill"],"damage_healed":0,"gold_gain":0,"player_choice":"Removed Skill","damage_taken":0,"max_hp_gain":0,"max_hp_loss":0,"event_name":"Falling","floor":41,"gold_loss":0},{"damage_healed":0,"gold_gain":0,"player_choice":"Memory 1","damage_taken":0,"max_hp_gain":0,"max_hp_loss":0,"event_name":"SensoryStone","floor":42,"gold_loss":0}],"is_beta":false,"boss_relics":[{"not_picked":["Eternal Feather","Cursed Key"],"picked":"FrozenCore"},{"not_picked":["Astrolabe","Coffee Dripper","Nuclear Battery"]}],"items_purged_floors":[],"is_endless":false,"potions_floor_spawned":[5,10,11,16,18,21,24,30,33,38,39,44],"killed_by":"3 Darklings","ascension_level":0}