{"gold_per_floor":[117,135,135,135,151,183,183,108,108,121,141,141,176,51,51,147,147,158,171,20,32,32,66,66,66,66,85,118,118,147,167,167,264,264,280,280,101,152,170,170,202,227,266,1,1],"floor_reached":45,"playtime":2008,"items_purged":["Regret"],"score":611,"play_id":"08a3f9c5-b27e-41ee-b1bd-1b4895917a12","local_time":"20180930152658","daily_mods":["Specialized","Night Terrors"],"is_ascension_mode":false,"campfire_choices":[{"data":"Catalyst","floor":7,"key":"SMITH"},{"floor":15,"key":"REST"},{"floor":25,"key":"REST"},{"data":"Distraction","floor":32,"key":"SMITH"},{"floor":40,"key":"REST"}],"neow_cost":"","seed_source_timestamp":0,"circlet_count":0,"master_deck":["Defend_G","Defend_G","Defend_G","Defend_G","Defend_G+1","Strike_G","Strike_G","Strike_G","Strike_G","Survivor","Neutralize","Deadly Poison","Deadly Poison","Deadly Poison","Deadly Poison","Deadly Poison","Poisoned Stab","Phantasmal Killer","Catalyst+1","Crippling Poison","Leg Sweep","Prepared","Masterful Stab","Escape Plan","Acrobatics","Corpse Explosion","Slice","Poisoned Stab","Backflip","Dodge and Roll+1","Leg Sweep","Outmaneuver","Acrobatics","Backflip","Distraction+1","Dodge and Roll","PiercingWail","Die Die Die","Madness","Madness","Poisoned Stab","Underhanded Strike+1","Dagger Throw+1","Dagger Throw","Prepared","Footwork+1"],"relics":["Ring of the Serpent","Du-Vu Doll","Tingsha","Regal Pillow","Prayer Wheel","Busted Crown","Anchor","MutagenicStrength","Oddly Smooth Stone","FaceOfCleric","WingedGreaves","Bottled Lightning","Matryoshka","Blood Vial","Tough Bandages","MawBank","Smiling Mask","Happy Flower","Frozen Egg 2"],"potions_floor_usage":[23,28,31,33,33,41,45],"damage_taken":[{"damage":0,"enemies":"Small Slimes","floor":1,"turns":3},{"damage":0,"enemies":"Jaw Worm","floor":2,"turns":3},{"damage":1,"enemies":"Cultist","floor":5,"turns":4},{"damage":13,"enemies":"Gremlin Nob","floor":6,"turns":4},{"damage":0,"enemies":"Looter","floor":10,"turns":3},{"damage":0,"enemies":"2 Fungi Beasts","floor":11,"turns":3},{"damage":20,"enemies":"Lagavulin","floor":13,"turns":3},{"damage":35,"enemies":"The Guardian","floor":16,"turns":7},{"damage":0,"enemies":"Chosen","floor":18,"turns":3},{"damage":16,"enemies":"Spheric Guardian","floor":19,"turns":4},{"damage":3,"enemies":"Centurion and Healer","floor":21,"turns":4},{"damage":41,"enemies":"Gremlin Leader","floor":23,"turns":8},{"damage":0,"enemies":"3 Cultists","floor":27,"turns":3},{"damage":2,"enemies":"Book of Stabbing","floor":28,"turns":4},{"damage":0,"enemies":"Gremlin Leader","floor":30,"turns":4},{"damage":1,"enemies":"Snecko","floor":31,"turns":5},{"damage":50,"enemies":"Collector","floor":33,"turns":10},{"damage":0,"enemies":"Orb Walker","floor":35,"turns":3},{"damage":21,"enemies":"Mysterious Sphere","floor":38,"turns":5},{"damage":17,"enemies":"3 Darklings","floor":39,"turns":4},{"damage":21,"enemies":"Nemesis","floor":41,"turns":5},{"damage":5,"enemies":"Maw","floor":42,"turns":7},{"damage":49,"enemies":"Giant Head","floor":45,"turns":10}],"seed_played":"-6246726882848721345","potions_obtained":[{"floor":1,"key":"SkillPotion"},{"floor":11,"key":"LiquidBronze"},{"floor":19,"key":"Energy Potion"},{"floor":23,"key":"Block Potion"},{"floor":28,"key":"GhostInAJar"},{"floor":35,"key":"SteroidPotion"},{"floor":42,"key":"Fire Potion"}],"is_trial":true,"path_per_floor":["M","M","?","?","M","E","R","$","T","M","M","?","E","$","R","B",null,"M","M","$","M","?","E","?","R","T","M","E","?","E","M","R","B",null,"M","?","$","?","M","R","E","M","T","$"],"character_chosen":"THE_SILENT","items_purchased":["Leg Sweep","Acrobatics","Anchor","Blood Vial","Poisoned Stab","Frozen Egg 2","Footwork+1"],"campfire_rested":3,"item_purchase_floors":[8,14,20,37,37,44,44],"current_hp_per_floor":[70,70,56,56,55,42,42,42,42,42,42,42,22,22,65,30,65,65,49,49,46,46,5,5,60,60,61,60,60,61,61,61,12,65,66,58,58,40,26,63,43,41,41,41,0],"gold":1,"neow_bonus":"","is_prod":false,"is_daily":false,"chose_seed":false,"campfire_upgraded":2,"win_rate":0,"timestamp":1538342818,"path_taken":["M","M","?","?","M","E","R","$","T","M","M","?","E","?","R","BOSS","M","?","$","M","?","E","?","R","T","?","E","?","E","M","R","BOSS","M","?","$","?","M","R","E","M","T","$","E"],"build_version":"2018-09-27","purchased_purges":1,"victory":false,"max_hp_per_floor":[70,70,70,70,70,70,70,70,70,70,70,70,70,70,65,65,65,65,65,65,65,65,65,65,60,60,61,62,62,63,64,64,65,65,66,66,66,67,68,63,64,65,65,65,65],"card_choices":[{"not_picked":["Infinite Blades","Prepared","Cloak And Dagger"],"picked":"SKIP","floor":1},{"not_picked":["Endless Agony","Dodge and Roll"],"picked":"Poisoned Stab","floor":2},{"not_picked":["Outmaneuver","PiercingWail"],"picked":"Catalyst","floor":5},{"not_picked":["Quick Slash","Sucker Punch"],"picked":"Crippling Poison","floor":6},{"not_picked":["Terror","Underhanded Strike"],"picked":"Prepared","floor":10},{"not_picked":["Concentrate","Prepared"],"picked":"Masterful Stab","floor":11},{"not_picked":["Terror","Quick Slash"],"picked":"Escape Plan","floor":13},{"not_picked":["Venomology","Night Terror"],"picked":"Corpse Explosion","floor":16},{"not_picked":[],"picked":"Slice","floor":18},{"not_picked":[],"picked":"Poisoned Stab","floor":18},{"not_picked":["Dagger Spray"],"picked":"SKIP","floor":19},{"not_picked":["Slice"],"picked":"SKIP","floor":19},{"not_picked":[],"picked":"Backflip","floor":21},{"not_picked":[],"picked":"Dodge and Roll+1","floor":21},{"not_picked":[],"picked":"Leg Sweep","floor":23},{"not_picked":[],"picked":"Outmaneuver","floor":27},{"not_picked":["Cloak And Dagger+1"],"picked":"SKIP","floor":27},{"not_picked":[],"picked":"Acrobatics","floor":28},{"not_picked":["Quick Slash"],"picked":"SKIP","floor":30},{"not_picked":[],"picked":"Dodge and Roll","floor":31},{"not_picked":[],"picked":"PiercingWail","floor":31},{"not_picked":[],"picked":"Die Die Die","floor":33},{"not_picked":["Cloak And Dagger+1"],"picked":"SKIP","floor":35},{"not_picked":["PiercingWail"],"picked":"SKIP","floor":35},{"not_picked":[],"picked":"Underhanded Strike+1","floor":39},{"not_picked":["Setup"],"picked":"SKIP","floor":39},{"not_picked":[],"picked":"Dagger Throw+1","floor":41},{"not_picked":[],"picked":"Dagger Throw","floor":42},{"not_picked":[],"picked":"Prepared","floor":42}],"player_experience":652491,"relics_obtained":[{"floor":6,"key":"Du-Vu Doll"},{"floor":9,"key":"Tingsha"},{"floor":13,"key":"Prayer Wheel"},{"floor":23,"key":"Oddly Smooth Stone"},{"floor":26,"key":"WingedGreaves"},{"floor":28,"key":"Bottled Lightning"},{"floor":30,"key":"Matryoshka"},{"floor":38,"key":"Tough Bandages"},{"floor":41,"key":"MawBank"},{"floor":43,"key":"Smiling Mask"},{"floor":43,"key":"Happy Flower"}],"event_choices":[{"event_name":"Shining Light","player_choice":"Entered Light","floor":3,"damage_taken":0},{"event_name":"Living Wall","player_choice":"Change","floor":4,"damage_taken":0},{"event_name":"Big Fish","player_choice":"Box","floor":12,"damage_taken":0},{"event_name":"Drug Dealer","player_choice":"Inject Mutagens","floor":22,"damage_taken":0},{"event_name":"FaceTrader","player_choice":"Trade","floor":24,"damage_taken":0},{"event_name":"Match and Keep!","player_choice":"2 cards matched","floor":29,"damage_taken":0},{"event_name":"Winding Halls","player_choice":"Embrace Madness","floor":36,"damage_taken":0},{"event_name":"Mysterious Sphere","player_choice":"Fight","floor":38,"damage_taken":0}],"is_beta":false,"boss_relics":[{"not_picked":["HoveringKite","Fusion Hammer"],"picked":"Busted Crown"},{"not_picked":["Tiny House","Runic Dome"],"picked":"Ring of the Serpent"}],"items_purged_floors":[14],"is_endless":false,"potions_floor_spawned":[1,11,19,23,28,35,42],"killed_by":"Giant Head","ascension_level":0}