{"gold_per_floor":[111,130,142,67,142,175,175,175,175,190,202,202,202],"floor_reached":13,"playtime":843,"items_purged":["Strike_R"],"score":94,"play_id":"8f89e062-7284-4b60-bb4d-230146faafe3","local_time":"20190406133143","is_ascension_mode":true,"campfire_choices":[{"floor":7,"key":"REST"}],"neow_cost":"NONE","seed_source_timestamp":612679464609300,"circlet_count":0,"master_deck":["Strike_R","Strike_R","Strike_R","Defend_R","Defend_R","Defend_R","Defend_R","Bash","Shockwave+1"],"relics":["Burning Blood","NeowsBlessing","Frozen Egg 2"],"potions_floor_usage":[6,10],"damage_taken":[{"damage":0,"enemies":"Cultist","floor":1,"turns":1},{"damage":0,"enemies":"Small Slimes","floor":2,"turns":1},{"damage":0,"enemies":"2 Louse","floor":3,"turns":1},{"damage":55,"enemies":"3 Sentries","floor":6,"turns":14},{"damage":4,"enemies":"2 Fungi Beasts","floor":10,"turns":3},{"damage":29,"enemies":"Lots of Slimes","floor":11,"turns":7},{"damage":34,"enemies":"Lagavulin","floor":13,"turns":6}],"seed_played":"-3179304312438537892","potions_obtained":[{"floor":3,"key":"Dexterity Potion"},{"floor":6,"key":"Fire Potion"}],"is_trial":false,"path_per_floor":["M","M","M","$","?","E","R","?","T","M","M","?","E"],"character_chosen":"IRONCLAD","items_purchased":[],"campfire_rested":1,"item_purchase_floors":[],"current_hp_per_floor":[80,80,80,80,69,20,44,44,44,46,23,23,0],"gold":202,"neow_bonus":"THREE_ENEMY_KILL","is_prod":false,"is_daily":false,"chose_seed":false,"campfire_upgraded":0,"win_rate":0,"timestamp":1554571903,"path_taken":["M","?","M","$","?","E","R","?","T","M","M","?","E"],"build_version":"2019-01-23","purchased_purges":1,"victory":false,"max_hp_per_floor":[80,80,80,80,80,80,80,80,80,80,80,80,80],"card_choices":[{"not_picked":["Armaments","Hemokinesis"],"picked":"Shockwave","floor":1},{"not_picked":["Clash","Dropkick","Anger"],"picked":"SKIP","floor":2},{"not_picked":["Rupture","Armaments","Rage"],"picked":"SKIP","floor":3},{"not_picked":["Clothesline","Dual Wield","Rage"],"picked":"SKIP","floor":6},{"not_picked":["Headbutt","Warcry","Thunderclap"],"picked":"SKIP","floor":10},{"not_picked":["Armaments","Power Through","Headbutt"],"picked":"SKIP","floor":11}],"player_experience":173844,"relics_obtained":[{"floor":6,"key":"Frozen Egg 2"}],"event_choices":[{"damage_healed":0,"gold_gain":75,"player_choice":"Gather Gold","damage_taken":11,"max_hp_gain":0,"max_hp_loss":0,"event_name":"World of Goop","floor":5,"gold_loss":0},{"cards_removed":["Strike_R"],"damage_healed":0,"gold_gain":0,"player_choice":"Forget","damage_taken":0,"max_hp_gain":0,"max_hp_loss":0,"event_name":"Living Wall","floor":8,"gold_loss":0},{"damage_healed":0,"gold_gain":0,"player_choice":"Forge","damage_taken":0,"max_hp_gain":0,"max_hp_loss":0,"event_name":"Accursed Blacksmith","floor":12,"gold_loss":0,"cards_upgraded":["Shockwave"]}],"is_beta":false,"boss_relics":[],"items_purged_floors":[4],"is_endless":false,"potions_floor_spawned":[3,6],"killed_by":"Lagavulin","ascension_level":2}