{"gold_per_floor":[129,159,185,210,24,50,61,9,89,108,119,131,131,161,161,259,259,275,288,338,338,143,143,143,143,143,18,18,28,54,18,18,18],"floor_reached":33,"playtime":1725,"items_purged":["Strike_G","Defend_G","Strike_G"],"score":321,"play_id":"8c146ca7-9e72-4d3b-a77d-24cc37b0cf53","local_time":"20181028171734","is_ascension_mode":true,"campfire_choices":[{"floor":13,"key":"REST"},{"floor":15,"key":"REST"},{"data":"Noxious Fumes","floor":23,"key":"SMITH"},{"data":"Neutralize","floor":25,"key":"SMITH"},{"data":"Dodge and Roll","floor":28,"key":"SMITH"},{"floor":32,"key":"REST"}],"neow_cost":"NONE","seed_source_timestamp":1552627218648634,"circlet_count":0,"master_deck":["Defend_G","Defend_G+1","Defend_G","Defend_G","Strike_G","Survivor","Neutralize+1","Deadly Poison","Bane","Poisoned Stab","Poisoned Stab","Dodge and Roll+1","Noxious Fumes+1","Deadly Poison","Corpse Explosion+1","Dagger Spray","Poisoned Stab","Footwork"],"relics":["Ring of the Snake","MawBank","Calipers","Blue Candle","Thread and Needle","Empty Cage","Bag of Marbles","War Paint"],"potions_floor_usage":[7,10,14,14,16,16,18,29,33],"damage_taken":[{"damage":2,"enemies":"Small Slimes","floor":1,"turns":4},{"damage":3,"enemies":"Cultist","floor":2,"turns":6},{"damage":1,"enemies":"Jaw Worm","floor":3,"turns":5},{"damage":5,"enemies":"3 Louse","floor":4,"turns":5},{"damage":29,"enemies":"3 Sentries","floor":6,"turns":10},{"damage":0,"enemies":"Blue Slaver","floor":7,"turns":3},{"damage":4,"enemies":"Lots of Slimes","floor":10,"turns":4},{"damage":7,"enemies":"Exordium Thugs","floor":11,"turns":6},{"damage":4,"enemies":"Large Slime","floor":12,"turns":7},{"damage":5,"enemies":"Lagavulin","floor":14,"turns":5},{"damage":22,"enemies":"Slime Boss","floor":16,"turns":12},{"damage":9,"enemies":"Chosen","floor":18,"turns":5},{"damage":10,"enemies":"Spheric Guardian","floor":19,"turns":5},{"damage":31,"enemies":"Snake Plant","floor":29,"turns":4},{"damage":48,"enemies":"Collector","floor":33,"turns":6}],"seed_played":"4546109417335374554","potions_obtained":[{"floor":4,"key":"Fire Potion"},{"floor":10,"key":"EssenceOfSteel"},{"floor":12,"key":"GhostInAJar"},{"floor":14,"key":"Poison Potion"},{"floor":16,"key":"SkillPotion"},{"floor":19,"key":"Dexterity Potion"}],"is_trial":false,"path_per_floor":["M","M","M","M","$","E","M","$","T","M","M","M","R","E","R","B",null,"M","M","?","?","$","R","?","R","T","$","R","M","T","$","R"],"character_chosen":"THE_SILENT","items_purchased":["Fruit Juice","Poisoned Stab","Poison Potion","Regen Potion","Poisoned Stab","Footwork"],"campfire_rested":3,"item_purchase_floors":[5,5,8,22,22,31],"current_hp_per_floor":[68,65,64,59,59,30,35,35,35,31,24,20,42,37,59,37,66,57,47,47,40,40,40,40,40,40,40,40,21,21,21,43,0],"gold":18,"neow_bonus":"RANDOM_COMMON_RELIC","is_prod":false,"is_daily":false,"chose_seed":false,"campfire_upgraded":3,"win_rate":0,"timestamp":1540768654,"path_taken":["M","M","M","M","$","E","M","$","T","M","M","M","R","E","R","BOSS","M","M","?","?","$","R","?","R","T","$","R","M","?","?","R","BOSS"],"build_version":"2018-10-25v2","purchased_purges":3,"victory":false,"max_hp_per_floor":[70,70,70,70,70,70,75,75,75,75,75,75,75,75,75,75,75,75,75,75,75,75,75,75,75,75,75,75,75,75,75,75,75],"card_choices":[{"not_picked":["PiercingWail","Sucker Punch"],"picked":"Deadly Poison","floor":1},{"not_picked":["Cloak And Dagger","Acrobatics","Outmaneuver"],"picked":"SKIP","floor":2},{"not_picked":["Tactician","Blade Dance","Slice"],"picked":"SKIP","floor":3},{"not_picked":["Acrobatics","Dagger Spray"],"picked":"Bane","floor":4},{"not_picked":["Blade Dance","Dodge and Roll"],"picked":"Poisoned Stab","floor":6},{"not_picked":["Flying Knee","Sucker Punch","Distraction"],"picked":"SKIP","floor":7},{"not_picked":["Doppelganger","Riddle With Holes"],"picked":"Dodge and Roll","floor":10},{"not_picked":["Poisoned Stab","Acrobatics"],"picked":"Noxious Fumes","floor":11},{"not_picked":["Dagger Spray","Quick Slash","Deflect"],"picked":"SKIP","floor":12},{"not_picked":["Acrobatics","Setup"],"picked":"Deadly Poison","floor":14},{"not_picked":["Tools of the Trade","Doppelganger"],"picked":"Corpse Explosion","floor":16},{"not_picked":["Underhanded Strike","Endless Agony"],"picked":"Dagger Spray","floor":18},{"not_picked":["Dagger Throw","Prepared","Slice"],"picked":"SKIP","floor":19},{"not_picked":["Prepared","Dagger Throw","Dagger Spray"],"picked":"SKIP","floor":29}],"player_experience":943546,"relics_obtained":[{"floor":6,"key":"Calipers"},{"floor":9,"key":"Blue Candle"},{"floor":14,"key":"Thread and Needle"},{"floor":26,"key":"Bag of Marbles"},{"floor":30,"key":"War Paint"}],"event_choices":[{"damage_healed":0,"gold_gain":100,"player_choice":"Bet on Murderer","damage_taken":0,"max_hp_gain":0,"max_hp_loss":0,"event_name":"The Joust","floor":20,"gold_loss":50},{"damage_healed":0,"gold_gain":0,"player_choice":"","damage_taken":7,"max_hp_gain":0,"max_hp_loss":0,"event_name":"Knowing Skull","floor":21,"potions_obtained":[],"gold_loss":0,"cards_obtained":[]},{"damage_healed":0,"gold_gain":0,"player_choice":"Ignored","damage_taken":0,"max_hp_gain":0,"max_hp_loss":0,"event_name":"Cursed Tome","floor":24,"gold_loss":0}],"is_beta":false,"boss_relics":[{"not_picked":["Black Star","Busted Crown"],"picked":"Empty Cage"}],"items_purged_floors":[5,22,27],"is_endless":false,"potions_floor_spawned":[4,10,12,14,16,19],"killed_by":"Collector","ascension_level":5}