{"gold_per_floor":[114,129,129,144,159,174,204,204,229,259,274,304,319,334,334,434,484,469,484,484,100,115,115,145,145],"floor_reached":25,"playtime":1549,"items_purged":[],"score":547,"play_id":"a84b2c3b-e4a0-4bf1-a88e-d5bf7e3c19c7","local_time":"20180822225649","daily_mods":["Insanity","Binary","Hoarder"],"is_ascension_mode":false,"campfire_choices":[{"floor":8,"key":"REST"},{"data":"Armaments","floor":15,"key":"SMITH"},{"floor":23,"key":"REST"}],"neow_cost":"","seed_source_timestamp":0,"circlet_count":0,"master_deck":["Reckless Charge","Carnage","Double Tap","Iron Wave","Shrug It Off","Wild Strike","Rupture","Metallicize","Anger","Intimidate","Shrug It Off+1","Exhume","Disarm","Thunderclap","Ghostly Armor","Reaper","Twin Strike","Demon Form","Dark Embrace","Shrug It Off","Bludgeon","Juggernaut","Perfected Strike","Seeing Red","Defend_R","Seeing Red","Dual Wield","Bash","Warcry","Inflame","Searing Blow","True Grit","Fire Breathing","Dropkick","True Grit","Twin Strike","Dual Wield","Clash","Clothesline","Dual Wield","Feel No Pain","Reckless Charge","Dual Wield","Entrench+1","Reaper","Whirlwind","Twin Strike","Armaments+1","Combust","Entrench+1","Flex","Flex","Flex","Fire Breathing","Fire Breathing","Fire Breathing","Headbutt","Headbutt","Headbutt","Sword Boomerang","Sword Boomerang","Sword Boomerang","Havoc","Havoc","Havoc","Thunderclap","Thunderclap","Thunderclap","Disarm","Disarm","Disarm","Anger","Anger","Anger","Armaments","Armaments+1","Armaments","Metallicize","Metallicize","Metallicize","Flex","Flex","Flex","Feed","Feed","Feed","Uppercut","Uppercut","Uppercut","Clash","Clash","Clash","Shrug It Off+1","Shrug It Off+1","Shrug It Off+1","Madness","Madness","Madness","Armaments","Armaments","Armaments","Pommel Strike","Pommel Strike","Pommel Strike"],"special_seed":17766,"relics":["Burning Blood","Dodecahedron","War Paint","Bottled Tornado","Juzu Bracelet","Tiny House","FaceOfCleric","Kunai","Darkstone Periapt"],"potions_floor_usage":[5,7,18,22,24,24,25],"damage_taken":[{"damage":0,"enemies":"Jaw Worm","floor":1,"turns":3},{"damage":0,"enemies":"Cultist","floor":2,"turns":3},{"damage":0,"enemies":"2 Louse","floor":4,"turns":1},{"damage":1,"enemies":"Gremlin Gang","floor":5,"turns":2},{"damage":28,"enemies":"Exordium Thugs","floor":6,"turns":4},{"damage":20,"enemies":"Lagavulin","floor":7,"turns":6},{"damage":4,"enemies":"3 Sentries","floor":10,"turns":4},{"damage":29,"enemies":"Lots of Slimes","floor":11,"turns":4},{"damage":8,"enemies":"Gremlin Nob","floor":12,"turns":4},{"damage":10,"enemies":"2 Fungi Beasts","floor":13,"turns":3},{"damage":4,"enemies":"3 Louse","floor":14,"turns":3},{"damage":48,"enemies":"The Guardian","floor":16,"turns":13},{"damage":17,"enemies":"2 Thieves","floor":18,"turns":4},{"damage":21,"enemies":"Shell Parasite","floor":19,"turns":5},{"damage":36,"enemies":"Centurion and Healer","floor":22,"turns":8},{"damage":81,"enemies":"Slavers","floor":24,"turns":6},{"damage":23,"enemies":"Cultist and Chosen","floor":25,"turns":4}],"seed_played":"633193296058416102","potions_obtained":[{"floor":2,"key":"Explosive Potion"},{"floor":5,"key":"Weak Potion"},{"floor":13,"key":"Fire Potion"},{"floor":14,"key":"Ancient Potion"},{"floor":16,"key":"BloodPotion"},{"floor":17,"key":"EntropicBrew"},{"floor":24,"key":"Dexterity Potion"}],"is_trial":false,"path_per_floor":["M","M","?","M","M","M","E","R","T","E","M","E","M","M","R","B",null,"M","M","?","$","M","R","E"],"character_chosen":"IRONCLAD","items_purchased":["Kunai","Madness","Armaments"],"campfire_rested":2,"item_purchase_floors":[21,21,21],"current_hp_per_floor":[80,80,80,80,80,58,44,68,68,70,47,45,41,57,57,41,85,82,75,75,75,46,71,18,0],"gold":145,"neow_bonus":"","is_prod":false,"is_daily":true,"chose_seed":false,"campfire_upgraded":1,"win_rate":0,"timestamp":1535000209,"path_taken":["M","M","?","M","?","M","E","R","T","E","M","E","M","M","R","BOSS","M","M","?","$","M","R","E","M"],"build_version":"2018-08-16","purchased_purges":0,"victory":false,"max_hp_per_floor":[80,80,80,80,80,80,80,80,80,80,80,80,80,80,80,80,85,85,85,85,85,86,86,90,90],"card_choices":[{"not_picked":["Clash"],"picked":"Flex","floor":1},{"not_picked":["Perfected Strike"],"picked":"Fire Breathing","floor":2},{"not_picked":["Combust"],"picked":"Headbutt","floor":4},{"not_picked":["Shrug It Off"],"picked":"Sword Boomerang","floor":5},{"not_picked":["Sword Boomerang"],"picked":"Havoc","floor":6},{"not_picked":["Headbutt"],"picked":"Thunderclap","floor":7},{"not_picked":["Disarm","Blood for Blood"],"picked":"SKIP","floor":10},{"not_picked":["Blood for Blood"],"picked":"Disarm","floor":10},{"not_picked":["Feel No Pain"],"picked":"Anger","floor":11},{"not_picked":["Uppercut"],"picked":"Armaments","floor":12},{"not_picked":["Searing Blow"],"picked":"Metallicize","floor":13},{"not_picked":["Dark Embrace"],"picked":"Flex","floor":14},{"not_picked":["Berserk"],"picked":"Feed","floor":16},{"not_picked":["Clash"],"picked":"Uppercut","floor":17},{"not_picked":["Carnage"],"picked":"Clash","floor":18},{"not_picked":["Evolve"],"picked":"Shrug It Off+1","floor":19},{"not_picked":["Perfected Strike","Battle Trance"],"picked":"SKIP","floor":22},{"not_picked":["Havoc"],"picked":"Pommel Strike","floor":24}],"player_experience":313912,"relics_obtained":[{"floor":7,"key":"Dodecahedron"},{"floor":9,"key":"War Paint"},{"floor":10,"key":"Bottled Tornado"},{"floor":12,"key":"Juzu Bracelet"},{"floor":24,"key":"Darkstone Periapt"}],"event_choices":[{"event_name":"Upgrade Shrine","player_choice":"Upgraded","floor":3,"damage_taken":0},{"event_name":"FaceTrader","player_choice":"Trade","floor":20,"damage_taken":0}],"is_beta":false,"boss_relics":[{"not_picked":["Velvet Choker","Pandora\u0027s Box"],"picked":"Tiny House"}],"items_purged_floors":[],"is_endless":false,"potions_floor_spawned":[2,5,13,14,16,24],"killed_by":"Cultist and Chosen","ascension_level":0}