{"gold_per_floor":[112,287,189,54,67,96,96,111,111,137,156,175,254,283,283,379,379,398,418,113,129,129,129,4,279,279,129,129,129,129,157,157,260,260,271,291,391,391,47,47,73,73,73,93,127,127,127,138,138,138],"floor_reached":51,"playtime":3908,"items_purged":["Doubt","Strike_G","Strike_G","Regret","Strike_G+1"],"score":877,"play_id":"5c7fc4cc-9717-4286-a2f7-959ef263fc2a","local_time":"20181028133156","is_ascension_mode":true,"campfire_choices":[{"floor":7,"key":"REST"},{"data":"Noxious Fumes","floor":15,"key":"SMITH"},{"floor":23,"key":"REST"},{"data":"Blur","floor":29,"key":"SMITH"},{"floor":32,"key":"REST"},{"data":"Apotheosis","floor":40,"key":"SMITH"},{"floor":49,"key":"REST"}],"neow_cost":"NONE","seed_source_timestamp":1536879925277768,"circlet_count":0,"master_deck":["Defend_G+1","Defend_G+1","Defend_G+1","Defend_G+1","Defend_G+1","Strike_G+1","Strike_G+1","Survivor","Neutralize+1","Quick Slash","Dodge and Roll","Noxious Fumes+1","Die Die Die","Leg Sweep","Blur+1","Poisoned Stab","PiercingWail","Die Die Die","Crippling Poison","PiercingWail","Terror+1","Prepared+1","Bouncing Flask","Apotheosis+1","Clumsy","Injury","Dodge and Roll+1"],"relics":["Ring of the Snake","Snake Skull","Paper Crane","Bottled Tornado","Shuriken","Dream Catcher","Lizard Tail","Ice Cream","MutagenicStrength","Bottled Lightning","Pen Nib","Cursed Key","WingedGreaves","Ginger","Dodecahedron","Anchor","Kunai"],"potions_floor_usage":[10,18,19,21,41,45,50,50],"damage_taken":[{"damage":4,"enemies":"2 Louse","floor":1,"turns":3},{"damage":1,"enemies":"Small Slimes","floor":5,"turns":4},{"damage":28,"enemies":"Gremlin Nob","floor":6,"turns":5},{"damage":4,"enemies":"Jaw Worm","floor":8,"turns":3},{"damage":12,"enemies":"Lagavulin","floor":10,"turns":8},{"damage":1,"enemies":"Exordium Thugs","floor":11,"turns":5},{"damage":0,"enemies":"Blue Slaver","floor":12,"turns":4},{"damage":4,"enemies":"Gremlin Nob","floor":14,"turns":4},{"damage":24,"enemies":"The Guardian","floor":16,"turns":10},{"damage":12,"enemies":"3 Byrds","floor":18,"turns":4},{"damage":12,"enemies":"Chosen","floor":19,"turns":5},{"damage":9,"enemies":"Centurion and Healer","floor":21,"turns":6},{"damage":19,"enemies":"Slavers","floor":31,"turns":3},{"damage":51,"enemies":"Collector","floor":33,"turns":11},{"damage":4,"enemies":"3 Shapes","floor":35,"turns":3},{"damage":0,"enemies":"Orb Walker","floor":36,"turns":4},{"damage":0,"enemies":"Mind Bloom Boss Battle","floor":37,"turns":6},{"damage":7,"enemies":"Giant Head","floor":41,"turns":9},{"damage":0,"enemies":"Jaw Worm Horde","floor":44,"turns":3},{"damage":29,"enemies":"Nemesis","floor":45,"turns":9},{"damage":10,"enemies":"Transient","floor":48,"turns":5},{"damage":15,"enemies":"Time Eater","floor":50,"turns":15}],"seed_played":"2530283347113996176","potions_obtained":[{"floor":6,"key":"Ancient Potion"},{"floor":10,"key":"SteroidPotion"},{"floor":12,"key":"Strength Potion"},{"floor":14,"key":"Fire Potion"},{"floor":19,"key":"EssenceOfSteel"},{"floor":36,"key":"GamblersBrew"},{"floor":37,"key":"Dexterity Potion"},{"floor":45,"key":"FearPotion"}],"is_trial":false,"path_per_floor":["M","?","$","$","M","E","R","M","T","E","M","M","T","E","R","B",null,"M","M","$","M","?","R","$","?","T","$","?","R","?","E","R","B",null,"M","M","?","$","$","R","E","?","T","M","E","$","T","M","R","B"],"character_chosen":"THE_SILENT","items_purchased":["Dodge and Roll","Noxious Fumes","Ice Cream","Apotheosis"],"campfire_rested":4,"item_purchase_floors":[3,4,20,39],"current_hp_per_floor":[73,73,73,73,72,44,67,63,63,51,50,50,50,46,46,22,77,65,53,53,44,44,67,67,67,67,67,67,67,67,48,71,20,77,73,73,73,73,73,73,66,87,87,87,58,58,58,48,74,59],"gold":138,"neow_bonus":"TEN_PERCENT_HP_BONUS","is_prod":false,"is_daily":false,"chose_seed":false,"campfire_upgraded":3,"win_rate":0,"timestamp":1540755116,"path_taken":["M","?","?","$","M","E","R","M","T","E","M","M","?","E","R","BOSS","M","M","$","M","?","R","$","?","T","$","?","R","?","E","R","BOSS","M","?","?","$","$","R","E","?","T","?","E","?","?","M","R","BOSS"],"build_version":"2018-10-25v2","purchased_purges":5,"victory":true,"max_hp_per_floor":[77,77,77,77,77,77,77,77,77,77,77,77,77,77,77,77,77,77,77,77,77,77,77,77,77,77,77,77,77,77,77,77,77,77,77,77,77,77,77,77,77,87,87,87,87,87,87,87,87,87],"card_choices":[{"not_picked":["Slice","Prepared"],"picked":"Quick Slash","floor":1},{"not_picked":["Cloak And Dagger","Dagger Throw"],"picked":"Die Die Die","floor":5},{"not_picked":["Doppelganger","Flying Knee","Slice"],"picked":"SKIP","floor":6},{"not_picked":["Dagger Throw","Terror"],"picked":"Leg Sweep","floor":8},{"not_picked":["Tools of the Trade","Acrobatics","Infinite Blades"],"picked":"SKIP","floor":10},{"not_picked":["Well Laid Plans","Slice"],"picked":"Blur","floor":11},{"not_picked":["Flying Knee","Deadly Poison"],"picked":"Poisoned Stab","floor":12},{"not_picked":["Dodge and Roll","Terror"],"picked":"PiercingWail","floor":14},{"not_picked":["Grand Finale","Tools of the Trade"],"picked":"Die Die Die","floor":16},{"not_picked":["Blur","Tactician"],"picked":"Crippling Poison","floor":18},{"not_picked":["Accuracy","Slice","Eviscerate+1"],"picked":"SKIP","floor":19},{"not_picked":["Acrobatics","Setup","Reflex"],"picked":"SKIP","floor":21},{"not_picked":["Bane+1","A Thousand Cuts"],"picked":"PiercingWail","floor":23},{"not_picked":["Glass Knife","Flying Knee","Backflip"],"picked":"SKIP","floor":31},{"not_picked":["Malaise","Night Terror"],"picked":"Die Die Die","floor":33},{"not_picked":["Escape Plan","Setup"],"picked":"Terror+1","floor":35},{"not_picked":["Masterful Stab","Predator"],"picked":"Prepared+1","floor":36},{"not_picked":["Underhanded Strike+1","Well Laid Plans"],"picked":"Bouncing Flask","floor":37},{"not_picked":["Sucker Punch+1","Quick Slash","Concentrate"],"picked":"SKIP","floor":41},{"not_picked":["Heel Hook+1","Dagger Throw","Accuracy"],"picked":"SKIP","floor":44},{"not_picked":["Terror+1","Outmaneuver+1","Noxious Fumes"],"picked":"SKIP","floor":45},{"not_picked":["Backflip","Masterful Stab","Heel Hook"],"picked":"SKIP","floor":48},{"not_picked":["Outmaneuver+1","Eviscerate"],"picked":"Dodge and Roll+1","floor":49}],"player_experience":930585,"relics_obtained":[{"floor":6,"key":"Snake Skull"},{"floor":9,"key":"Paper Crane"},{"floor":10,"key":"Bottled Tornado"},{"floor":13,"key":"Shuriken"},{"floor":14,"key":"Dream Catcher"},{"floor":26,"key":"Bottled Lightning"},{"floor":31,"key":"Pen Nib"},{"floor":37,"key":"WingedGreaves"},{"floor":41,"key":"Ginger"},{"floor":43,"key":"Dodecahedron"},{"floor":45,"key":"Anchor"},{"floor":47,"key":"Kunai"}],"event_choices":[{"damage_healed":0,"gold_gain":175,"player_choice":"AGREE","damage_taken":0,"max_hp_gain":0,"max_hp_loss":0,"event_name":"Liars Game","floor":2,"gold_loss":0,"cards_obtained":["Doubt"]},{"damage_healed":0,"gold_gain":0,"player_choice":"Inject Mutagens","damage_taken":0,"relics_obtained":["MutagenicStrength"],"max_hp_gain":0,"max_hp_loss":0,"event_name":"Drug Dealer","floor":22,"gold_loss":0},{"damage_healed":0,"gold_gain":275,"player_choice":"Desecrate","damage_taken":0,"max_hp_gain":0,"max_hp_loss":0,"event_name":"Golden Shrine","floor":25,"gold_loss":0,"cards_obtained":["Regret"]},{"damage_healed":0,"gold_gain":0,"player_choice":"Simplicity","damage_taken":0,"max_hp_gain":0,"max_hp_loss":0,"event_name":"Back to Basics","floor":28,"gold_loss":0,"cards_upgraded":["Defend_G","Defend_G","Defend_G","Defend_G","Defend_G","Strike_G","Strike_G","Strike_G"]},{"damage_healed":0,"gold_gain":0,"player_choice":"Upgraded","damage_taken":0,"max_hp_gain":0,"max_hp_loss":0,"event_name":"Upgrade Shrine","floor":30,"gold_loss":0,"cards_upgraded":["Neutralize"]},{"damage_healed":0,"gold_gain":0,"player_choice":"Fight","damage_taken":0,"max_hp_gain":0,"max_hp_loss":0,"event_name":"MindBloom","floor":37,"gold_loss":0},{"cards_removed":["Die Die Die"],"damage_healed":11,"gold_gain":0,"player_choice":"Offered Rare","damage_taken":0,"max_hp_gain":10,"max_hp_loss":0,"event_name":"Bonfire Elementals","floor":42,"gold_loss":0}],"is_beta":false,"boss_relics":[{"not_picked":["Runic Pyramid","HoveringKite"],"picked":"Lizard Tail"},{"not_picked":["Empty Cage","Pandora\u0027s Box"],"picked":"Cursed Key"}],"items_purged_floors":[3,4,24,27,39],"is_endless":false,"potions_floor_spawned":[6,10,12,14,19,36,37,45],"ascension_level":4}