{"gold_per_floor":[109,121,121,137,212,275,275,296,322,352,7,31,31,49,49,179,179,192,20,20,33,66,99,99,99,99,134,134,168,183,202,202,304,304,322,335,348,361,379,408,423,451,525,544,563,578,591,601,601,601,601,601,226,254,254],"floor_reached":56,"playtime":27390,"items_purged":["Parasite","Parasite"],"score":1300,"play_id":"ab31e632-e815-4040-86c3-4797f41ba30d","local_time":"20190204232428","is_ascension_mode":false,"campfire_choices":[{"floor":7,"key":"REST"},{"data":"Metallicize","floor":13,"key":"SMITH"},{"data":"Shrug It Off","floor":15,"key":"SMITH"},{"floor":28,"key":"REST"},{"floor":32,"key":"RECALL"},{"data":"Forethought","floor":49,"key":"SMITH"},{"data":"Seeing Red","floor":52,"key":"SMITH"}],"neow_cost":"CURSE","seed_source_timestamp":580450802447536,"circlet_count":0,"master_deck":["Demon Form","Shrug It Off+1","Metallicize+1","Battle Trance","Cleave","Iron Wave","Shrug It Off","Barricade","Double Tap","Body Slam","Twin Strike","Exhume","Feel No Pain","Impervious+1","Havoc+1","Flame Barrier","Forethought+1","Iron Wave","RitualDagger","Metallicize+1","Feed","Feed","Twin Strike+1","Rupture+1","Battle Trance+1","Armaments+1","Seeing Red+1","True Grit","Warcry+1","True Grit+1","Ghostly Armor"],"relics":["Burning Blood","Bloody Idol","Tiny Chest","Bronze Scales","Odd Mushroom","Membership Card","Singing Bowl","Blood Vial","Pandora\u0027s Box","Vajra","Red Mask","Red Skull","Bag of Preparation","Frozen Egg 2","Anchor","Astrolabe","War Paint","Charon\u0027s Ashes","Pen Nib","Turnip","Cauldron","Oddly Smooth Stone"],"potions_floor_usage":[8,37,55,55,55],"damage_taken":[{"damage":24,"enemies":"2 Louse","floor":1,"turns":26},{"damage":0,"enemies":"Small Slimes","floor":2,"turns":4},{"damage":5,"enemies":"Jaw Worm","floor":4,"turns":6},{"damage":31,"enemies":"3 Sentries","floor":6,"turns":12},{"damage":2,"enemies":"Looter","floor":8,"turns":4},{"damage":11,"enemies":"The Mushroom Lair","floor":10,"turns":3},{"damage":6,"enemies":"Large Slime","floor":14,"turns":8},{"damage":15,"enemies":"Hexaghost","floor":16,"turns":11},{"damage":8,"enemies":"Shell Parasite","floor":18,"turns":7},{"damage":5,"enemies":"3 Byrds","floor":21,"turns":5},{"damage":32,"enemies":"Masked Bandits","floor":22,"turns":6},{"damage":28,"enemies":"Book of Stabbing","floor":23,"turns":8},{"damage":24,"enemies":"Gremlin Leader","floor":27,"turns":7},{"damage":17,"enemies":"Slavers","floor":29,"turns":8},{"damage":0,"enemies":"Snake Plant","floor":30,"turns":6},{"damage":4,"enemies":"Sentry and Sphere","floor":31,"turns":8},{"damage":19,"enemies":"Automaton","floor":33,"turns":16},{"damage":0,"enemies":"3 Shapes","floor":35,"turns":5},{"damage":32,"enemies":"3 Darklings","floor":36,"turns":10},{"damage":30,"enemies":"Jaw Worm Horde","floor":37,"turns":7},{"damage":0,"enemies":"Maw","floor":38,"turns":10},{"damage":21,"enemies":"Writhing Mass","floor":39,"turns":8},{"damage":42,"enemies":"Giant Head","floor":40,"turns":11},{"damage":20,"enemies":"3 Darklings","floor":41,"turns":9},{"damage":14,"enemies":"Nemesis","floor":42,"turns":11},{"damage":29,"enemies":"Spire Growth","floor":44,"turns":5},{"damage":0,"enemies":"4 Shapes","floor":45,"turns":8},{"damage":3,"enemies":"Maw","floor":46,"turns":10},{"damage":19,"enemies":"Jaw Worm Horde","floor":47,"turns":6},{"damage":2,"enemies":"4 Shapes","floor":48,"turns":6},{"damage":24,"enemies":"Donu and Deca","floor":50,"turns":9},{"damage":15,"enemies":"Shield and Spear","floor":54,"turns":4},{"damage":107,"enemies":"The Heart","floor":55,"turns":11}],"seed_played":"-5261792266347167394","potions_obtained":[{"floor":1,"key":"Energy Potion"},{"floor":2,"key":"Strength Potion"},{"floor":4,"key":"EssenceOfSteel"},{"floor":10,"key":"Dexterity Potion"},{"floor":23,"key":"Block Potion"},{"floor":37,"key":"Dexterity Potion"},{"floor":41,"key":"Strength Potion"}],"is_trial":false,"path_per_floor":["?","?","?","$","T","M","?","?","?","?","M","M","M"],"character_chosen":"IRONCLAD","items_purchased":["Membership Card","Singing Bowl","Shrug It Off","Forethought","Vajra","Iron Wave","Pen Nib","Turnip","Cauldron"],"campfire_rested":2,"item_purchase_floors":[11,11,11,19,19,19,53,53,53],"current_hp_per_floor":[62,68,48,49,38,13,37,41,41,36,36,36,36,40,40,33,82,80,79,79,81,62,49,49,43,43,32,57,55,68,79,79,76,92,100,84,70,85,79,50,43,44,49,33,49,61,60,79,79,63,132,132,129,125,26],"gold":254,"neow_bonus":"THREE_RARE_CARDS","is_prod":false,"is_daily":false,"chose_seed":false,"campfire_upgraded":4,"win_rate":0,"timestamp":1549340668,"path_taken":["M","M","?","M","?","E","R","M","T","?","?","?","R","?","R","BOSS","M","$","?","M","?","E","?","?","T","E","R","E","?","M","R","BOSS","M","?","M","M","M","E","M","E","T","M","M","M","M","?","R","BOSS","R","$","E","BOSS"],"build_version":"2019-01-23","purchased_purges":2,"victory":true,"max_hp_per_floor":[80,80,80,80,80,80,80,80,80,80,80,80,80,82,82,82,82,82,79,79,81,83,85,85,85,85,85,85,87,87,89,89,92,92,100,105,108,110,112,112,112,114,114,114,117,119,124,132,132,132,132,132,129,129,129],"card_choices":[{"not_picked":["Berserk","Immolate"],"picked":"Demon Form","floor":0},{"not_picked":["Power Through","Cleave"],"picked":"Shrug It Off","floor":1},{"not_picked":["Wild Strike","Heavy Blade"],"picked":"Metallicize","floor":2},{"not_picked":["Flex","Clash"],"picked":"Battle Trance","floor":4},{"not_picked":["Body Slam","Berserk","Blood for Blood"],"picked":"SKIP","floor":6},{"not_picked":["Inflame","Clothesline"],"picked":"Cleave","floor":8},{"not_picked":["Intimidate","Blood for Blood"],"picked":"Iron Wave","floor":10},{"not_picked":["Shockwave","Whirlwind","Wild Strike"],"picked":"Singing Bowl","floor":14},{"not_picked":["Double Tap","Demon Form"],"picked":"Barricade","floor":16},{"not_picked":["Shrug It Off","Hemokinesis+1"],"picked":"Flame Barrier","floor":18},{"not_picked":["Intimidate","Twin Strike","Heavy Blade"],"picked":"Singing Bowl","floor":21},{"not_picked":["Wild Strike","Headbutt+1","Clash"],"picked":"Singing Bowl","floor":22},{"not_picked":["Corruption","Cleave","Carnage"],"picked":"Singing Bowl","floor":23},{"not_picked":["Spot Weakness","Wild Strike"],"picked":"Metallicize","floor":27},{"not_picked":["Dropkick","Cleave","Shrug It Off"],"picked":"Singing Bowl","floor":29},{"not_picked":["Fire Breathing+1","Pommel Strike"],"picked":"Feed","floor":30},{"not_picked":["Hemokinesis","Body Slam","Seeing Red"],"picked":"Singing Bowl","floor":31},{"not_picked":["Immolate","Fiend Fire"],"picked":"Feed","floor":33},{"not_picked":["Clash","Headbutt+1","Thunderclap+1"],"picked":"Singing Bowl","floor":35},{"not_picked":["Pommel Strike","Hemokinesis","Clash+1"],"picked":"Singing Bowl","floor":36},{"not_picked":["Uppercut+1","Clothesline+1"],"picked":"Armaments+1","floor":37},{"not_picked":["Iron Wave+1","Fire Breathing+1","Wild Strike+1"],"picked":"Singing Bowl","floor":38},{"not_picked":["Flex","Sword Boomerang","Clash+1"],"picked":"Singing Bowl","floor":39},{"not_picked":["Blood for Blood","Reaper"],"picked":"Seeing Red","floor":40},{"not_picked":["Dropkick","Reckless Charge"],"picked":"True Grit","floor":41},{"not_picked":["Twin Strike+1","Pummel","Clothesline+1"],"picked":"Singing Bowl","floor":42},{"not_picked":["Carnage","Heavy Blade"],"picked":"Warcry+1","floor":44},{"not_picked":["Rupture+1","Pommel Strike"],"picked":"True Grit+1","floor":45},{"not_picked":["Clash+1","Body Slam","Power Through+1"],"picked":"Singing Bowl","floor":46},{"not_picked":["Combust+1","Burning Pact+1","Heavy Blade+1"],"picked":"Singing Bowl","floor":47},{"not_picked":["Twin Strike+1","Whirlwind+1","Havoc"],"picked":"Singing Bowl","floor":48},{"not_picked":["Twin Strike+1","Flex"],"picked":"Ghostly Armor","floor":54}],"player_experience":228378,"relics_obtained":[{"floor":6,"key":"Tiny Chest"},{"floor":9,"key":"Bronze Scales"},{"floor":10,"key":"Odd Mushroom"},{"floor":12,"key":"Blood Vial"},{"floor":22,"key":"Red Mask"},{"floor":23,"key":"Red Skull"},{"floor":26,"key":"Bag of Preparation"},{"floor":27,"key":"Frozen Egg 2"},{"floor":29,"key":"Anchor"},{"floor":40,"key":"War Paint"},{"floor":42,"key":"Charon\u0027s Ashes"},{"floor":54,"key":"Oddly Smooth Stone"}],"event_choices":[{"damage_healed":0,"gold_gain":0,"player_choice":"Take Damage","damage_taken":20,"relics_obtained":["Golden Idol"],"max_hp_gain":0,"max_hp_loss":0,"event_name":"Golden Idol","floor":3,"gold_loss":0},{"damage_healed":0,"gold_gain":75,"player_choice":"Gather Gold","damage_taken":11,"max_hp_gain":0,"max_hp_loss":0,"event_name":"World of Goop","floor":5,"gold_loss":0},{"damage_healed":0,"gold_gain":0,"player_choice":"Fought Mushrooms","damage_taken":0,"max_hp_gain":0,"max_hp_loss":0,"event_name":"Mushrooms","floor":10,"gold_loss":0},{"damage_healed":0,"gold_gain":0,"player_choice":"Gave Idol","damage_taken":0,"relics_obtained":["Bloody Idol"],"max_hp_gain":0,"max_hp_loss":0,"event_name":"Forgotten Altar","floor":20,"relics_lost":["Golden Idol"],"gold_loss":0},{"damage_healed":0,"gold_gain":0,"player_choice":"Fought Bandits","damage_taken":0,"max_hp_gain":0,"max_hp_loss":0,"event_name":"Masked Bandits","floor":22,"gold_loss":0},{"damage_healed":0,"gold_gain":0,"player_choice":"Ignored","damage_taken":0,"max_hp_gain":0,"max_hp_loss":0,"event_name":"Cursed Tome","floor":24,"gold_loss":0},{"damage_healed":0,"gold_gain":0,"player_choice":"Joined the Cult","damage_taken":6,"max_hp_gain":0,"max_hp_loss":0,"event_name":"Nest","floor":25,"gold_loss":0,"cards_obtained":["RitualDagger"]}],"is_beta":false,"boss_relics":[{"not_picked":["Eternal Feather","Calling Bell"],"picked":"Pandora\u0027s Box"},{"not_picked":["Philosopher\u0027s Stone","Velvet Choker"],"picked":"Astrolabe"}],"items_purged_floors":[19,53],"is_endless":false,"potions_floor_spawned":[1,2,4,10,21,23,29,31,37,40,41,44,47,48,54],"ascension_level":0}