{"gold_per_floor":[364,384,384,65,78,110,125,125,125,65,99,99,99,115,115,115],"floor_reached":16,"playtime":563,"items_purged":["Writhe"],"score":198,"play_id":"e40e6e69-30c9-40d5-96aa-eccf31cb2197","local_time":"20190410114610","is_ascension_mode":true,"campfire_choices":[{"floor":8,"key":"REST"},{"floor":12,"key":"REST"},{"data":"True Grit","floor":15,"key":"SMITH"}],"neow_cost":"CURSE","seed_source_timestamp":2204519348767803,"circlet_count":0,"master_deck":["AscendersBane","Strike_R","Strike_R","Strike_R","Strike_R","Strike_R","Defend_R","Defend_R","Defend_R","Defend_R","Bash","True Grit+1","Wild Strike","Whirlwind+1","Disarm","Inflame","Clothesline","Offering","Feel No Pain"],"relics":["Burning Blood","NlothsMask","Omamori","Bronze Scales","Meat on the Bone"],"potions_floor_usage":[6],"damage_taken":[{"damage":13,"enemies":"Jaw Worm","floor":1,"turns":5},{"damage":6,"enemies":"Cultist","floor":2,"turns":4},{"damage":0,"enemies":"2 Louse","floor":5,"turns":2},{"damage":56,"enemies":"Lagavulin","floor":6,"turns":10},{"damage":6,"enemies":"2 Fungi Beasts","floor":7,"turns":4},{"damage":26,"enemies":"3 Sentries","floor":11,"turns":6},{"damage":6,"enemies":"Lots of Slimes","floor":14,"turns":1},{"damage":57,"enemies":"Slime Boss","floor":16,"turns":8}],"seed_played":"-5827994639808000319","potions_obtained":[{"floor":5,"key":"Explosive Potion"}],"is_trial":false,"path_per_floor":["?","M","?","?"],"character_chosen":"IRONCLAD","items_purchased":["Omamori","Whirlwind"],"campfire_rested":2,"item_purchase_floors":[4,4],"current_hp_per_floor":[61,61,61,61,67,17,17,39,39,39,19,41,41,53,53,0],"gold":115,"neow_bonus":"TWO_FIFTY_GOLD","is_prod":false,"is_daily":false,"chose_seed":false,"campfire_upgraded":1,"win_rate":0,"timestamp":1554911170,"path_taken":["M","M","?","$","M","E","?","R","T","?","E","R","?","M","R","BOSS"],"build_version":"2019-01-23","purchased_purges":1,"victory":false,"max_hp_per_floor":[75,75,75,75,75,75,75,75,75,75,75,75,75,75,75,75],"card_choices":[{"not_picked":["Flex","Havoc"],"picked":"True Grit","floor":1},{"not_picked":["Havoc","Warcry"],"picked":"Wild Strike","floor":2},{"not_picked":["Pommel Strike","Reckless Charge"],"picked":"Disarm","floor":5},{"not_picked":["Fire Breathing","Sever Soul"],"picked":"Inflame","floor":6},{"not_picked":["Battle Trance","Seeing Red"],"picked":"Clothesline","floor":7},{"not_picked":["Body Slam","Twin Strike"],"picked":"Offering","floor":11},{"not_picked":["Havoc","Burning Pact"],"picked":"Feel No Pain","floor":14}],"player_experience":1723164,"relics_obtained":[{"floor":6,"key":"Bronze Scales"},{"floor":11,"key":"Meat on the Bone"}],"event_choices":[{"damage_healed":0,"gold_gain":0,"player_choice":"Trade","damage_taken":0,"relics_obtained":["NlothsMask"],"max_hp_gain":0,"max_hp_loss":0,"event_name":"FaceTrader","floor":3,"gold_loss":0},{"damage_healed":0,"gold_gain":0,"player_choice":"Left Gold","damage_taken":0,"max_hp_gain":0,"max_hp_loss":0,"event_name":"World of Goop","floor":10,"gold_loss":60},{"damage_healed":0,"gold_gain":0,"player_choice":"Upgraded","damage_taken":0,"max_hp_gain":0,"max_hp_loss":0,"event_name":"Upgrade Shrine","floor":13,"gold_loss":0,"cards_upgraded":["Whirlwind"]}],"is_beta":false,"boss_relics":[],"items_purged_floors":[4],"is_endless":false,"potions_floor_spawned":[5],"killed_by":"Slime Boss","ascension_level":16}