{"gold_per_floor":[109,109,109,129,144,185,185,205,205,225,300,320,320,113,113,241,241,261,239,257,2,2,2,20,20,73,73,142,142],"floor_reached":29,"playtime":2426,"items_purged":["Strike_G"],"score":250,"play_id":"2c055271-e43f-4674-a511-4c4b902be6c4","local_time":"20190104220929","is_ascension_mode":true,"campfire_choices":[{"floor":7,"key":"REST"},{"floor":15,"key":"REST"},{"floor":23,"key":"REST"},{"data":"Tools of the Trade","floor":25,"key":"SMITH"},{"floor":27,"key":"REST"}],"neow_cost":"NONE","seed_source_timestamp":277994272805407,"circlet_count":0,"master_deck":["Defend_G","Defend_G","Defend_G","Defend_G","Strike_G","Strike_G","Strike_G","Strike_G","Survivor","Neutralize","Madness+1","Backstab","Deadly Poison","Backstab","Caltrops","Well Laid Plans","Footwork","Leg Sweep","Tools of the Trade+1","Catalyst+1","Backflip","Backflip+1","Catalyst","Acrobatics"],"relics":["Ring of the Snake","Golden Idol","The Courier","Pear","Sozu","Membership Card","War Paint","SsserpentHead","Dream Catcher"],"potions_floor_usage":[6,13,16,20],"damage_taken":[{"damage":4,"enemies":"Small Slimes","floor":1,"turns":4},{"damage":6,"enemies":"2 Louse","floor":4,"turns":4},{"damage":0,"enemies":"Cultist","floor":5,"turns":4},{"damage":30,"enemies":"3 Sentries","floor":6,"turns":15},{"damage":3,"enemies":"3 Louse","floor":8,"turns":4},{"damage":3,"enemies":"2 Fungi Beasts","floor":10,"turns":4},{"damage":4,"enemies":"Blue Slaver","floor":12,"turns":3},{"damage":0,"enemies":"Gremlin Nob","floor":13,"turns":1},{"damage":40,"enemies":"Slime Boss","floor":16,"turns":20},{"damage":19,"enemies":"Spheric Guardian","floor":18,"turns":7},{"damage":12,"enemies":"2 Thieves","floor":19,"turns":5},{"damage":29,"enemies":"Snecko","floor":20,"turns":10},{"damage":0,"enemies":"Snake Plant","floor":24,"turns":5},{"damage":7,"enemies":"Centurion and Healer","floor":28,"turns":8},{"damage":74,"enemies":"Slavers","floor":29,"turns":4}],"seed_played":"-2003266890483227658","potions_obtained":[{"floor":4,"key":"Explosive Potion"},{"floor":6,"key":"SteroidPotion"},{"floor":8,"key":"PowerPotion"},{"floor":10,"key":"SmokeBomb"},{"floor":16,"key":"GamblersBrew"}],"is_trial":false,"path_per_floor":["M","?","?","M","M","E","R","M","T","M","?","M","?","$","R","B",null,"M","M","M","$","?","R","M","R","T","R","M","E"],"character_chosen":"THE_SILENT","items_purchased":["Well Laid Plans","Footwork","Leg Sweep","Membership Card","Catalyst","War Paint"],"campfire_rested":4,"item_purchase_floors":[14,14,14,21,21,21],"current_hp_per_floor":[66,49,49,43,43,13,34,31,41,38,27,23,23,23,47,7,80,61,49,20,20,20,44,44,44,44,68,61,0],"gold":142,"neow_bonus":"RANDOM_COLORLESS","is_prod":false,"is_daily":false,"chose_seed":false,"campfire_upgraded":1,"win_rate":0,"timestamp":1546668569,"path_taken":["M","?","?","?","M","E","R","M","T","M","?","M","?","?","R","BOSS","M","M","M","$","?","R","M","R","T","R","?","E"],"build_version":"2019-01-03v4","purchased_purges":1,"victory":false,"max_hp_per_floor":[70,70,70,70,70,70,70,70,80,80,80,80,80,80,80,80,80,80,80,80,80,80,80,80,80,80,80,80,80],"card_choices":[{"not_picked":["All Out Attack","Skewer","Outmaneuver"],"picked":"SKIP","floor":1},{"not_picked":["Riddle With Holes","Reflex","Tactician"],"picked":"SKIP","floor":4},{"not_picked":["Flechettes","Sucker Punch"],"picked":"Backstab","floor":5},{"not_picked":["Masterful Stab","Dodge and Roll","Distraction"],"picked":"SKIP","floor":6},{"not_picked":["Quick Slash","Reflex"],"picked":"Deadly Poison","floor":8},{"not_picked":["Dagger Spray","Choke"],"picked":"Backstab","floor":10},{"not_picked":["Reflex","PiercingWail"],"picked":"Caltrops","floor":12},{"not_picked":["Venomology","Doppelganger"],"picked":"Tools of the Trade","floor":16},{"not_picked":["Blade Dance","Outmaneuver"],"picked":"Catalyst","floor":18},{"not_picked":["Blade Dance+1","Poisoned Stab"],"picked":"Backflip","floor":19},{"not_picked":["Poisoned Stab","Outmaneuver"],"picked":"Backflip+1","floor":20},{"not_picked":["Leg Sweep","Quick Slash","Outmaneuver"],"picked":"SKIP","floor":24},{"not_picked":["Poisoned Stab+1","Dagger Throw"],"picked":"Acrobatics","floor":28}],"player_experience":78463,"relics_obtained":[{"floor":6,"key":"The Courier"},{"floor":9,"key":"Pear"},{"floor":26,"key":"Dream Catcher"}],"event_choices":[{"damage_healed":0,"gold_gain":0,"player_choice":"Take Damage","damage_taken":17,"relics_obtained":["Golden Idol"],"max_hp_gain":0,"max_hp_loss":0,"event_name":"Golden Idol","floor":2,"gold_loss":0},{"cards_removed":["Defend_G"],"damage_healed":0,"gold_gain":0,"player_choice":"Offered Basic","damage_taken":0,"max_hp_gain":0,"max_hp_loss":0,"event_name":"Bonfire Elementals","floor":3,"gold_loss":0},{"damage_healed":0,"gold_gain":75,"player_choice":"Gather Gold","damage_taken":11,"max_hp_gain":0,"max_hp_loss":0,"event_name":"World of Goop","floor":11,"gold_loss":0},{"damage_healed":0,"gold_gain":0,"player_choice":"Searched \u00271\u0027 times","damage_taken":0,"max_hp_gain":0,"max_hp_loss":0,"event_name":"Dead Adventurer","floor":13,"gold_loss":0},{"damage_healed":0,"gold_gain":0,"player_choice":"Trade","damage_taken":0,"relics_obtained":["SsserpentHead"],"max_hp_gain":0,"max_hp_loss":0,"event_name":"FaceTrader","floor":22,"gold_loss":0}],"is_beta":false,"boss_relics":[{"not_picked":["Astrolabe","Orrery"],"picked":"Sozu"}],"items_purged_floors":[14],"is_endless":false,"potions_floor_spawned":[4,6,8,10,12,16,19,28],"killed_by":"Slavers","ascension_level":2}