{"gold_per_floor":[110,110,35,35,47,82,82,141,164,164,180,180,198,214,214,312,312,324,337,158,176,194,194,214,214,214,231,231,25,25,25,25,125,125,137,157,157],"floor_reached":37,"playtime":7036,"items_purged":["Strike_G","Strike_G","Strike_G"],"score":436,"play_id":"9a418102-237f-4016-af46-ec5f09c5255c","local_time":"20190410054054","is_ascension_mode":true,"campfire_choices":[{"data":"Well Laid Plans","floor":7.0,"key":"SMITH"},{"data":"Outmaneuver","floor":10.0,"key":"SMITH"},{"floor":15.0,"key":"REST"},{"floor":23.0,"key":"REST"},{"data":"A Thousand Cuts","floor":25.0,"key":"SMITH"},{"data":"Finisher","floor":28.0,"key":"SMITH"},{"data":"Noxious Fumes","floor":30.0,"key":"SMITH"},{"data":"Caltrops","floor":32.0,"key":"SMITH"}],"neow_cost":"NONE","seed_source_timestamp":430110110054088,"circlet_count":0,"master_deck":["Defend_G","Defend_G","Defend_G","Defend_G","Defend_G","Survivor","Neutralize+1","Outmaneuver+1","Dash","Cloak And Dagger+1","Blur+1","Finisher+1","A Thousand Cuts+1","Blur+1","Noxious Fumes+1","Blade Dance+1","Slice","Blade Dance+1","Slice","Leg Sweep+1","Flechettes","Caltrops+1","Infinite Blades","Bullet Time+1","Tools of the Trade","Backflip+1","Predator+1"],"special_seed":0,"relics":["Ring of the Snake","NeowsBlessing","Mercury Hourglass","Toxic Egg 2","Orichalcum","Runic Pyramid","Meat on the Bone","HoveringKite"],"potions_floor_usage":[],"damage_taken":[{"damage":0.0,"enemies":"Jaw Worm","floor":1.0,"turns":1.0},{"damage":0.0,"enemies":"Small Slimes","floor":5.0,"turns":1.0},{"damage":0.0,"enemies":"3 Sentries","floor":6.0,"turns":2.0},{"damage":12.0,"enemies":"3 Sentries","floor":8.0,"turns":6.0},{"damage":0.0,"enemies":"Cultist","floor":11.0,"turns":4.0},{"damage":8.0,"enemies":"Gremlin Gang","floor":13.0,"turns":4.0},{"damage":0.0,"enemies":"Large Slime","floor":14.0,"turns":6.0},{"damage":34.0,"enemies":"Hexaghost","floor":16.0,"turns":16.0},{"damage":1.0,"enemies":"Shell Parasite","floor":18.0,"turns":7.0},{"damage":1.0,"enemies":"Spheric Guardian","floor":19.0,"turns":5.0},{"damage":13.0,"enemies":"Centurion and Healer","floor":21.0,"turns":6.0},{"damage":1.0,"enemies":"Chosen and Byrds","floor":22.0,"turns":6.0},{"damage":2.0,"enemies":"Snecko","floor":24.0,"turns":7.0},{"damage":12.0,"enemies":"Snake Plant","floor":27.0,"turns":5.0},{"damage":3.0,"enemies":"Collector","floor":33.0,"turns":9.0},{"damage":29.0,"enemies":"3 Darklings","floor":35.0,"turns":4.0},{"damage":38,"enemies":"3 Shapes","floor":36,"turns":5},{"damage":21,"enemies":"Jaw Worm Horde","floor":37,"turns":2}],"seed_played":"1404188831353700440","potions_obtained":[{"floor":1.0,"key":"Poison Potion"},{"floor":6.0,"key":"AttackPotion"},{"floor":11.0,"key":"Ancient Potion"},{"floor":14.0,"key":"Regen Potion"},{"floor":16.0,"key":"Energy Potion"},{"floor":19.0,"key":"SkillPotion"},{"floor":24.0,"key":"GamblersBrew"},{"floor":33.0,"key":"Weak Potion"},{"floor":35.0,"key":"AttackPotion"},{"floor":36,"key":"PowerPotion"}],"is_trial":false,"path_per_floor":["M","?","$","?","M","E","R","?","T","R","M","?","M","M","R","B",null,"M","M","$","M","M","R","M","R","T","M","R","$","R","?","R","B",null,"M","M","M"],"character_chosen":"THE_SILENT","items_purchased":["Blade Dance+1","Slice","Caltrops"],"campfire_rested":2,"item_purchase_floors":[20,20,29],"current_hp_per_floor":[70,75,75,75,75,75,75,63,63,63,63,63,55,55,75,41,75,74,73,73,60,59,75,73,73,73,61,61,61,61,61,61,72,75,46,20,0],"gold":157,"neow_bonus":"THREE_ENEMY_KILL","is_prod":false,"is_daily":false,"chose_seed":false,"campfire_upgraded":6,"win_rate":0,"timestamp":1554892854,"path_taken":["M","?","$","?","M","E","R","?","T","R","M","?","?","M","R","BOSS","M","M","$","M","M","R","?","R","T","M","R","$","R","?","R","BOSS","M","M","M"],"build_version":"2019-01-23","purchased_purges":3,"victory":false,"max_hp_per_floor":[70,75,75,75,75,75,75,75,75,75,75,75,75,75,75,75,75,75,75,75,75,75,75,75,75,75,75,75,75,75,75,75,75,75,75,75,75],"card_choices":[{"not_picked":["Riddle With Holes","Prepared"],"picked":"Well Laid Plans","floor":1.0},{"not_picked":["Crippling Poison","Deflect"],"picked":"Dash","floor":5.0},{"not_picked":["Endless Agony","Dash","Well Laid Plans"],"picked":"SKIP","floor":6.0},{"not_picked":["Heel Hook","Infinite Blades"],"picked":"Cloak And Dagger+1","floor":11.0},{"not_picked":["Dagger Spray","All Out Attack"],"picked":"Blur+1","floor":13.0},{"not_picked":["Heel Hook","Dagger Spray"],"picked":"Finisher","floor":14.0},{"not_picked":["Storm of Steel+1","Envenom"],"picked":"A Thousand Cuts","floor":16.0},{"not_picked":["Dagger Spray","Dagger Throw"],"picked":"Blur+1","floor":18.0},{"not_picked":["Quick Slash","Expertise+1"],"picked":"Noxious Fumes","floor":19.0},{"not_picked":["Outmaneuver+1","Skewer+1"],"picked":"Blade Dance+1","floor":21.0},{"not_picked":["Wraith Form v2","Prepared+1"],"picked":"Slice","floor":22.0},{"not_picked":["Predator+1","Calculated Gamble+1"],"picked":"Leg Sweep+1","floor":24.0},{"not_picked":["Distraction+1","Acrobatics+1"],"picked":"Flechettes","floor":27.0},{"not_picked":["Bullet Time+1","Storm of Steel+1"],"picked":"Tools of the Trade","floor":33.0},{"not_picked":["Finisher","Bane"],"picked":"Backflip+1","floor":35.0},{"not_picked":["Slice","Leg Sweep+1"],"picked":"Predator+1","floor":36}],"player_experience":251485,"relics_obtained":[{"floor":6.0,"key":"Mercury Hourglass"},{"floor":8.0,"key":"Toxic Egg 2"},{"floor":9.0,"key":"Orichalcum"},{"floor":26.0,"key":"Meat on the Bone"}],"event_choices":[{"damage_healed":0.0,"max_hp_gain":5.0,"max_hp_loss":0.0,"gold_gain":0.0,"event_name":"Big Fish","player_choice":"Donut","floor":2.0,"gold_loss":0.0,"damage_taken":0.0},{"damage_healed":0.0,"max_hp_gain":0.0,"max_hp_loss":0.0,"gold_gain":0.0,"cards_transformed":["Strike_G"],"event_name":"Living Wall","player_choice":"Change","floor":4.0,"gold_loss":0.0,"damage_taken":0.0,"cards_obtained":["Outmaneuver"]},{"damage_healed":0.0,"max_hp_gain":0.0,"max_hp_loss":0.0,"gold_gain":30.0,"event_name":"Dead Adventurer","player_choice":"Searched \u00272\u0027 times","floor":8.0,"gold_loss":0.0,"damage_taken":0.0},{"damage_healed":0.0,"max_hp_gain":0.0,"max_hp_loss":0.0,"gold_gain":0.0,"event_name":"Accursed Blacksmith","player_choice":"Forge","floor":12.0,"gold_loss":0.0,"damage_taken":0.0,"cards_upgraded":["Neutralize"]},{"damage_healed":0.0,"max_hp_gain":0.0,"max_hp_loss":0.0,"gold_gain":0.0,"cards_transformed":["Well Laid Plans","Strike_G"],"event_name":"Drug Dealer","player_choice":"Became Test Subject","floor":31.0,"gold_loss":0.0,"damage_taken":0.0,"cards_obtained":["Infinite Blades","Bullet Time"]}],"is_beta":false,"boss_relics":[{"not_picked":["Velvet Choker","Eternal Feather"],"picked":"Runic Pyramid"},{"not_picked":["Lizard Tail","Cursed Key"],"picked":"HoveringKite"}],"items_purged_floors":[3,20,29],"is_endless":false,"potions_floor_spawned":[1,6,11,14,16,19,24,33,35,36],"killed_by":"Jaw Worm Horde","ascension_level":2}