{"gold_per_floor":[114,289,304,304,319,319,349,349,349,379,394,69,84,99,99,199,199,214,17,38,38,38,38,68,31,31,46,76,91,91,121,121,221,221,236,236,251,221,221,251,251,281,281,8,38,53,83,3,3,3],"floor_reached":51,"playtime":1837,"items_purged":["Doubt"],"score":1204,"play_id":"916bc9df-e4bf-4e15-ac17-089a4bd6326b","local_time":"20180915192857","daily_mods":["Shiny","Elite Swarm","Vintage"],"is_ascension_mode":false,"campfire_choices":[{"data":"Fission","floor":6,"key":"SMITH"},{"floor":8,"key":"REST"},{"floor":15,"key":"REST"},{"data":"Rainbow","floor":23,"key":"SMITH"},{"data":"Chill","floor":30,"key":"SMITH"},{"data":"Echo Form","floor":32,"key":"SMITH"},{"data":"Thunder Strike","floor":41,"key":"SMITH"},{"data":"1","floor":49,"key":"LIFT"}],"neow_cost":"","seed_source_timestamp":171807990810579,"circlet_count":0,"master_deck":["Multi-Cast","Hyperbeam","Thunder Strike+1","Biased Cognition","Electrodynamics","Buffer","Rainbow+1","Seek","Meteor Strike","Echo Form+1","All For One","Reboot","Amplify","Fission+1","Core Surge","Seek","Doom and Gloom+1","Hologram","Stack","Thunder Strike+1","Static Discharge+1","Cold Snap+1","Buffer+1","Chill+1","Biased Cognition+1","Buffer+1","Electrodynamics+1","Echo Form+1","Self Repair+1","Buffer+1","Core Surge+1","Heatsinks+1"],"special_seed":17790,"relics":["Cracked Core","Shuriken","Molten Egg 2","Omamori","Singing Bowl","Ice Cream","Bottled Flame","Kunai","Bottled Tornado","Anchor","Frozen Egg 2","Bronze Scales","Juzu Bracelet","Snecko Eye","Incense Burner","Red Mask","Meat on the Bone","Matryoshka","Mercury Hourglass","DataDisk","Bottled Lightning","Pear","Bird Faced Urn","Pen Nib","Calipers","Sundial","Cursed Key","Boot","Bag of Preparation","Prayer Wheel","Symbiotic Virus","Dream Catcher","Letter Opener","Runic Capacitor","Peace Pipe","Girya","Smiling Mask"],"potions_floor_usage":[16,16,16,20,33,33,42,50],"damage_taken":[{"damage":11,"enemies":"Jaw Worm","floor":1,"turns":3},{"damage":0,"enemies":"Small Slimes","floor":3,"turns":2},{"damage":0,"enemies":"2 Louse","floor":5,"turns":1},{"damage":18,"enemies":"Lagavulin","floor":7,"turns":5},{"damage":27,"enemies":"Gremlin Nob","floor":10,"turns":4},{"damage":0,"enemies":"Lots of Slimes","floor":11,"turns":1},{"damage":1,"enemies":"Exordium Wildlife","floor":13,"turns":2},{"damage":2,"enemies":"Blue Slaver","floor":14,"turns":3},{"damage":28,"enemies":"Hexaghost","floor":16,"turns":5},{"damage":10,"enemies":"2 Thieves","floor":18,"turns":2},{"damage":5,"enemies":"Masked Bandits","floor":20,"turns":3},{"damage":0,"enemies":"Gremlin Leader","floor":24,"turns":2},{"damage":0,"enemies":"Chosen","floor":27,"turns":1},{"damage":0,"enemies":"Slavers","floor":28,"turns":1},{"damage":0,"enemies":"3 Cultists","floor":29,"turns":3},{"damage":0,"enemies":"Gremlin Leader","floor":31,"turns":3},{"damage":0,"enemies":"Automaton","floor":33,"turns":5},{"damage":0,"enemies":"3 Darklings","floor":35,"turns":3},{"damage":0,"enemies":"Orb Walker","floor":37,"turns":2},{"damage":0,"enemies":"Giant Head","floor":40,"turns":4},{"damage":0,"enemies":"2 Orb Walkers","floor":42,"turns":1},{"damage":0,"enemies":"Nemesis","floor":45,"turns":3},{"damage":0,"enemies":"Spire Growth","floor":46,"turns":3},{"damage":0,"enemies":"Giant Head","floor":47,"turns":4},{"damage":0,"enemies":"Awakened One","floor":50,"turns":5}],"seed_played":"-2272757281198237477","potions_obtained":[{"floor":1,"key":"Ancient Potion"},{"floor":7,"key":"FocusPotion"},{"floor":13,"key":"Poison Potion"},{"floor":18,"key":"Block Potion"},{"floor":29,"key":"EssenceOfSteel"},{"floor":31,"key":"Swift Potion"},{"floor":37,"key":"Swift Potion"},{"floor":38,"key":"FairyPotion"},{"floor":38,"key":"Fire Potion"},{"floor":46,"key":"Fire Potion"},{"floor":47,"key":"Dexterity Potion"}],"is_trial":false,"path_per_floor":["M","?","M","?","M","R","E","R","T","E","M","$","M","M","R","B",null,"M","$","?","?","?","R","E","$","T","M","E","M","R","E","R","B",null,"M","?","M","?","?","E","R","E","T","$","E","M","E","$","R","B"],"character_chosen":"DEFECT","items_purchased":["Doom and Gloom+1","Hologram","Anchor","Stack","Static Discharge+1","Cold Snap+1","Chill","Runic Capacitor","Self Repair+1","Heatsinks+1"],"campfire_rested":2,"item_purchase_floors":[12,12,12,12,19,19,25,44,44,48],"current_hp_per_floor":[64,64,64,57,57,57,39,61,61,36,36,36,35,33,56,28,77,67,67,64,64,64,64,64,64,64,74,74,80,80,88,88,89,89,89,89,89,89,99,101,101,101,101,101,101,101,101,101,101,101],"gold":3,"neow_bonus":"","is_prod":false,"is_daily":true,"chose_seed":false,"campfire_upgraded":5,"win_rate":0,"timestamp":1537061337,"path_taken":["M","?","?","?","?","R","E","R","T","E","M","$","M","M","R","BOSS","M","$","?","?","?","R","E","?","T","M","E","M","R","E","R","BOSS","M","?","M","?","?","E","R","E","T","?","E","M","E","$","R","BOSS"],"build_version":"2018-09-06","purchased_purges":1,"victory":true,"max_hp_per_floor":[75,75,75,75,75,75,75,75,75,77,77,77,77,77,77,77,77,77,77,79,79,79,79,79,79,79,89,89,89,89,89,89,89,89,89,89,89,89,99,101,101,101,101,101,101,101,101,101,101,101],"card_choices":[{"not_picked":["Creative AI","Meteor Strike+1"],"picked":"Seek","floor":7},{"not_picked":["Fission","Multi-Cast","Echo Form"],"picked":"Singing Bowl","floor":10},{"not_picked":["Hyperbeam+1","Fission"],"picked":"Thunder Strike+1","floor":16},{"not_picked":["Consume","Barrage+1","Rebound+1"],"picked":"Singing Bowl","floor":20},{"not_picked":["All For One+1","Core Surge+1"],"picked":"Buffer+1","floor":24},{"not_picked":["Seek","All For One+1"],"picked":"Biased Cognition+1","floor":28},{"not_picked":["Fission","Seek"],"picked":"Buffer+1","floor":31},{"not_picked":["Creative AI+1","Fission"],"picked":"Electrodynamics+1","floor":33},{"not_picked":["Machine Learning+1","Amplify","Multi-Cast"],"picked":"Singing Bowl","floor":40},{"not_picked":["Multi-Cast","Buffer+1"],"picked":"Echo Form+1","floor":42},{"not_picked":["All For One+1","Machine Learning+1"],"picked":"Buffer+1","floor":45},{"not_picked":["Hyperbeam+1","Creative AI+1"],"picked":"Core Surge+1","floor":47}],"player_experience":528605,"relics_obtained":[{"floor":1,"key":"Shuriken"},{"floor":3,"key":"Molten Egg 2"},{"floor":5,"key":"Singing Bowl"},{"floor":7,"key":"Ice Cream"},{"floor":9,"key":"Bottled Flame"},{"floor":10,"key":"Kunai"},{"floor":11,"key":"Bottled Tornado"},{"floor":13,"key":"Frozen Egg 2"},{"floor":14,"key":"Bronze Scales"},{"floor":16,"key":"Juzu Bracelet"},{"floor":18,"key":"Incense Burner"},{"floor":20,"key":"Red Mask"},{"floor":24,"key":"Mercury Hourglass"},{"floor":26,"key":"DataDisk"},{"floor":26,"key":"Bottled Lightning"},{"floor":27,"key":"Pear"},{"floor":28,"key":"Bird Faced Urn"},{"floor":29,"key":"Pen Nib"},{"floor":31,"key":"Calipers"},{"floor":33,"key":"Sundial"},{"floor":35,"key":"Boot"},{"floor":37,"key":"Bag of Preparation"},{"floor":40,"key":"Prayer Wheel"},{"floor":42,"key":"Symbiotic Virus"},{"floor":43,"key":"Dream Catcher"},{"floor":43,"key":"Letter Opener"},{"floor":45,"key":"Peace Pipe"},{"floor":46,"key":"Girya"},{"floor":47,"key":"Smiling Mask"}],"event_choices":[{"event_name":"Liars Game","player_choice":"agreed","floor":2,"damage_taken":0},{"event_name":"Scrap Ooze","player_choice":"success","floor":4,"damage_taken":7},{"event_name":"Masked Bandits","player_choice":"Fought Bandits","floor":20,"damage_taken":0},{"event_name":"Addict","player_choice":"Stole Relic","floor":21,"damage_taken":0},{"event_name":"WeMeetAgain","player_choice":"Card","floor":22,"damage_taken":0},{"event_name":"SecretPortal","player_choice":"Rejected Portal.","floor":36,"damage_taken":0},{"event_name":"The Woman in Blue","player_choice":"Bought 2 Potions","floor":38,"damage_taken":0},{"event_name":"Bonfire Elementals","player_choice":"RARE","floor":39,"damage_taken":0}],"is_beta":false,"boss_relics":[{"not_picked":["Ectoplasm","Calling Bell"],"picked":"Snecko Eye"},{"not_picked":["Empty Cage","Velvet Choker"],"picked":"Cursed Key"}],"items_purged_floors":[19],"is_endless":false,"potions_floor_spawned":[1,7,13,18,29,31,37,46,47],"ascension_level":0}