{"gold_per_floor":[117,137,148,163,181,207,157,157,205,224,256,37,37,37,37,165,165,153,78,93,116,135,135,158,158,158,172,172,187,207,221,221,346,346,371,395,145,164,164,164,180,107,134,155,488,506,506,506,506,506],"floor_reached":51,"playtime":34455,"items_purged":["Strike_G","Defend_G"],"score":667,"play_id":"420512ef-fe9a-41b7-a970-172bd1c673a5","local_time":"20190106004345","is_ascension_mode":false,"campfire_choices":[{"floor":8.0,"key":"REST"},{"data":"Prepared","floor":13.0,"key":"SMITH"},{"floor":15.0,"key":"REST"},{"floor":23.0,"key":"REST"},{"floor":25.0,"key":"REST"},{"data":"Tools of the Trade","floor":28.0,"key":"SMITH"},{"floor":32.0,"key":"REST"},{"data":"Deadly Poison","floor":40.0,"key":"SMITH"},{"floor":49,"key":"REST"}],"neow_cost":"TEN_PERCENT_HP_LOSS","seed_source_timestamp":0,"circlet_count":0,"master_deck":["Defend_G","Defend_G","Survivor","Neutralize","Prepared+1","Endless Agony","Escape Plan","Backstab","Sucker Punch","Deadly Poison+1","Deflect","Venomology","Deadly Poison+1","Deflect+1","Acrobatics","Tools of the Trade+1","Noxious Fumes+1","Backflip+1","Dodge and Roll+1","Well Laid Plans+1","Malaise+1","Eviscerate+1","Blur+1","Dodge and Roll+1","Crippling Poison+1","Underhanded Strike+1","Adrenaline+1","Writhe"],"special_seed":0,"relics":["Ring of the Snake","Nunchaku","PreservedInsect","Question Card","Bag of Marbles","Empty Cage","Toxic Egg 2","HoveringKite","Lantern","Anchor"],"potions_floor_usage":[50,50,50,50],"damage_taken":[{"damage":0.0,"enemies":"2 Louse","floor":1.0,"turns":3.0},{"damage":2.0,"enemies":"Small Slimes","floor":2.0,"turns":8.0},{"damage":1.0,"enemies":"Jaw Worm","floor":3.0,"turns":8.0},{"damage":1.0,"enemies":"Exordium Wildlife","floor":4.0,"turns":7.0},{"damage":0.0,"enemies":"Lots of Slimes","floor":5.0,"turns":7.0},{"damage":23.0,"enemies":"3 Sentries","floor":6.0,"turns":13.0},{"damage":0.0,"enemies":"2 Fungi Beasts","floor":10.0,"turns":3.0},{"damage":0.0,"enemies":"Gremlin Nob","floor":11.0,"turns":2.0},{"damage":12.0,"enemies":"The Guardian","floor":16.0,"turns":10.0},{"damage":12.0,"enemies":"2 Thieves","floor":18.0,"turns":4.0},{"damage":0.0,"enemies":"Spheric Guardian","floor":20.0,"turns":4.0},{"damage":2.0,"enemies":"Snake Plant","floor":21.0,"turns":5.0},{"damage":17.0,"enemies":"Shelled Parasite and Fungi","floor":22.0,"turns":4.0},{"damage":25.0,"enemies":"3 Cultists","floor":24.0,"turns":8.0},{"damage":0.0,"enemies":"Sentry and Sphere","floor":27.0,"turns":5.0},{"damage":13.0,"enemies":"Centurion and Healer","floor":29.0,"turns":6.0},{"damage":0.0,"enemies":"3 Cultists","floor":30.0,"turns":6.0},{"damage":9.0,"enemies":"Snecko","floor":31.0,"turns":7.0},{"damage":35.0,"enemies":"Automaton","floor":33.0,"turns":11.0},{"damage":0.0,"enemies":"3 Shapes","floor":35.0,"turns":5.0},{"damage":0.0,"enemies":"Orb Walker","floor":36.0,"turns":2.0},{"damage":14.0,"enemies":"Maw","floor":38.0,"turns":8.0},{"damage":9.0,"enemies":"3 Darklings","floor":41.0,"turns":6.0},{"damage":4.0,"enemies":"Jaw Worm Horde","floor":44.0,"turns":5.0},{"damage":2,"enemies":"Maw","floor":46,"turns":7},{"damage":39,"enemies":"Awakened One","floor":50,"turns":25}],"seed_played":"-5220852022915023648","potions_obtained":[{"floor":1.0,"key":"Poison Potion"},{"floor":2.0,"key":"SteroidPotion"},{"floor":10.0,"key":"Poison Potion"},{"floor":16.0,"key":"Dexterity Potion"},{"floor":18.0,"key":"Block Potion"},{"floor":20.0,"key":"Explosive Potion"},{"floor":27.0,"key":"Block Potion"},{"floor":33.0,"key":"Dexterity Potion"},{"floor":38.0,"key":"Weak Potion"},{"floor":41.0,"key":"EssenceOfSteel"},{"floor":46,"key":"Weak Potion"}],"is_trial":false,"path_per_floor":["M","M","M","M","M","E","?","R","T","M","E","$","R","?","R","B",null,"M","?","M","M","M","R","M","R","T","M","R","M","M","M","R","B",null,"M","M","$","M","?","R","M","$","T","M","?","M","?","?","R","B",null],"character_chosen":"THE_SILENT","items_purchased":["Bag of Marbles","Lantern","Crippling Poison+1"],"campfire_rested":6,"item_purchase_floors":[12,37,42],"current_hp_per_floor":[63,61,60,59,59,36,36,54,54,54,54,54,54,39,57,45,63,51,51,51,49,32,50,25,43,43,43,43,30,30,21,39,19,63,63,63,63,49,49,49,40,40,40,36,36,34,50,50,63,24],"gold":506,"neow_bonus":"REMOVE_TWO","is_prod":false,"is_daily":false,"chose_seed":false,"campfire_upgraded":3,"win_rate":0.0,"timestamp":1546757025,"path_taken":["M","M","M","M","M","E","?","R","T","M","E","$","R","?","R","BOSS","M","?","M","M","M","R","M","R","T","M","R","M","M","M","R","BOSS","M","M","$","M","?","R","?","$","T","M","?","M","?","?","R","BOSS"],"build_version":"2019-01-03v4","purchased_purges":2,"victory":true,"max_hp_per_floor":[63,63,63,63,63,63,63,63,63,63,63,63,63,63,63,63,63,63,63,63,63,63,63,63,63,63,63,63,63,63,63,63,63,63,63,63,63,63,63,63,63,63,63,63,63,63,63,63,63,63],"card_choices":[{"not_picked":["Dagger Throw","Underhanded Strike"],"picked":"Prepared","floor":1.0},{"not_picked":["Sucker Punch","Footwork"],"picked":"Endless Agony","floor":2.0},{"not_picked":["Sucker Punch","Slice"],"picked":"Escape Plan","floor":3.0},{"not_picked":["Leg Sweep","Deflect"],"picked":"Backstab","floor":4.0},{"not_picked":["Backflip","Phantasmal Killer"],"picked":"Flying Knee","floor":5.0},{"not_picked":["Skewer","Dodge and Roll"],"picked":"Sucker Punch","floor":6.0},{"not_picked":["Dagger Throw","PiercingWail"],"picked":"Deadly Poison","floor":10.0},{"not_picked":["Backflip","Venomology"],"picked":"Deflect","floor":11.0},{"not_picked":["Bullet Time","Doppelganger","Wraith Form v2"],"picked":"Venomology","floor":16.0},{"not_picked":["Poisoned Stab","Dagger Throw+1","Footwork"],"picked":"Deadly Poison+1","floor":18.0},{"not_picked":["Phantasmal Killer","Sucker Punch","Flying Knee+1"],"picked":"Deflect+1","floor":20.0},{"not_picked":["Endless Agony+1","Quick Slash","Outmaneuver+1"],"picked":"Acrobatics","floor":21.0},{"not_picked":["Acrobatics+1","Expertise","Sucker Punch+1","Quick Slash"],"picked":"SKIP","floor":22.0},{"not_picked":["Reflex","Predator+1","Terror"],"picked":"Tools of the Trade","floor":24.0},{"not_picked":["Choke+1","Slice","Blade Dance+1"],"picked":"Noxious Fumes+1","floor":27.0},{"not_picked":["Flying Knee","Acrobatics+1","Underhanded Strike"],"picked":"Backflip+1","floor":29.0},{"not_picked":["Dagger Throw","Prepared+1","Dagger Spray"],"picked":"Dodge and Roll+1","floor":30.0},{"not_picked":["Predator","Leg Sweep+1","Finisher"],"picked":"Well Laid Plans+1","floor":31.0},{"not_picked":["Night Terror+1","Tools of the Trade","Venomology+1"],"picked":"Malaise+1","floor":33.0},{"not_picked":["PiercingWail+1","Terror+1","Choke+1"],"picked":"Eviscerate+1","floor":35.0},{"not_picked":["Footwork","Dagger Throw","Deflect+1"],"picked":"Blur+1","floor":36.0},{"not_picked":["Acrobatics+1","Poisoned Stab","Masterful Stab+1","Quick Slash+1"],"picked":"SKIP","floor":38.0},{"not_picked":["Unload","Infinite Blades","Sucker Punch","Outmaneuver+1"],"picked":"SKIP","floor":41.0},{"not_picked":["Dagger Throw+1","Deflect+1","Blade Dance+1"],"picked":"Underhanded Strike+1","floor":44.0},{"not_picked":["Dagger Throw","Outmaneuver+1","Calculated Gamble+1"],"picked":"Adrenaline+1","floor":46}],"player_experience":65196,"relics_obtained":[{"floor":6.0,"key":"Nunchaku"},{"floor":9.0,"key":"PreservedInsect"},{"floor":11.0,"key":"Question Card"},{"floor":26.0,"key":"Toxic Egg 2"},{"floor":43.0,"key":"Anchor"}],"event_choices":[{"cards_removed":["Strike_G"],"damage_healed":0.0,"max_hp_gain":0.0,"max_hp_loss":0.0,"gold_gain":0.0,"event_name":"The Cleric","player_choice":"Card Removal","floor":7.0,"gold_loss":50.0,"damage_taken":0.0},{"damage_healed":0.0,"max_hp_gain":0.0,"max_hp_loss":0.0,"gold_gain":0.0,"event_name":"Golden Idol","player_choice":"Take Damage","floor":14.0,"gold_loss":0.0,"damage_taken":15.0,"relics_obtained":["Golden Idol"]},{"cards_removed":["Defend_G"],"damage_healed":0.0,"max_hp_gain":0.0,"max_hp_loss":0.0,"gold_gain":0.0,"event_name":"Beggar","player_choice":"Gave Gold","floor":19.0,"gold_loss":75.0,"damage_taken":0.0},{"damage_healed":0.0,"max_hp_gain":0.0,"max_hp_loss":0.0,"gold_gain":0.0,"event_name":"Duplicator","player_choice":"Copied","floor":39.0,"gold_loss":0.0,"damage_taken":0.0,"cards_obtained":["Dodge and Roll"]},{"damage_healed":0.0,"max_hp_gain":0.0,"max_hp_loss":0.0,"gold_gain":333.0,"event_name":"The Moai Head","player_choice":"Gave Idol","floor":45.0,"relics_lost":["Golden Idol"],"gold_loss":0.0,"damage_taken":0.0},{"damage_healed":16,"gold_gain":0,"player_choice":"Writhe","damage_taken":0,"max_hp_gain":0,"max_hp_loss":0,"event_name":"Winding Halls","floor":47,"gold_loss":0,"cards_obtained":["Writhe"]},{"cards_removed":["Flying Knee"],"damage_healed":0,"gold_gain":0,"player_choice":"Removed Attack","damage_taken":0,"max_hp_gain":0,"max_hp_loss":0,"event_name":"Falling","floor":48,"gold_loss":0}],"is_beta":false,"boss_relics":[{"not_picked":["Runic Pyramid","Coffee Dripper"],"picked":"Empty Cage"},{"not_picked":["Orrery","Philosopher\u0027s Stone"],"picked":"HoveringKite"}],"items_purged_floors":[12,37],"is_endless":false,"potions_floor_spawned":[1,2,10,16,18,20,27,33,38,41,46],"ascension_level":0}