{"path_per_floor":["M","?","?","?","T","R","M","M","T","M","E","M","?","M","R"],"character_chosen":"THE_SILENT","items_purchased":[],"gold_per_floor":[109,109,109,109,186,186,200,220,220,234,267,279,300,313,313],"floor_reached":16,"campfire_rested":1,"playtime":1227,"current_hp_per_floor":[70,70,70,63,63,63,62,58,58,55,53,44,19,29,50],"items_purged":[],"gold":313,"score":102,"play_id":"24bd8a9e-6e97-49ab-97b9-d530e6ee6ff3","is_prod":false,"is_daily":false,"is_ascension_mode":false,"campfire_upgraded":1,"path_taken":["M","?","?","?","?","R","?","M","T","M","E","M","?","?","R","BOSS"],"build_version":"2018-02-15-PROD1","purchased_purges":0,"victory":false,"master_deck":["Defend_G","Defend_G","Defend_G","Defend_G","Defend_G","Strike_G","Strike_G","Strike_G","Strike_G","Strike_G","Survivor","Neutralize","Blur+1","Pain","Deflect","Reflex","Doubt","Backflip","Footwork","Footwork","Expertise","Distraction"],"max_hp_per_floor":[70,70,70,70,70,70,70,70,70,70,70,70,70,70,70],"relics":["Cursed Key","Pen Nib","Ornamental Fan","Ice Cream","Prayer Wheel","Odd Mushroom"],"card_choices":[{"not_picked":["Sucker Punch","Outmaneuver"],"picked":"Blur"},{"not_picked":["Calculated Gamble","Deadly Poison"],"picked":"Deflect"},{"not_picked":["Underhanded Strike","Acrobatics"],"picked":"Reflex"},{"not_picked":["Sucker Punch","Choke"],"picked":"Backflip"},{"not_picked":["Skewer","Poisoned Stab"],"picked":"Footwork"},{"not_picked":["Quick Slash","Acrobatics"],"picked":"Footwork"},{"not_picked":["Noxious Fumes","Underhanded Strike"],"picked":"Expertise"},{"not_picked":["Endless Agony","Dagger Throw"],"picked":"Distraction"}],"player_experience":146785,"potions_floor_usage":[11,11,14,16],"damage_taken":[{"damage":0,"enemies":"Jaw Worm","floor":1,"turns":4},{"damage":1,"enemies":"Small Slimes","floor":7,"turns":5},{"damage":4,"enemies":"Cultist","floor":8,"turns":5},{"damage":3,"enemies":"Large Slime","floor":10,"turns":9},{"damage":2,"enemies":"Lagavulin","floor":11,"turns":8},{"damage":9,"enemies":"2 Fungi Beasts","floor":12,"turns":6},{"damage":25,"enemies":"The Mushroom Lair","floor":13,"turns":9},{"damage":5,"enemies":"3 Louse","floor":14,"turns":6},{"damage":51,"enemies":"Hexaghost","floor":16,"turns":16}],"event_choices":[{"event_name":"Big Fish","player_choice":"Box","floor":2,"damage_taken":0},{"event_name":"The Lab","player_choice":"Got Potions","floor":3,"damage_taken":0},{"event_name":"Golden Wing","player_choice":"Card Removal","floor":4,"damage_taken":0},{"event_name":"Mushrooms","player_choice":"Fought Mushrooms","floor":13,"damage_taken":0}],"boss_relics":[],"potions_floor_spawned":[8,10,12,13],"seed_played":"2410523813531576017","killed_by":"Hexaghost","ascension_level":0,"is_trial":false}