{"gold_per_floor":[16,16,32,32,43,43,72,72,118,138,138,138,158,175,175,271,271,283,283,300,313,16,16],"floor_reached":23,"playtime":1836,"items_purged":[],"score":193,"play_id":"5bed239a-252e-4035-96ab-6faa9a571b4e","local_time":"20180728220344","is_ascension_mode":false,"campfire_choices":[{"floor":6,"key":"REST"},{"floor":8,"key":"REST"},{"floor":12,"key":"REST"},{"data":"Poisoned Stab","floor":15,"key":"SMITH"}],"neow_cost":"NO_GOLD","seed_source_timestamp":186622300913016,"circlet_count":0,"master_deck":["Defend_G+1","Defend_G+1","Defend_G+1","Strike_G+1","Strike_G+1","Strike_G+1","Strike_G+1","Survivor","Neutralize","Dodge and Roll","Poisoned Stab+1","Deflect","Endless Agony+1","Catalyst","Poisoned Stab","Flying Knee","Envenom","Footwork+1","Escape Plan+1","Footwork+1","Bane+1","Leg Sweep","Predator"],"relics":["Ring of the Snake","Tough Bandages","Oddly Smooth Stone","Bottled Lightning","Happy Flower","Astrolabe","The Specimen"],"potions_floor_usage":[14,21,23],"damage_taken":[{"damage":0,"enemies":"Small Slimes","floor":1,"turns":4},{"damage":0,"enemies":"2 Louse","floor":3,"turns":4},{"damage":0,"enemies":"Jaw Worm","floor":5,"turns":4},{"damage":40,"enemies":"Gremlin Nob","floor":7,"turns":7},{"damage":8,"enemies":"Lots of Slimes","floor":10,"turns":6},{"damage":0,"enemies":"3 Louse","floor":13,"turns":4},{"damage":0,"enemies":"Blue Slaver","floor":14,"turns":4},{"damage":56,"enemies":"Hexaghost","floor":16,"turns":10},{"damage":8,"enemies":"Shell Parasite","floor":18,"turns":6},{"damage":27,"enemies":"Chosen","floor":20,"turns":5},{"damage":13,"enemies":"Centurion and Healer","floor":21,"turns":7},{"damage":35,"enemies":"Gremlin Leader","floor":23,"turns":6}],"seed_played":"-7398836929443395280","potions_obtained":[{"floor":1,"key":"Dexterity Potion"},{"floor":5,"key":"GamblersBrew"},{"floor":13,"key":"Strength Potion"},{"floor":14,"key":"SpeedPotion"},{"floor":20,"key":"PowerPotion"},{"floor":21,"key":"EssenceOfSteel"}],"is_trial":false,"path_per_floor":["M","?","M","?","M","R","E","R","T","M","?","R","M","M","R","B",null,"M","?","M","M","$"],"character_chosen":"THE_SILENT","items_purchased":["The Specimen"],"campfire_rested":3,"item_purchase_floors":[22],"current_hp_per_floor":[70,63,63,49,49,70,30,51,51,43,43,64,64,64,64,8,70,62,62,35,22,22,0],"gold":16,"neow_bonus":"ONE_RARE_RELIC","is_prod":false,"is_daily":false,"chose_seed":false,"campfire_upgraded":1,"win_rate":0.0,"timestamp":1532837024,"path_taken":["M","?","M","?","M","R","E","R","T","?","?","R","M","M","R","BOSS","M","?","M","M","$","E"],"build_version":"2018-07-26","purchased_purges":0,"victory":false,"max_hp_per_floor":[70,70,70,70,70,70,70,70,70,70,70,70,70,70,70,70,70,70,70,70,70,70,70],"card_choices":[{"not_picked":["Heel Hook","Sucker Punch"],"picked":"Dodge and Roll","floor":1},{"not_picked":["Calculated Gamble","Slice"],"picked":"Poisoned Stab","floor":3},{"not_picked":["Escape Plan","Catalyst"],"picked":"Deflect","floor":5},{"not_picked":["Acrobatics","Backflip"],"picked":"Endless Agony","floor":7},{"not_picked":["Dagger Throw","Underhanded Strike"],"picked":"Catalyst","floor":10},{"not_picked":["Tactician","Underhanded Strike"],"picked":"Poisoned Stab","floor":13},{"not_picked":["Prepared","Distraction"],"picked":"Flying Knee","floor":14},{"not_picked":["Glass Knife","Night Terror"],"picked":"Envenom","floor":16},{"not_picked":["Poisoned Stab","Dodge and Roll"],"picked":"Bane+1","floor":18},{"not_picked":["Underhanded Strike+1","Flying Knee"],"picked":"Leg Sweep","floor":20},{"not_picked":["Flying Knee","Well Laid Plans"],"picked":"Predator","floor":21}],"player_experience":54080,"relics_obtained":[{"floor":7,"key":"Bottled Lightning"},{"floor":9,"key":"Happy Flower"}],"event_choices":[{"event_name":"Scrap Ooze","player_choice":"success","floor":2,"damage_taken":7},{"event_name":"Shining Light","player_choice":"Entered Light","floor":4,"damage_taken":0},{"event_name":"Living Wall","player_choice":"Grow","floor":11,"damage_taken":0},{"event_name":"Back to Basics","player_choice":"Simplicity","floor":19,"damage_taken":0}],"is_beta":false,"boss_relics":[{"not_picked":["Fusion Hammer","Velvet Choker"],"picked":"Astrolabe"}],"items_purged_floors":[],"is_endless":false,"potions_floor_spawned":[1,5,13,14,16,20,21],"killed_by":"Gremlin Leader","ascension_level":0}