{"gold_per_floor":[213,8,26,37,37,37,69,69,69,83,83,83,43,60,60,162,162,181,198,123,123,123,123],"floor_reached":23,"playtime":905,"items_purged":[],"score":189,"play_id":"42e59268-a163-4082-b440-71d9be9c7d04","local_time":"20190201163239","is_ascension_mode":false,"campfire_choices":[{"data":"Shrug It Off","floor":6,"key":"SMITH"},{"data":"Anger","floor":8,"key":"SMITH"},{"floor":12,"key":"REST"},{"data":"True Grit","floor":15,"key":"SMITH"}],"neow_cost":"NONE","seed_source_timestamp":274293915892855,"circlet_count":0,"master_deck":["Strike_R","Strike_R","Strike_R","Strike_R+1","Defend_R+1","Defend_R","Defend_R","Defend_R","Bash","Anger+1","Shrug It Off+1","Headbutt","Twin Strike","Shrug It Off","True Grit+1","Havoc+1","Anger"],"relics":["Burning Blood","Bag of Marbles","Gremlin Horn","Pear","Dream Catcher","Eternal Feather","FaceOfCleric"],"potions_floor_usage":[23,23,23],"damage_taken":[{"damage":1,"enemies":"Cultist","floor":1,"turns":4},{"damage":3,"enemies":"Jaw Worm","floor":3,"turns":3},{"damage":0,"enemies":"2 Louse","floor":4,"turns":2},{"damage":14,"enemies":"Gremlin Nob","floor":7,"turns":4},{"damage":21,"enemies":"Exordium Thugs","floor":10,"turns":4},{"damage":0,"enemies":"Exordium Wildlife","floor":14,"turns":3},{"damage":43,"enemies":"The Guardian","floor":16,"turns":15},{"damage":4,"enemies":"Chosen","floor":18,"turns":6},{"damage":29,"enemies":"Shell Parasite","floor":19,"turns":5},{"damage":68,"enemies":"Gremlin Leader","floor":23,"turns":7}],"seed_played":"7971474227527272857","potions_obtained":[{"floor":1,"key":"Ancient Potion"},{"floor":13,"key":"GamblersBrew"},{"floor":13,"key":"Dexterity Potion"},{"floor":13,"key":"BloodPotion"},{"floor":16,"key":"EssenceOfSteel"},{"floor":18,"key":"BloodPotion"},{"floor":19,"key":"Fire Potion"}],"is_trial":false,"path_per_floor":["M","$","M","M","?","R","E","R","T","M","?","R","?","M","R","B",null,"M","M","?","?","?","E"],"character_chosen":"IRONCLAD","items_purchased":["Shrug It Off","Bag of Marbles"],"campfire_rested":1,"item_purchase_floors":[2,2],"current_hp_per_floor":[80,80,80,80,80,80,82,82,82,67,49,76,76,82,82,45,90,90,67,67,67,67,0],"gold":123,"neow_bonus":"HUNDRED_GOLD","is_prod":false,"is_daily":false,"chose_seed":false,"campfire_upgraded":3,"win_rate":0,"timestamp":1549063959,"path_taken":["M","$","M","M","?","R","E","R","T","?","?","R","?","?","R","BOSS","M","M","?","?","?","E"],"build_version":"2019-01-23","purchased_purges":0,"victory":false,"max_hp_per_floor":[80,80,80,80,80,80,90,90,90,90,90,90,90,90,90,90,90,90,90,90,90,90,90],"card_choices":[{"not_picked":["Havoc","Entrench"],"picked":"Anger","floor":1},{"not_picked":["Headbutt","Feel No Pain","Warcry"],"picked":"SKIP","floor":3},{"not_picked":["Feel No Pain","Warcry"],"picked":"Headbutt","floor":3},{"not_picked":["Heavy Blade","Infernal Blade"],"picked":"Twin Strike","floor":4},{"not_picked":["Dark Embrace","Dual Wield","Infernal Blade"],"picked":"SKIP","floor":7},{"not_picked":["Entrench","Warcry"],"picked":"Shrug It Off","floor":10},{"not_picked":["Body Slam","Warcry"],"picked":"True Grit","floor":14},{"not_picked":["Second Wind","Iron Wave"],"picked":"Havoc+1","floor":18},{"not_picked":["Second Wind","Fire Breathing","Blood for Blood+1"],"picked":"SKIP","floor":19}],"player_experience":1362577,"relics_obtained":[{"floor":7,"key":"Pear"},{"floor":9,"key":"Dream Catcher"}],"event_choices":[{"damage_healed":0,"gold_gain":0,"player_choice":"Gave Potion","damage_taken":0,"relics_obtained":["Gremlin Horn"],"max_hp_gain":0,"max_hp_loss":0,"event_name":"WeMeetAgain","floor":5,"gold_loss":0},{"damage_healed":0,"gold_gain":0,"player_choice":"Entered Light","damage_taken":18,"max_hp_gain":0,"max_hp_loss":0,"event_name":"Shining Light","floor":11,"gold_loss":0,"cards_upgraded":["Strike_R","Defend_R"]},{"damage_healed":0,"gold_gain":0,"player_choice":"Bought 3 Potions","damage_taken":0,"max_hp_gain":0,"max_hp_loss":0,"event_name":"The Woman in Blue","floor":13,"gold_loss":0},{"cards_removed":["Strike_R"],"damage_healed":0,"gold_gain":0,"player_choice":"Gave Gold","damage_taken":0,"max_hp_gain":0,"max_hp_loss":0,"event_name":"Beggar","floor":20,"gold_loss":75},{"damage_healed":0,"gold_gain":0,"player_choice":"Read","damage_taken":0,"max_hp_gain":0,"max_hp_loss":0,"event_name":"The Library","floor":21,"gold_loss":0,"cards_obtained":["Anger"]},{"damage_healed":0,"gold_gain":0,"player_choice":"Trade","damage_taken":0,"relics_obtained":["FaceOfCleric"],"max_hp_gain":0,"max_hp_loss":0,"event_name":"FaceTrader","floor":22,"gold_loss":0}],"is_beta":false,"boss_relics":[{"not_picked":["Mark of Pain","Calling Bell"],"picked":"Eternal Feather"}],"items_purged_floors":[],"is_endless":false,"potions_floor_spawned":[1,16,18,19],"killed_by":"Gremlin Leader","ascension_level":0}