{"path_per_floor":["M","?","M","M","?","R","$","M","T","?","$","E","M","M","R","B",null,"M","?","?","T","$","R","M","?","T","M","?","M","M","$","R"],"character_chosen":"THE_SILENT","items_purchased":["Deep Breath","Outmaneuver","Slice","Apotheosis","Regen Potion","Deflect","Jack Of All Trades","Tiny Chest"],"gold_per_floor":[117,192,203,219,219,219,10,30,85,50,1,32,51,68,68,172,172,190,190,190,490,296,296,307,307,331,346,346,364,375,67,67],"floor_reached":33,"campfire_rested":2,"playtime":1536,"current_hp_per_floor":[70,59,59,59,59,59,59,53,53,70,70,51,45,41,62,20,70,70,49,49,49,49,49,45,45,45,33,33,31,22,22,36],"items_purged":["Normality"],"gold":67,"score":273,"play_id":"148d3e0d-483d-4439-8596-d7b309fd0171","is_prod":false,"is_daily":false,"is_ascension_mode":false,"campfire_upgraded":2,"path_taken":["M","?","M","?","?","R","?","M","T","?","?","E","M","M","R","BOSS","M","?","?","?","$","R","?","?","T","M","?","M","M","$","R","BOSS"],"build_version":"2018-02-15-PROD1","purchased_purges":2,"victory":false,"master_deck":["Defend_G","Defend_G","Defend_G","Defend_G","Survivor","Neutralize","Distraction+1","Slice","Flechettes","Deep Breath","Outmaneuver","Finisher","Slice","Glass Knife","Quick Slash","Acrobatics","A Thousand Cuts","Blade Dance","Bite","Bite","Bite","Bite","Bite","Choke","Apotheosis+1","Deflect","Slice","Dash","Adrenaline","Deflect","Jack Of All Trades"],"max_hp_per_floor":[70,70,70,70,70,70,70,70,70,70,70,70,70,70,70,70,70,70,49,49,49,49,49,49,49,49,49,49,49,49,49,49],"relics":["Ring of the Snake","NeowsBlessing","Pen Nib","Vajra","Dodecahedron","Black Star","Old Coin","Happy Flower","Tiny Chest"],"card_choices":[{"not_picked":["Quick Slash","Sucker Punch"],"picked":"Distraction"},{"not_picked":["PiercingWail","Sucker Punch"],"picked":"Slice"},{"not_picked":["Escape Plan","Reflex"],"picked":"Flechettes"},{"not_picked":["Bane","Backstab"],"picked":"Finisher"},{"not_picked":["Backflip","Outmaneuver"],"picked":"Glass Knife"},{"not_picked":["Escape Plan","Backflip"],"picked":"Quick Slash"},{"not_picked":["Outmaneuver","Dagger Spray"],"picked":"Acrobatics"},{"not_picked":["Die Die Die","Corpse Explosion"],"picked":"A Thousand Cuts"},{"not_picked":["Underhanded Strike","Blur"],"picked":"Blade Dance"},{"not_picked":["Outmaneuver","Malaise"],"picked":"Deflect"},{"not_picked":["Malaise","Prepared"],"picked":"Slice"},{"not_picked":["Underhanded Strike","Predator"],"picked":"Dash"},{"not_picked":["Bane","Outmaneuver"],"picked":"Adrenaline"}],"player_experience":149147,"potions_floor_usage":[14,16,16,18,30,33,33],"damage_taken":[{"damage":0,"enemies":"2 Louse","floor":1,"turns":1},{"damage":0,"enemies":"Cultist","floor":3,"turns":1},{"damage":0,"enemies":"Jaw Worm","floor":4,"turns":1},{"damage":6,"enemies":"Lots of Slimes","floor":8,"turns":4},{"damage":19,"enemies":"3 Sentries","floor":12,"turns":6},{"damage":6,"enemies":"Large Slime","floor":13,"turns":4},{"damage":4,"enemies":"Exordium Thugs","floor":14,"turns":3},{"damage":42,"enemies":"Hexaghost","floor":16,"turns":11},{"damage":0,"enemies":"Chosen","floor":18,"turns":3},{"damage":10,"enemies":"3 Byrds","floor":24,"turns":4},{"damage":20,"enemies":"Snecko","floor":27,"turns":5},{"damage":9,"enemies":"Centurion and Healer","floor":29,"turns":3},{"damage":27,"enemies":"Snake Plant","floor":30,"turns":4},{"damage":93,"enemies":"Automaton","floor":33,"turns":6}],"event_choices":[{"event_name":"World of Goop","player_choice":"Gather Gold","floor":2,"damage_taken":0},{"event_name":"Accursed Blacksmith","player_choice":"Rummage","floor":5,"damage_taken":0},{"event_name":"The Cleric","player_choice":"Healed","floor":10,"damage_taken":0},{"event_name":"Vampires","player_choice":"Became a vampire","floor":19,"damage_taken":0},{"event_name":"The Library","player_choice":"Read","floor":20,"damage_taken":0},{"event_name":"Beggar","player_choice":"Ignored","floor":25,"damage_taken":0},{"event_name":"Back to Basics","player_choice":"Elegance","floor":28,"damage_taken":0}],"boss_relics":[{"not_picked":["Snecko Eye","White Beast Statue"],"picked":"Black Star"}],"potions_floor_spawned":[3,12,13,14,16,18,27,29],"seed_played":"390359290601490353","killed_by":"Automaton","ascension_level":0,"is_trial":false}