{"gold_per_floor":[212,228,19,31,45,45,100,67,90,101,101,111,111,111,111,210,210,226,226,59,78,78,78,112,131,211,13,24,24,79,114,114,114],"floor_reached":33,"playtime":1850,"items_purged":[],"score":303,"play_id":"aef093f5-9632-496b-936d-0cf4e0d37248","local_time":"20181027162641","is_ascension_mode":true,"campfire_choices":[{"data":"Deflect","floor":6,"key":"SMITH"},{"floor":11,"key":"REST"},{"floor":13,"key":"REST"},{"data":"Poisoned Stab","floor":15,"key":"SMITH"},{"floor":23,"key":"REST"},{"floor":29,"key":"REST"},{"floor":32,"key":"REST"}],"neow_cost":"NONE","seed_source_timestamp":1463045471414819,"circlet_count":0,"master_deck":["Defend_G","Defend_G","Defend_G+1","Defend_G","Defend_G","Strike_G","Strike_G","Strike_G","Strike_G","Strike_G","Survivor+1","Neutralize","Deflect+1","All Out Attack","Slice","Poisoned Stab+1","Poisoned Stab","Caltrops","Predator","Deadly Poison","Corpse Explosion","Leg Sweep","Secret Technique","Noxious Fumes+1","Crippling Poison","Dodge and Roll","Dodge and Roll","Escape Plan"],"relics":["Ring of the Snake","Sling","Omamori","Smiling Mask","White Beast Statue","Snake Skull","Bottled Tornado","War Paint","Anchor","Bronze Scales"],"potions_floor_usage":[12,16,16,24,24,24,28,28,31,33,33],"damage_taken":[{"damage":4,"enemies":"Small Slimes","floor":1,"turns":4},{"damage":4,"enemies":"Jaw Worm","floor":2,"turns":6},{"damage":4,"enemies":"2 Louse","floor":4,"turns":3},{"damage":8,"enemies":"2 Fungi Beasts","floor":5,"turns":4},{"damage":10,"enemies":"Gremlin Nob","floor":7,"turns":4},{"damage":7,"enemies":"Exordium Thugs","floor":10,"turns":5},{"damage":5,"enemies":"Gremlin Gang","floor":12,"turns":4},{"damage":7,"enemies":"Hexaghost","floor":16,"turns":9},{"damage":30,"enemies":"Spheric Guardian","floor":18,"turns":6},{"damage":0,"enemies":"3 Byrds","floor":21,"turns":2},{"damage":24,"enemies":"Book of Stabbing","floor":24,"turns":5},{"damage":0,"enemies":"3 Cultists","floor":25,"turns":2},{"damage":0,"enemies":"Snecko","floor":28,"turns":4},{"damage":44,"enemies":"Slavers","floor":31,"turns":4},{"damage":48,"enemies":"Collector","floor":33,"turns":5}],"seed_played":"-2138782631888258918","potions_obtained":[{"floor":1,"key":"GhostInAJar"},{"floor":2,"key":"Weak Potion"},{"floor":5,"key":"Energy Potion"},{"floor":12,"key":"SpeedPotion"},{"floor":18,"key":"AttackPotion"},{"floor":21,"key":"Poison Potion"},{"floor":24,"key":"Ancient Potion"},{"floor":25,"key":"Block Potion"},{"floor":28,"key":"Energy Potion"},{"floor":31,"key":"Energy Potion"}],"is_trial":false,"path_per_floor":["M","M","$","M","M","R","?","$","T","M","R","M","R","?","R","B",null,"M","?","$","M","?","R","E","M","T","$","M","R","T","E","R"],"character_chosen":"THE_SILENT","items_purchased":["Sling","Caltrops","Secret Technique","War Paint","Fire Potion"],"campfire_rested":5,"item_purchase_floors":[3,8,20,27,27],"current_hp_per_floor":[66,62,62,58,50,50,40,40,40,33,54,49,70,70,70,63,70,40,40,40,40,27,49,25,25,25,25,25,47,47,3,25,0],"gold":114,"neow_bonus":"HUNDRED_GOLD","is_prod":false,"is_daily":false,"chose_seed":false,"campfire_upgraded":2,"win_rate":0,"timestamp":1540679201,"path_taken":["M","M","$","M","M","R","?","$","T","?","R","M","R","?","R","BOSS","M","?","$","?","?","R","E","M","T","$","M","R","?","E","R","BOSS"],"build_version":"2018-10-25v2","purchased_purges":0,"victory":false,"max_hp_per_floor":[70,70,70,70,70,70,70,70,70,70,70,70,70,70,70,70,70,70,70,70,70,75,75,75,75,75,75,75,75,75,75,75,75],"card_choices":[{"not_picked":["Caltrops","Crippling Poison"],"picked":"Deflect","floor":1},{"not_picked":["Reflex","Quick Slash"],"picked":"All Out Attack","floor":2},{"not_picked":["Underhanded Strike","Deadly Poison"],"picked":"Slice","floor":4},{"not_picked":["Well Laid Plans","Dagger Throw"],"picked":"Poisoned Stab","floor":5},{"not_picked":["PiercingWail","Quick Slash"],"picked":"Poisoned Stab","floor":7},{"not_picked":["Outmaneuver","Dagger Spray"],"picked":"Predator","floor":10},{"not_picked":["Underhanded Strike","Adrenaline"],"picked":"Deadly Poison","floor":12},{"not_picked":["Night Terror","Malaise"],"picked":"Corpse Explosion","floor":16},{"not_picked":["Well Laid Plans","Predator"],"picked":"Leg Sweep","floor":18},{"not_picked":["Blade Dance","Endless Agony"],"picked":"Noxious Fumes+1","floor":21},{"not_picked":["Predator+1","Calculated Gamble"],"picked":"Crippling Poison","floor":24},{"not_picked":["Blade Dance","Outmaneuver"],"picked":"Dodge and Roll","floor":25},{"not_picked":["Finisher","Deflect"],"picked":"Dodge and Roll","floor":28},{"not_picked":["Eviscerate+1","Reflex+1"],"picked":"Escape Plan","floor":31}],"player_experience":909696,"relics_obtained":[{"floor":7,"key":"Omamori"},{"floor":9,"key":"Smiling Mask"},{"floor":24,"key":"Snake Skull"},{"floor":26,"key":"Bottled Tornado"},{"floor":30,"key":"Anchor"},{"floor":31,"key":"Bronze Scales"}],"event_choices":[{"damage_healed":0,"gold_gain":0,"player_choice":"Searched \u00271\u0027 times","damage_taken":0,"max_hp_gain":0,"max_hp_loss":0,"event_name":"Dead Adventurer","floor":7,"gold_loss":0},{"damage_healed":0,"gold_gain":0,"player_choice":"Full Heal","damage_taken":0,"max_hp_gain":0,"max_hp_loss":0,"event_name":"Wheel of Change","floor":14,"gold_loss":0},{"damage_healed":0,"gold_gain":0,"player_choice":"Ignored","damage_taken":0,"max_hp_gain":0,"max_hp_loss":0,"event_name":"Cursed Tome","floor":19,"gold_loss":0},{"damage_healed":0,"gold_gain":0,"player_choice":"Shed Blood","damage_taken":18,"max_hp_gain":5,"max_hp_loss":0,"event_name":"Forgotten Altar","floor":22,"gold_loss":0}],"is_beta":false,"boss_relics":[{"not_picked":["Astrolabe","Busted Crown"],"picked":"White Beast Statue"}],"items_purged_floors":[],"is_endless":false,"potions_floor_spawned":[1,2,5,12,18,21,24,25,28,31],"killed_by":"Collector","ascension_level":2}