{"gold_per_floor":[114,114,125,135,135,167,167,177,260,291,291,317,334,361,373,484,496,526,551,415,187,206,238,238,238,238,238,238,238,250,73,73,178,178,192,192,202,302,302,331,53,86,86,98,98,98,111,186,186,186],"floor_reached":50,"playtime":5916,"items_purged":[],"score":626,"play_id":"38565c70-38e0-434f-8b6b-be5336b1a10c","local_time":"20190405152604","is_ascension_mode":false,"campfire_choices":[{"data":"Crippling Poison","floor":7.0,"key":"SMITH"},{"floor":11.0,"key":"REST"},{"floor":15.0,"key":"REST"},{"floor":24.0,"key":"REST"},{"floor":28.0,"key":"REST"},{"data":"Catalyst","floor":32.0,"key":"SMITH"},{"floor":45,"key":"REST"},{"floor":46,"key":"REST"},{"floor":49,"key":"REST"}],"neow_cost":"NONE","seed_source_timestamp":0,"circlet_count":0,"master_deck":["Defend_G","Defend_G","Defend_G","Defend_G","Defend_G","Strike_G","Strike_G","Strike_G","Strike_G","Strike_G","Survivor","Neutralize","Deadly Poison","Leg Sweep","Crippling Poison+1","Catalyst","Night Terror","Burst","Quick Slash","Terror","Bane","Noxious Fumes","Deadly Poison","Flying Knee","Bouncing Flask","Catalyst+1","Venomology+1","Writhe","Deadly Poison+1","Apotheosis+1","Corpse Explosion+1","Calculated Gamble+1","Catalyst+1","Deadly Poison+1","Dagger Spray","Bullet Time+1","Bane+1","Blur+1","Deflect+1"],"special_seed":0,"relics":["Ring of the Snake","NeowsBlessing","Bottled Lightning","Tiny Chest","Blood Vial","Snake Skull","MawBank","Runic Pyramid","Boot","Orichalcum","Nilry\u0027s Codex","Toxic Egg 2","Vajra","Black Star","WingedGreaves","Pen Nib","Regal Pillow","TwistedFunnel","Lantern","Potion Belt","Smiling Mask","Sundial"],"potions_floor_usage":[42,42,44,50],"damage_taken":[{"damage":0.0,"enemies":"Small Slimes","floor":1.0,"turns":1.0},{"damage":0.0,"enemies":"Jaw Worm","floor":3.0,"turns":1.0},{"damage":0.0,"enemies":"Cultist","floor":4.0,"turns":1.0},{"damage":6.0,"enemies":"Lagavulin","floor":6.0,"turns":6.0},{"damage":0.0,"enemies":"Exordium Wildlife","floor":8.0,"turns":2.0},{"damage":21.0,"enemies":"3 Sentries","floor":10.0,"turns":6.0},{"damage":5.0,"enemies":"Lots of Slimes","floor":13.0,"turns":2.0},{"damage":18.0,"enemies":"The Guardian","floor":16.0,"turns":9.0},{"damage":2.0,"enemies":"Shell Parasite","floor":18.0,"turns":4.0},{"damage":0.0,"enemies":"3 Byrds","floor":19.0,"turns":4.0},{"damage":0.0,"enemies":"Snake Plant","floor":22.0,"turns":2.0},{"damage":30.0,"enemies":"Slavers","floor":23.0,"turns":5.0},{"damage":3.0,"enemies":"Snecko","floor":30.0,"turns":3.0},{"damage":43.0,"enemies":"Automaton","floor":33.0,"turns":6.0},{"damage":1.0,"enemies":"3 Shapes","floor":35.0,"turns":2.0},{"damage":9.0,"enemies":"Orb Walker","floor":37.0,"turns":3.0},{"damage":7.0,"enemies":"Mind Bloom Boss Battle","floor":38.0,"turns":7.0},{"damage":20.0,"enemies":"Reptomancer","floor":40.0,"turns":4.0},{"damage":28,"enemies":"Nemesis","floor":42,"turns":5},{"damage":2,"enemies":"Sphere and 2 Shapes","floor":44,"turns":3},{"damage":15,"enemies":"Spire Growth","floor":47,"turns":3},{"damage":75,"enemies":"Donu and Deca","floor":50,"turns":6}],"seed_played":"2860135964635310126","potions_obtained":[{"floor":1.0,"key":"GamblersBrew"},{"floor":3.0,"key":"Explosive Potion"},{"floor":4.0,"key":"Poison Potion"},{"floor":8.0,"key":"Swift Potion"},{"floor":16.0,"key":"SkillPotion"},{"floor":19.0,"key":"FearPotion"},{"floor":30.0,"key":"PowerPotion"},{"floor":33.0,"key":"LiquidBronze"},{"floor":35.0,"key":"Regen Potion"},{"floor":39.0,"key":"GhostInAJar"},{"floor":39.0,"key":"EntropicBrew"},{"floor":40.0,"key":"PowerPotion"},{"floor":47,"key":"Strength Potion"}],"is_trial":false,"path_per_floor":["M","?","M","M","?","E","R","M","T","E","R","T","M","T","R","B",null,"M","M","$","$","M","E","R","?","T","?","R","?","M","$","R","B",null,"M","?","M","?","?","E","$","E","T","M","R","R","M","T","R","B"],"character_chosen":"THE_SILENT","items_purchased":["Noxious Fumes","Deadly Poison","Flying Knee","Boot","Bouncing Flask","Apotheosis+1","TwistedFunnel","Bullet Time+1"],"campfire_rested":7,"item_purchase_floors":[20,20,20,21,21,31,41,41],"current_hp_per_floor":[70,70,70,70,70,64,64,64,64,43,64,64,61,61,70,52,70,68,70,70,70,70,40,61,45,45,45,66,66,65,65,65,24,70,69,69,61,56,56,52,52,26,26,26,62,70,55,55,70,0],"gold":186,"neow_bonus":"THREE_ENEMY_KILL","is_prod":false,"is_daily":false,"chose_seed":false,"campfire_upgraded":2,"win_rate":0,"timestamp":1554474364,"path_taken":["M","?","M","M","?","E","R","M","T","E","R","?","?","?","R","BOSS","M","M","?","$","M","E","R","?","T","?","R","?","M","$","R","BOSS","M","?","?","?","?","E","$","E","T","?","R","R","M","?","R","BOSS"],"build_version":"2019-01-23","purchased_purges":0,"victory":false,"max_hp_per_floor":[70,70,70,70,70,70,70,70,70,70,70,70,70,70,70,70,70,70,70,70,70,70,70,70,70,70,70,70,70,70,70,70,70,70,70,70,70,70,70,70,70,70,70,70,70,70,70,70,70,70],"card_choices":[{"not_picked":["Calculated Gamble","Slice"],"picked":"Deadly Poison","floor":1.0},{"not_picked":["All Out Attack","Blur"],"picked":"Leg Sweep","floor":3.0},{"not_picked":["Blade Dance","Flechettes"],"picked":"Crippling Poison","floor":4.0},{"not_picked":["PiercingWail","Underhanded Strike"],"picked":"Catalyst","floor":6.0},{"not_picked":["Prepared","Deflect"],"picked":"Night Terror","floor":8.0},{"not_picked":["Expertise","Slice"],"picked":"Burst","floor":10.0},{"not_picked":["Expertise","Prepared"],"picked":"Quick Slash","floor":13.0},{"not_picked":["Deflect","Underhanded Strike"],"picked":"Terror","floor":18.0},{"not_picked":["Leg Sweep","Escape Plan"],"picked":"Bane","floor":19.0},{"not_picked":["Dagger Throw","Blur+1"],"picked":"Catalyst","floor":22.0},{"not_picked":["Masterful Stab","Deflect+1"],"picked":"Venomology","floor":23.0},{"not_picked":["Distraction+1","Prepared+1"],"picked":"Deadly Poison+1","floor":30.0},{"not_picked":["Envenom","Night Terror+1"],"picked":"Corpse Explosion+1","floor":33.0},{"not_picked":["Predator+1","Choke"],"picked":"Calculated Gamble+1","floor":35.0},{"not_picked":["All Out Attack+1","Slice"],"picked":"Catalyst+1","floor":37.0},{"not_picked":["Quick Slash+1","Well Laid Plans"],"picked":"Deadly Poison+1","floor":38.0},{"not_picked":["Backflip+1","Predator"],"picked":"Dagger Spray","floor":40.0},{"not_picked":["Blade Dance+1","Reflex+1"],"picked":"Bane+1","floor":42},{"not_picked":["Bane","Blade Dance+1"],"picked":"Blur+1","floor":44},{"not_picked":["Slice","Deadly Poison+1"],"picked":"Deflect+1","floor":47}],"player_experience":312763,"relics_obtained":[{"floor":6.0,"key":"Bottled Lightning"},{"floor":9.0,"key":"Tiny Chest"},{"floor":10.0,"key":"Blood Vial"},{"floor":12.0,"key":"Snake Skull"},{"floor":14.0,"key":"MawBank"},{"floor":23.0,"key":"Orichalcum"},{"floor":25.0,"key":"Nilry\u0027s Codex"},{"floor":26.0,"key":"Toxic Egg 2"},{"floor":38.0,"key":"WingedGreaves"},{"floor":40.0,"key":"Pen Nib"},{"floor":40.0,"key":"Regal Pillow"},{"floor":42,"key":"Lantern"},{"floor":42,"key":"Potion Belt"},{"floor":43,"key":"Smiling Mask"},{"floor":48,"key":"Sundial"}],"event_choices":[{"damage_healed":0.0,"max_hp_gain":0.0,"max_hp_loss":0.0,"gold_gain":0.0,"event_name":"Golden Wing","player_choice":"Ignored","floor":2.0,"gold_loss":0.0,"damage_taken":0.0},{"damage_healed":0.0,"max_hp_gain":0.0,"max_hp_loss":0.0,"gold_gain":0.0,"event_name":"Shining Light","player_choice":"Ignored","floor":5.0,"gold_loss":0.0,"damage_taken":0.0},{"damage_healed":0.0,"max_hp_gain":0.0,"max_hp_loss":0.0,"gold_gain":0.0,"event_name":"Cursed Tome","player_choice":"Obtained Book","floor":25.0,"gold_loss":0.0,"damage_taken":16.0},{"damage_healed":0.0,"max_hp_gain":0.0,"max_hp_loss":0.0,"gold_gain":0.0,"event_name":"Ghosts","player_choice":"Ignored","floor":27.0,"gold_loss":0.0,"damage_taken":0.0},{"damage_healed":0.0,"max_hp_gain":0.0,"max_hp_loss":0.0,"gold_gain":0.0,"event_name":"The Mausoleum","player_choice":"Opened","floor":29.0,"gold_loss":0.0,"damage_taken":0.0,"relics_obtained":["Vajra"],"cards_obtained":["Writhe"]},{"damage_healed":0.0,"max_hp_gain":0.0,"max_hp_loss":0.0,"gold_gain":0.0,"event_name":"Upgrade Shrine","player_choice":"Upgraded","floor":36.0,"gold_loss":0.0,"damage_taken":0.0,"cards_upgraded":["Venomology"]},{"damage_healed":0.0,"max_hp_gain":0.0,"max_hp_loss":0.0,"gold_gain":0.0,"event_name":"MindBloom","player_choice":"Fight","floor":38.0,"gold_loss":0.0,"damage_taken":0.0},{"damage_healed":0.0,"max_hp_gain":0.0,"max_hp_loss":0.0,"gold_gain":0.0,"event_name":"Lab","player_choice":"Got Potions","floor":39.0,"gold_loss":0.0,"damage_taken":0.0}],"is_beta":false,"boss_relics":[{"not_picked":["Runic Dome","Tiny House"],"picked":"Runic Pyramid"},{"not_picked":["Calling Bell","Ring of the Serpent"],"picked":"Black Star"}],"items_purged_floors":[],"is_endless":false,"potions_floor_spawned":[1,3,4,8,16,19,30,33,35,40,47],"killed_by":"Donu and Deca","ascension_level":0}