{"path_per_floor":["M","M","?","M","M","R","$","M","T","M","R","?","M","M","R","B",null,"M","$","M","M","M","R","M","M","T","?","R","M","M","M","R"],"character_chosen":"THE_SILENT","items_purchased":["Night Terror","Trip","Fire Potion"],"gold_per_floor":[117,130,130,145,165,165,25,44,44,57,57,57,71,81,81,183,183,163,10,24,42,61,61,76,96,96,96,96,113,128,148,148],"floor_reached":33,"campfire_rested":3,"playtime":2448,"current_hp_per_floor":[65,65,51,50,49,49,49,49,49,41,41,41,53,49,49,38,70,70,70,57,32,13,34,11,11,11,11,32,23,22,10,31],"items_purged":[],"gold":148,"score":249,"play_id":"9b427756-4919-4f0f-9f74-f2a019113b58","is_prod":false,"is_daily":false,"is_ascension_mode":false,"campfire_upgraded":3,"path_taken":["M","M","?","?","M","R","$","M","T","M","R","?","?","M","R","BOSS","M","$","M","?","M","R","M","M","T","?","R","M","M","M","R","BOSS"],"build_version":"2018-02-15-PROD1","purchased_purges":0,"victory":false,"master_deck":["Defend_G","Defend_G+1","Defend_G","Defend_G","Strike_G","Strike_G","Strike_G","Strike_G","Strike_G","Survivor","Neutralize+1","Slice","Deflect+1","Flying Knee","Deflect","Night Terror+1","Prepared","Dash+1","Backstab+1","Deflect","Envenom","Finisher","Trip","Slice","Backstab","Dagger Spray","Endless Agony","Regret","Masterful Stab","Backflip","Doppelganger"],"max_hp_per_floor":[70,70,70,70,70,70,70,70,70,70,70,70,70,70,70,70,70,70,70,70,70,70,70,70,70,70,70,70,70,70,70,70],"relics":["Ring of the Snake","Bag of Preparation","Unceasing Top","Cursed Key","Tingsha"],"card_choices":[{"not_picked":["Backflip","Eviscerate"],"picked":"Slice"},{"not_picked":["Infinite Blades","Cloak And Dagger"],"picked":"Deflect"},{"not_picked":["Underhanded Strike","Dodge and Roll"],"picked":"Flying Knee"},{"not_picked":["Dagger Throw","Riddle With Holes"],"picked":"Deflect"},{"not_picked":["Deadly Poison","Sucker Punch"],"picked":"Prepared"},{"not_picked":["Underhanded Strike","Poisoned Stab"],"picked":"Dash"},{"not_picked":["Sucker Punch","Poisoned Stab"],"picked":"Backstab"},{"not_picked":["Caltrops","Prepared"],"picked":"Deflect"},{"not_picked":["Doppelganger","Burst"],"picked":"Envenom"},{"not_picked":["Cloak And Dagger","Masterful Stab"],"picked":"Finisher"},{"not_picked":["Backflip","Deflect"],"picked":"Slice"},{"not_picked":["Acrobatics","Tools of the Trade"],"picked":"Backstab"},{"not_picked":["Outmaneuver","Sucker Punch"],"picked":"Dagger Spray"},{"not_picked":["Riddle With Holes","Outmaneuver"],"picked":"Endless Agony"},{"not_picked":["Slice","Endless Agony"],"picked":"Masterful Stab"},{"not_picked":["Sucker Punch","Cloak And Dagger"],"picked":"Backflip"},{"not_picked":["Flying Knee","Footwork"],"picked":"Doppelganger"}],"player_experience":157064,"potions_floor_usage":[20,22,33,33],"damage_taken":[{"damage":5.0,"enemies":"Small Slimes","floor":1.0,"turns":6.0},{"damage":0.0,"enemies":"Jaw Worm","floor":2.0,"turns":3.0},{"damage":1.0,"enemies":"Cultist","floor":4.0,"turns":4.0},{"damage":1.0,"enemies":"Red Slaver","floor":5.0,"turns":3.0},{"damage":0.0,"enemies":"2 Fungi Beasts","floor":8.0,"turns":5.0},{"damage":8.0,"enemies":"Exordium Thugs","floor":10.0,"turns":5.0},{"damage":0.0,"enemies":"Lots of Slimes","floor":13.0,"turns":5.0},{"damage":4.0,"enemies":"Gremlin Gang","floor":14.0,"turns":4.0},{"damage":11.0,"enemies":"Slime Boss","floor":16.0,"turns":12.0},{"damage":0.0,"enemies":"2 Thieves","floor":18.0,"turns":4.0},{"damage":13,"enemies":"Sentry and Sphere","floor":20,"turns":4},{"damage":25,"enemies":"Centurion and Healer","floor":21,"turns":5},{"damage":19,"enemies":"Cultist and Chosen","floor":22,"turns":7},{"damage":23,"enemies":"Snake Plant","floor":24,"turns":5},{"damage":0,"enemies":"Slaver and Parasite","floor":25,"turns":5},{"damage":9,"enemies":"Centurion and Healer","floor":29,"turns":4},{"damage":1,"enemies":"3 Cultists","floor":30,"turns":3},{"damage":12,"enemies":"Snake Plant","floor":31,"turns":3},{"damage":34,"enemies":"Collector","floor":33,"turns":7}],"event_choices":[{"event_name":"Shining Light","player_choice":"Entered Light","floor":3.0,"damage_taken":0.0},{"event_name":"Upgrade Shrine","player_choice":"Upgraded","floor":12.0,"damage_taken":0.0},{"event_name":"Back to Basics","player_choice":"Elegance","floor":27,"damage_taken":0}],"boss_relics":[],"potions_floor_spawned":[4,5,13,14,20,29,30],"seed_played":"4513419924590797598","killed_by":"Collector","ascension_level":0,"is_trial":false}