{"gold_per_floor":[119,194,23,40,53,53,72,107,107,107,107,77,77,93,93,189,189,203,226,56,67,32,64,78,104,104,118,135,146,146,71,71,170,170,182,195,195,195,195,222,222,18,91,38,51,51,51,65,65,65],"floor_reached":51,"playtime":6748,"items_purged":["Shame"],"score":878,"play_id":"115a645d-009d-4839-93e8-24e55a214923","local_time":"20181020141451","is_ascension_mode":true,"campfire_choices":[{"data":"Apotheosis","floor":6,"key":"SMITH"},{"floor":13,"key":"REST"},{"floor":15,"key":"REST"},{"floor":30,"key":"REST"},{"data":"Inflame","floor":32,"key":"SMITH"},{"data":"Inflame","floor":41,"key":"SMITH"},{"data":"Searing Blow+1","floor":49,"key":"SMITH"}],"neow_cost":"CURSE","seed_source_timestamp":845419944961186,"circlet_count":0,"master_deck":["Strike_R","Strike_R","Strike_R","Strike_R","Strike_R","Defend_R","Defend_R","Defend_R","Defend_R","Bash","Metallicize+1","Apotheosis+1","Rage","Shrug It Off","Flame Barrier","Shrug It Off","Metallicize","Havoc","Immolate","Evolve","Inflame+1","Dropkick","Heavy Blade+1","Power Through","Bludgeon","Iron Wave","Carnage+1","Clash","Body Slam","Heavy Blade","Inflame+1","Twin Strike+1","Heavy Blade","Body Slam+1","Sword Boomerang+1","Searing Blow+2"],"relics":["Burning Blood","Unceasing Top","Red Skull","Oddly Smooth Stone","Busted Crown","MawBank","Bottled Tornado","Regal Pillow","Ice Cream","Mark of Pain","FaceOfCleric","PreservedInsect","Meat on the Bone","HandDrill","Toxic Egg 2","Mango"],"potions_floor_usage":[16,21,23,23,47,48,50,50],"damage_taken":[{"damage":8,"enemies":"Jaw Worm","floor":1,"turns":4},{"damage":10,"enemies":"Small Slimes","floor":4,"turns":4},{"damage":0,"enemies":"Cultist","floor":5,"turns":4},{"damage":13,"enemies":"3 Louse","floor":7,"turns":5},{"damage":52,"enemies":"Gremlin Nob","floor":8,"turns":6},{"damage":0,"enemies":"Looter","floor":12,"turns":4},{"damage":0,"enemies":"Exordium Wildlife","floor":14,"turns":5},{"damage":16,"enemies":"The Guardian","floor":16,"turns":15},{"damage":2,"enemies":"3 Byrds","floor":18,"turns":2},{"damage":0,"enemies":"Chosen","floor":21,"turns":5},{"damage":0,"enemies":"Gremlin Leader","floor":23,"turns":6},{"damage":15,"enemies":"Sentry and Sphere","floor":24,"turns":5},{"damage":46,"enemies":"Slavers","floor":25,"turns":5},{"damage":0,"enemies":"Chosen and Byrds","floor":27,"turns":4},{"damage":10,"enemies":"Snake Plant","floor":28,"turns":4},{"damage":13,"enemies":"Shelled Parasite and Fungi","floor":29,"turns":6},{"damage":54,"enemies":"Automaton","floor":33,"turns":9},{"damage":6,"enemies":"3 Shapes","floor":35,"turns":4},{"damage":15,"enemies":"3 Darklings","floor":36,"turns":5},{"damage":17,"enemies":"Nemesis","floor":40,"turns":5},{"damage":29,"enemies":"4 Shapes","floor":45,"turns":5},{"damage":0,"enemies":"Mind Bloom Boss Battle","floor":47,"turns":5},{"damage":0,"enemies":"Jaw Worm Horde","floor":48,"turns":2},{"damage":92,"enemies":"Awakened One","floor":50,"turns":10}],"seed_played":"-6393244972503053492","potions_obtained":[{"floor":4,"key":"Poison Potion"},{"floor":8,"key":"Weak Potion"},{"floor":14,"key":"EssenceOfSteel"},{"floor":18,"key":"Strength Potion"},{"floor":24,"key":"Ancient Potion"},{"floor":27,"key":"Explosive Potion"},{"floor":40,"key":"Regen Potion"},{"floor":45,"key":"Strength Potion"},{"floor":47,"key":"Dexterity Potion"}],"is_trial":false,"path_per_floor":["M","?","$","M","M","R","M","E","T","?","?","M","R","M","R","B",null,"M","T","$","M","$","E","M","E","T","M","M","M","R","$","R","B",null,"M","M","?","?","T","E","R","$","T","$","M","?","?","M","R","B"],"character_chosen":"IRONCLAD","items_purchased":["Apotheosis","Inflame","Dropkick","Power Through","Inflame","HandDrill","Heavy Blade"],"campfire_rested":3,"item_purchase_floors":[3,20,20,22,31,42,44],"current_hp_per_floor":[78,67,67,63,69,69,62,16,16,16,16,22,46,52,76,66,80,80,80,80,80,80,80,71,31,31,37,33,26,65,65,65,17,80,80,71,71,71,71,61,61,61,61,61,51,51,86,93,93,20],"gold":65,"neow_bonus":"ONE_RARE_RELIC","is_prod":false,"is_daily":false,"chose_seed":false,"campfire_upgraded":4,"win_rate":0,"timestamp":1540066491,"path_taken":["M","?","$","M","M","R","M","E","T","?","?","?","R","M","R","BOSS","M","?","$","M","?","E","M","E","T","M","M","M","R","$","R","BOSS","M","M","?","?","?","E","R","$","T","?","M","?","?","M","R","BOSS"],"build_version":"2018-10-18","purchased_purges":1,"victory":true,"max_hp_per_floor":[80,80,80,80,80,80,80,80,80,80,80,80,80,80,80,80,80,80,80,80,80,80,80,80,80,80,80,80,80,80,80,80,80,80,80,80,80,80,80,81,81,81,81,81,82,82,97,98,98,99],"card_choices":[{"not_picked":["Sentinel","Body Slam"],"picked":"Metallicize","floor":1},{"not_picked":["Pummel","Heavy Blade"],"picked":"Rage","floor":4},{"not_picked":["Cleave","Searing Blow"],"picked":"Shrug It Off","floor":5},{"not_picked":["Hemokinesis","Cleave"],"picked":"Flame Barrier","floor":7},{"not_picked":["Rage","Armaments"],"picked":"Shrug It Off","floor":8},{"not_picked":["Uppercut","Twin Strike"],"picked":"Metallicize","floor":12},{"not_picked":["Sword Boomerang","Perfected Strike"],"picked":"Havoc","floor":14},{"not_picked":["Bludgeon","Offering"],"picked":"Immolate","floor":16},{"not_picked":[],"picked":"Evolve","floor":18},{"not_picked":[],"picked":"Heavy Blade+1","floor":21},{"not_picked":[],"picked":"Bludgeon","floor":23},{"not_picked":[],"picked":"Iron Wave","floor":24},{"not_picked":[],"picked":"Carnage+1","floor":25},{"not_picked":[],"picked":"Clash","floor":27},{"not_picked":[],"picked":"Body Slam","floor":28},{"not_picked":[],"picked":"Heavy Blade","floor":29},{"not_picked":[],"picked":"Fire Breathing","floor":35},{"not_picked":["Warcry+1"],"picked":"SKIP","floor":36},{"not_picked":[],"picked":"Twin Strike+1","floor":40},{"not_picked":[],"picked":"Body Slam+1","floor":45},{"not_picked":[],"picked":"Sword Boomerang+1","floor":47},{"not_picked":[],"picked":"Searing Blow+1","floor":48}],"player_experience":726236,"relics_obtained":[{"floor":8,"key":"Red Skull"},{"floor":9,"key":"Oddly Smooth Stone"},{"floor":19,"key":"MawBank"},{"floor":23,"key":"Bottled Tornado"},{"floor":25,"key":"Regal Pillow"},{"floor":26,"key":"Ice Cream"},{"floor":39,"key":"PreservedInsect"},{"floor":40,"key":"Meat on the Bone"},{"floor":43,"key":"Toxic Egg 2"},{"floor":47,"key":"Mango"}],"event_choices":[{"damage_healed":0,"gold_gain":75,"player_choice":"Gather Gold","damage_taken":11,"max_hp_gain":0,"max_hp_loss":0,"event_name":"World of Goop","floor":2,"gold_loss":0},{"damage_healed":0,"gold_gain":0,"player_choice":"Ignored","damage_taken":0,"max_hp_gain":0,"max_hp_loss":0,"event_name":"Golden Wing","floor":10,"gold_loss":0},{"damage_healed":0,"gold_gain":0,"player_choice":"Forge","damage_taken":0,"max_hp_gain":0,"max_hp_loss":0,"event_name":"Accursed Blacksmith","floor":11,"gold_loss":0,"cards_upgraded":["Metallicize"]},{"cards_removed":["Fire Breathing"],"damage_healed":0,"gold_gain":0,"player_choice":"Removed Power","damage_taken":0,"max_hp_gain":0,"max_hp_loss":0,"event_name":"Falling","floor":37,"gold_loss":0},{"damage_healed":0,"gold_gain":0,"player_choice":"Trade","damage_taken":0,"relics_obtained":["FaceOfCleric"],"max_hp_gain":0,"max_hp_loss":0,"event_name":"FaceTrader","floor":38,"gold_loss":0},{"damage_healed":0,"gold_gain":0,"player_choice":"Memory 1","damage_taken":0,"max_hp_gain":0,"max_hp_loss":0,"event_name":"SensoryStone","floor":46,"gold_loss":0},{"damage_healed":0,"gold_gain":0,"player_choice":"Fight","damage_taken":0,"max_hp_gain":0,"max_hp_loss":0,"event_name":"MindBloom","floor":47,"gold_loss":0}],"is_beta":false,"boss_relics":[{"not_picked":["White Beast Statue","Orrery"],"picked":"Busted Crown"},{"not_picked":["Coffee Dripper","Snecko Eye"],"picked":"Mark of Pain"}],"items_purged_floors":[20],"is_endless":false,"potions_floor_spawned":[4,8,14,18,24,27,40,45,47],"ascension_level":4}