{"gold_per_floor":[118,118,118,138,161,161,7,28,54,73,117,69,108,128,128,249,249,272,272,305,305,66,66,82,82,82,82,82],"floor_reached":28,"playtime":2453,"items_purged":["Strike_B","Strike_B"],"score":328,"play_id":"a7969c91-03e3-4eff-9ee6-1eabc26ff74a","local_time":"20190202132157","is_ascension_mode":true,"campfire_choices":[{"data":"Chaos","floor":6.0,"key":"SMITH"},{"floor":15.0,"key":"REST"},{"data":"Sunder","floor":23.0,"key":"SMITH"},{"data":"Writhe","floor":27,"key":"PURGE"}],"neow_cost":"NONE","seed_source_timestamp":521821656723012,"circlet_count":0,"master_deck":["Strike_B","Strike_B","Defend_B","Defend_B+1","Defend_B+1","Defend_B","Zap","Dualcast","Chaos+1","Dramatic Entrance","Electrodynamics","Leap","Cold Snap","Streamline","Glacier","Go for the Eyes","Hologram","Skim","Sunder+1","Coolheaded","BootSequence","Self Repair","Ball Lightning+1"],"special_seed":0,"relics":["Runic Dome","Golden Idol","War Paint","Smiling Mask","Mummified Hand","Inserter","Red Mask","Pear","Regal Pillow","Peace Pipe"],"potions_floor_usage":[],"damage_taken":[{"damage":1.0,"enemies":"Cultist","floor":1.0,"turns":3.0},{"damage":0.0,"enemies":"2 Louse","floor":4.0,"turns":2.0},{"damage":0.0,"enemies":"Small Slimes","floor":5.0,"turns":3.0},{"damage":13.0,"enemies":"3 Louse","floor":8.0,"turns":2.0},{"damage":8.0,"enemies":"2 Fungi Beasts","floor":10.0,"turns":4.0},{"damage":2.0,"enemies":"3 Sentries","floor":11.0,"turns":6.0},{"damage":23.0,"enemies":"Gremlin Nob","floor":13.0,"turns":4.0},{"damage":0.0,"enemies":"Looter","floor":14.0,"turns":2.0},{"damage":15.0,"enemies":"Slime Boss","floor":16.0,"turns":15.0},{"damage":6.0,"enemies":"Shell Parasite","floor":18.0,"turns":6.0},{"damage":25.0,"enemies":"Masked Bandits","floor":20.0,"turns":4.0},{"damage":5.0,"enemies":"Spheric Guardian","floor":24.0,"turns":8.0},{"damage":19,"enemies":"Colosseum Slavers","floor":25,"turns":5},{"damage":36,"enemies":"Centurion and Healer","floor":28,"turns":5}],"seed_played":"5401991647986594696","potions_obtained":[{"floor":1.0,"key":"Dexterity Potion"},{"floor":4.0,"key":"AttackPotion"},{"floor":13.0,"key":"Dexterity Potion"}],"is_trial":false,"path_per_floor":["M","?","?","M","M","R","$","M","T","M","E","?","E","M","R","B",null,"M","?","?","?","$","R","M","?","T","R","M"],"character_chosen":"DEFECT","items_purchased":["Glacier","Self Repair","Regal Pillow"],"campfire_rested":1,"item_purchase_floors":[7,22,22],"current_hp_per_floor":[67,49,49,49,49,49,49,36,36,28,26,26,3,3,25,10,59,53,53,28,38,38,38,40,28,28,28,0],"gold":82,"neow_bonus":"BOSS_RELIC","is_prod":false,"is_daily":false,"chose_seed":false,"campfire_upgraded":2,"win_rate":0,"timestamp":1549142517,"path_taken":["M","?","?","M","M","R","$","M","T","?","E","?","E","M","R","BOSS","M","?","?","?","?","R","?","?","T","R","M"],"build_version":"2019-01-23","purchased_purges":2,"victory":false,"max_hp_per_floor":[75,75,75,75,75,75,75,75,75,75,75,75,75,75,75,75,75,75,75,75,85,85,85,85,85,85,85,85],"card_choices":[{"not_picked":["Storm","Force Field"],"picked":"Chaos","floor":1.0},{"not_picked":["Leap","Conserve Battery"],"picked":"Cold Snap","floor":4.0},{"not_picked":["Beam Cell","Redo"],"picked":"Streamline","floor":5.0},{"not_picked":["Beam Cell","Go for the Eyes","Reinforced Body"],"picked":"SKIP","floor":8.0},{"not_picked":["Beam Cell","Reinforced Body"],"picked":"Go for the Eyes","floor":8.0},{"not_picked":["Barrage","Chaos","Hologram"],"picked":"SKIP","floor":10.0},{"not_picked":["Barrage","Chaos"],"picked":"Hologram","floor":10.0},{"not_picked":["Redo","Multi-Cast"],"picked":"Skim","floor":11.0},{"not_picked":["Gash","Force Field"],"picked":"Sunder","floor":13.0},{"not_picked":["Static Discharge","Gash"],"picked":"Coolheaded","floor":14.0},{"not_picked":["Turbo","Barrage"],"picked":"BootSequence","floor":18.0},{"not_picked":["Sweeping Beam","Turbo"],"picked":"Ball Lightning+1","floor":24.0}],"player_experience":344087,"relics_obtained":[{"floor":9.0,"key":"War Paint"},{"floor":11.0,"key":"Smiling Mask"},{"floor":13.0,"key":"Mummified Hand"},{"floor":20.0,"key":"Red Mask"},{"floor":26,"key":"Peace Pipe"}],"event_choices":[{"damage_healed":0.0,"max_hp_gain":0.0,"max_hp_loss":0.0,"gold_gain":0.0,"event_name":"Golden Idol","player_choice":"Take Damage","floor":2.0,"gold_loss":0.0,"damage_taken":18.0,"relics_obtained":["Golden Idol"]},{"damage_healed":0.0,"max_hp_gain":0.0,"max_hp_loss":0.0,"gold_gain":0.0,"event_name":"Match and Keep!","player_choice":"3 cards matched","floor":3.0,"gold_loss":0.0,"damage_taken":0.0,"cards_obtained":["Dramatic Entrance","Electrodynamics","Leap"]},{"damage_healed":0.0,"max_hp_gain":0.0,"max_hp_loss":0.0,"gold_gain":0.0,"event_name":"World of Goop","player_choice":"Left Gold","floor":12.0,"gold_loss":48.0,"damage_taken":0.0},{"damage_healed":0.0,"max_hp_gain":0.0,"max_hp_loss":0.0,"gold_gain":0.0,"event_name":"Vampires","player_choice":"Ignored","floor":19.0,"gold_loss":0.0,"damage_taken":0.0},{"damage_healed":0.0,"max_hp_gain":0.0,"max_hp_loss":0.0,"gold_gain":0.0,"event_name":"Masked Bandits","player_choice":"Fought Bandits","floor":20.0,"gold_loss":0.0,"damage_taken":0.0},{"damage_healed":0.0,"max_hp_gain":0.0,"max_hp_loss":0.0,"gold_gain":0.0,"event_name":"The Mausoleum","player_choice":"Opened","floor":21.0,"gold_loss":0.0,"damage_taken":0.0,"relics_obtained":["Pear"],"cards_obtained":["Writhe"]},{"damage_healed":0,"gold_gain":0,"player_choice":"Fight","damage_taken":0,"max_hp_gain":0,"max_hp_loss":0,"event_name":"Colosseum","floor":25,"gold_loss":0},{"damage_healed":0,"gold_gain":0,"player_choice":"Fled From Nobs","damage_taken":0,"max_hp_gain":0,"max_hp_loss":0,"event_name":"Colosseum","floor":25,"gold_loss":0}],"is_beta":false,"boss_relics":[{"not_picked":["Velvet Choker","Black Star"],"picked":"Inserter"}],"items_purged_floors":[7,22],"is_endless":false,"potions_floor_spawned":[1,4,13,25],"killed_by":"Centurion and Healer","ascension_level":9}