{"gold_per_floor":[116,131,145,161,175,175,195,210,235,246,246,265,294,127,127,232,232,157,25,42,42,42,42,8,8,33,47,47,67,67,82,82,183,183,198,216,90,90,90,90,90,90,90,102,125,141,141,156,156,156],"floor_reached":50,"playtime":2174,"items_purged":[],"score":521,"play_id":"2b3ceeba-bd0f-45e1-b904-ffae11315eb1","local_time":"20190213221433","is_ascension_mode":false,"campfire_choices":[{"data":"Zap","floor":6.0,"key":"SMITH"},{"data":"Buffer","floor":11.0,"key":"SMITH"},{"floor":15.0,"key":"REST"},{"data":"RitualDagger","floor":23.0,"key":"SMITH"},{"data":"White Noise","floor":25.0,"key":"SMITH"},{"data":"Self Repair","floor":28.0,"key":"SMITH"},{"floor":30.0,"key":"REST"},{"data":"Defragment","floor":32.0,"key":"SMITH"},{"data":"Defragment","floor":40,"key":"SMITH"},{"data":"Glacier","floor":42,"key":"SMITH"},{"data":"Loop","floor":49,"key":"SMITH"}],"neow_cost":"NONE","seed_source_timestamp":0,"circlet_count":0,"master_deck":["Strike_B","Strike_B","Strike_B","Defend_B","Defend_B","Defend_B","Defend_B","Zap+1","Dualcast","Conserve Battery","Ball Lightning","Cold Snap","Buffer+1","Turbo","Sunder","Consume","Blizzard","Hologram","Cold Snap","Cold Snap","White Noise+1","Hologram","Ball Lightning","Electrodynamics","Barrage","Self Repair+1","Ball Lightning","Darkness+1","RitualDagger+1","Glacier+1","Steam+1","Defragment+1","Ball Lightning","Reboot","Ball Lightning+1","Defragment+1","Go for the Eyes","Writhe","Doubt","Heatsinks+1","Loop+1","Redo"],"special_seed":0,"relics":["FrozenCore"],"potions_floor_usage":[33,33,33,46,50,50,50],"damage_taken":[{"damage":0.0,"enemies":"Cultist","floor":1.0,"turns":4.0},{"damage":6.0,"enemies":"Jaw Worm","floor":2.0,"turns":3.0},{"damage":0.0,"enemies":"2 Louse","floor":3.0,"turns":2.0},{"damage":13.0,"enemies":"Exordium Wildlife","floor":4.0,"turns":3.0},{"damage":3.0,"enemies":"Looter","floor":5.0,"turns":3.0},{"damage":0.0,"enemies":"3 Louse","floor":7.0,"turns":2.0},{"damage":10.0,"enemies":"Blue Slaver","floor":8.0,"turns":3.0},{"damage":1.0,"enemies":"Lots of Slimes","floor":10.0,"turns":4.0},{"damage":6.0,"enemies":"Large Slime","floor":12.0,"turns":6.0},{"damage":0.0,"enemies":"3 Sentries","floor":13.0,"turns":7.0},{"damage":15.0,"enemies":"Hexaghost","floor":16.0,"turns":10.0},{"damage":4.0,"enemies":"2 Thieves","floor":18.0,"turns":5.0},{"damage":0.0,"enemies":"Chosen","floor":20.0,"turns":5.0},{"damage":26.0,"enemies":"Centurion and Healer","floor":27.0,"turns":9.0},{"damage":18.0,"enemies":"Sentry and Sphere","floor":29.0,"turns":4.0},{"damage":1.0,"enemies":"3 Cultists","floor":31.0,"turns":3.0},{"damage":32,"enemies":"Champ","floor":33,"turns":14},{"damage":9,"enemies":"Orb Walker","floor":35,"turns":5},{"damage":46,"enemies":"3 Shapes","floor":36,"turns":5},{"damage":7,"enemies":"Maw","floor":44,"turns":9},{"damage":27,"enemies":"4 Shapes","floor":46,"turns":4},{"damage":8,"enemies":"Transient","floor":48,"turns":5},{"damage":65,"enemies":"Time Eater","floor":50,"turns":9}],"seed_played":"-4513719181645330857","potions_obtained":[{"floor":1.0,"key":"FocusPotion"},{"floor":5.0,"key":"Dexterity Potion"},{"floor":7.0,"key":"Poison Potion"},{"floor":8.0,"key":"Dexterity Potion"},{"floor":13.0,"key":"SpeedPotion"},{"floor":20.0,"key":"EssenceOfSteel"},{"floor":27.0,"key":"Dexterity Potion"},{"floor":33,"key":"Strength Potion"},{"floor":36,"key":"Swift Potion"},{"floor":46,"key":"Ancient Potion"},{"floor":48,"key":"Block Potion"}],"is_trial":false,"path_per_floor":["M","M","M","M","M","R","M","M","T","M","R","M","E","$","R","B",null,"M","$","M","?","?","R","$","R","T","M","R","M","R","M","R","B",null,"M","M","$","?","?","R","?","R","T","M","T","M","?","M","R","B"],"character_chosen":"DEFECT","items_purchased":["White Noise","Hologram","Ball Lightning","Self Repair","Ball Lightning","Glacier","Defragment","Go for the Eyes"],"campfire_rested":2,"item_purchase_floors":[14,14,14,19,19,24,37,37],"current_hp_per_floor":[75,69,69,56,53,53,53,43,43,42,42,36,36,36,58,43,75,71,71,75,75,69,69,69,69,69,50,50,32,54,53,53,21,75,75,39,39,39,58,58,75,75,75,75,75,58,58,60,60,0],"gold":156,"neow_bonus":"TRANSFORM_CARD","is_prod":false,"is_daily":false,"chose_seed":false,"campfire_upgraded":9,"win_rate":0,"timestamp":1550121273,"path_taken":["M","M","M","M","M","R","?","M","T","M","R","M","E","$","R","BOSS","M","$","M","?","?","R","?","R","T","M","R","M","R","M","R","BOSS","M","M","$","?","?","R","?","R","T","M","?","M","?","M","R","BOSS"],"build_version":"2019-01-23","purchased_purges":0,"victory":false,"max_hp_per_floor":[75,75,75,75,75,75,75,75,75,75,75,75,75,75,75,75,75,75,75,75,75,75,75,75,75,75,75,75,75,75,75,75,75,75,75,75,75,75,75,75,75,75,75,75,75,75,75,75,75,75],"card_choices":[{"not_picked":["Recycle","Coolheaded"],"picked":"Ball Lightning","floor":1.0},{"not_picked":["Go for the Eyes","Storm"],"picked":"Cold Snap","floor":2.0},{"not_picked":["Cold Snap","Sunder"],"picked":"Buffer","floor":3.0},{"not_picked":["Fusion","Streamline"],"picked":"Turbo","floor":4.0},{"not_picked":["Beam Cell","Reinforced Body"],"picked":"Sunder","floor":5.0},{"not_picked":["Melter","Chaos"],"picked":"Consume","floor":7.0},{"not_picked":["Streamline","Coolheaded"],"picked":"Blizzard","floor":8.0},{"not_picked":["Go for the Eyes","Compile Driver"],"picked":"Hologram","floor":10.0},{"not_picked":["Doom and Gloom","Go for the Eyes"],"picked":"Cold Snap","floor":12.0},{"not_picked":["Darkness","Stack"],"picked":"Cold Snap","floor":13.0},{"not_picked":["Seek","Multi-Cast"],"picked":"Electrodynamics","floor":16.0},{"not_picked":["Streamline+1","Lockon"],"picked":"Barrage","floor":18.0},{"not_picked":["Lockon+1","Compile Driver+1"],"picked":"Darkness+1","floor":20.0},{"not_picked":["FTL","Gash"],"picked":"Steam+1","floor":27.0},{"not_picked":["Hologram","Stack+1"],"picked":"Defragment","floor":29.0},{"not_picked":["Coolheaded","Go for the Eyes"],"picked":"Ball Lightning","floor":31.0},{"not_picked":["All For One","Creative AI"],"picked":"Reboot","floor":33},{"not_picked":["Steam+1","Barrage"],"picked":"Coolheaded+1","floor":35},{"not_picked":["Tempest","Rip and Tear+1"],"picked":"Ball Lightning+1","floor":36},{"not_picked":["Meteor Strike","Streamline"],"picked":"Heatsinks+1","floor":44},{"not_picked":["Barrage","Rebound+1"],"picked":"Loop","floor":46},{"not_picked":["Rip and Tear","Lockon"],"picked":"Redo","floor":48}],"player_experience":1464723,"relics_obtained":[],"event_choices":[{"damage_healed":0.0,"max_hp_gain":0.0,"max_hp_loss":0.0,"gold_gain":0.0,"event_name":"Nest","player_choice":"Joined the Cult","floor":22.0,"gold_loss":0.0,"damage_taken":6.0,"cards_obtained":["RitualDagger"]},{"damage_healed":0,"gold_gain":0,"player_choice":"Ignored","damage_taken":0,"max_hp_gain":0,"max_hp_loss":0,"event_name":"Mysterious Sphere","floor":38,"gold_loss":0},{"damage_healed":19,"gold_gain":0,"player_choice":"Writhe","damage_taken":0,"max_hp_gain":0,"max_hp_loss":0,"event_name":"Winding Halls","floor":39,"gold_loss":0,"cards_obtained":["Writhe"]},{"damage_healed":17,"gold_gain":0,"player_choice":"Heal","damage_taken":0,"max_hp_gain":0,"max_hp_loss":0,"event_name":"MindBloom","floor":41,"gold_loss":0,"cards_obtained":["Doubt"]},{"cards_removed":["Coolheaded"],"damage_healed":0,"gold_gain":0,"player_choice":"Removed Skill","damage_taken":0,"max_hp_gain":0,"max_hp_loss":0,"event_name":"Falling","floor":47,"gold_loss":0}],"is_beta":false,"boss_relics":[{"not_picked":["Velvet Choker","Inserter"],"picked":"FrozenCore"},{"not_picked":["Busted Crown","Lizard Tail","Empty Cage"]}],"items_purged_floors":[],"is_endless":false,"potions_floor_spawned":[1,5,7,8,13,20,27,33,36,46,48],"killed_by":"Time Eater","ascension_level":0}