{"path_per_floor":["M","?","M","T","M","E","?","M","T","M","R","?","E","M","R","B",null,"M","M","$","M","$","R","M","E","T","R","M","$","M","M","R"],"character_chosen":"IRONCLAD","items_purchased":["Finesse","Toxic Egg","Fire Potion","Regen Potion","Dramatic Entrance","Dual Wield","Swift Potion"],"gold_per_floor":[114,114,125,125,138,166,166,182,182,201,201,201,230,247,247,345,345,363,378,80,98,48,48,64,90,175,175,192,11,29,45,45],"floor_reached":33,"campfire_rested":4,"playtime":2612,"current_hp_per_floor":[88,88,88,88,88,59,42,43,57,59,59,59,53,53,83,48,102,70,50,50,29,29,59,38,17,17,47,38,38,23,19,49],"items_purged":[],"gold":45,"play_id":"2452c590-6ddc-4bf4-b09a-39a1a91c0d00","is_prod":false,"is_daily":false,"campfire_rituals":0,"campfire_upgraded":1,"is_hardmode":false,"path_taken":["M","?","M","?","?","E","?","M","T","?","R","?","E","M","R","BOSS","M","M","$","?","?","R","M","E","T","R","?","$","M","M","R","BOSS"],"build_version":"2018-01-18-PROD4","purchased_purges":0,"victory":false,"master_deck":["Strike_R","Strike_R","Strike_R","Strike_R","Strike_R","Defend_R","Defend_R","Defend_R","Defend_R","Bash","Pommel Strike","Warcry","Clash","Blood for Blood","Armaments","Immolate","Double Tap","Armaments","Impervious","Pommel Strike","Armaments","Finesse","Headbutt","Clash","Power Through","Dramatic Entrance","Dual Wield","Reckless Charge","Clash"],"max_hp_per_floor":[88,88,88,88,88,88,88,88,102,102,102,102,102,102,102,102,102,102,102,102,102,102,102,102,102,102,102,102,102,102,102,102],"relics":["Burning Blood","Gambling Chip","Oddly Smooth Stone","Mango","Ancient Tea Set","Black Star","Toxic Egg","Mummified Hand","Bottled Flame","Tiny Chest"],"campfire_meditates":0,"card_choices":[{"not_picked":["Sword Boomerang","Armaments"],"picked":"Pommel Strike"},{"not_picked":["Clothesline","Cleave"],"picked":"Warcry"},{"not_picked":["Uppercut","Iron Wave"],"picked":"Clash"},{"not_picked":["Wild Strike","Exhume"],"picked":"Blood for Blood"},{"not_picked":["Shrug It Off","Searing Blow"],"picked":"Armaments"},{"not_picked":["Perfected Strike","Dual Wield"],"picked":"Double Tap"},{"not_picked":["Perfected Strike","Body Slam"],"picked":"Armaments"},{"not_picked":["Bludgeon","Juggernaut"],"picked":"Impervious"},{"not_picked":["Havoc","Sever Soul"],"picked":"Pommel Strike"},{"not_picked":["Whirlwind","Wild Strike"],"picked":"Armaments"},{"not_picked":["Warcry","Flex"],"picked":"Headbutt"},{"not_picked":["Wild Strike","Cleave"],"picked":"Clash"},{"not_picked":["Whirlwind","Pommel Strike"],"picked":"Power Through"},{"not_picked":["True Grit","Double Tap"],"picked":"Reckless Charge"},{"not_picked":["Body Slam","Warcry"],"picked":"Clash"}],"player_experience":65766,"potions_floor_usage":[13,13,21,25,25,25,31,31,33,33],"damage_taken":[{"damage":0,"enemies":"Small Slimes","floor":1,"turns":3},{"damage":6,"enemies":"Cultist","floor":3,"turns":3},{"damage":0,"enemies":"2 Louse","floor":5,"turns":2},{"damage":35,"enemies":"Gremlin Nob","floor":6,"turns":5},{"damage":5,"enemies":"Looter","floor":8,"turns":3},{"damage":4,"enemies":"Exordium Thugs","floor":10,"turns":4},{"damage":12,"enemies":"3 Sentries","floor":13,"turns":5},{"damage":6,"enemies":"2 Fungi Beasts","floor":14,"turns":3},{"damage":41,"enemies":"The Guardian","floor":16,"turns":8},{"damage":38,"enemies":"Shell Parasite","floor":18,"turns":8},{"damage":26,"enemies":"3 Byrds","floor":19,"turns":7},{"damage":27,"enemies":"Sentry and Sphere","floor":21,"turns":8},{"damage":27,"enemies":"3 Cultists","floor":24,"turns":6},{"damage":42,"enemies":"Slavers","floor":25,"turns":10},{"damage":15,"enemies":"Centurion and Healer","floor":28,"turns":7},{"damage":21,"enemies":"Snake Plant","floor":30,"turns":4},{"damage":10,"enemies":"Snecko","floor":31,"turns":6},{"damage":50,"enemies":"Champ","floor":33,"turns":12}],"event_choices":[{"event_name":"The Cleric","player_choice":"Leave","floor":2,"damage_taken":0},{"event_name":"Shining Light","player_choice":"Entered Light","floor":7,"damage_taken":0},{"event_name":"Match and Keep!","player_choice":"1 cards matched","floor":12,"damage_taken":0}],"boss_relics":[{"not_picked":["Cursed Key","Tiny House"],"picked":"Black Star"}],"potions_floor_spawned":[6,8,14,16,21,25,28,31],"seed_played":"-6634086251376589927","killed_by":"Champ","is_trial":false}