{"gold_per_floor":[118,130,148,148,161,194,194,194,194,45,45,63,83,117,117,220,270,284,31,31,41,54,79,79,106,106,116,136,136],"floor_reached":29,"playtime":2444,"items_purged":["Defend_B","Strike_B"],"score":277,"play_id":"9bc33cff-7f0d-4535-be41-222fe9ca1467","local_time":"20190131223348","is_ascension_mode":false,"campfire_choices":[{"floor":7,"key":"REST"},{"floor":11,"key":"REST"},{"floor":15,"key":"REST"},{"floor":24,"key":"REST"}],"neow_cost":"TEN_PERCENT_HP_LOSS","seed_source_timestamp":256684521884265,"circlet_count":0,"master_deck":["Strike_B+1","Defend_B","Defend_B","Zap","Dualcast","Gash+1","Rip and Tear+1","FTL","Static Discharge+1","Gash+1","Genetic Algorithm","Static Discharge","Gash","Self Repair","Amplify+1","Static Discharge+1"],"relics":["Cracked Core","Ancient Tea Set","Whetstone","Gremlin Horn","Tiny House","Lantern","Toxic Egg 2","PreservedInsect","Nunchaku"],"potions_floor_usage":[27,28,29],"damage_taken":[{"damage":0,"enemies":"Small Slimes","floor":1,"turns":3},{"damage":1,"enemies":"Jaw Worm","floor":2,"turns":2},{"damage":0,"enemies":"2 Louse","floor":3,"turns":1},{"damage":16,"enemies":"Exordium Wildlife","floor":5,"turns":4},{"damage":22,"enemies":"Gremlin Nob","floor":6,"turns":4},{"damage":7,"enemies":"2 Fungi Beasts","floor":12,"turns":2},{"damage":0,"enemies":"Blue Slaver","floor":13,"turns":1},{"damage":14,"enemies":"3 Sentries","floor":14,"turns":3},{"damage":25,"enemies":"The Guardian","floor":16,"turns":7},{"damage":5,"enemies":"Chosen","floor":18,"turns":4},{"damage":4,"enemies":"3 Byrds","floor":21,"turns":1},{"damage":11,"enemies":"Snake Plant","floor":22,"turns":3},{"damage":24,"enemies":"Book of Stabbing","floor":23,"turns":3},{"damage":28,"enemies":"Slavers","floor":25,"turns":3},{"damage":27,"enemies":"Shelled Parasite and Fungi","floor":27,"turns":4},{"damage":15,"enemies":"Centurion and Healer","floor":28,"turns":4},{"damage":11,"enemies":"Snecko","floor":29,"turns":2}],"seed_played":"-5150168414489712690","potions_obtained":[{"floor":2,"key":"SkillPotion"},{"floor":3,"key":"Swift Potion"},{"floor":5,"key":"FearPotion"},{"floor":14,"key":"LiquidBronze"},{"floor":17,"key":"PowerPotion"},{"floor":27,"key":"Weak Potion"}],"is_trial":false,"path_per_floor":["?","?","?"],"character_chosen":"DEFECT","items_purchased":["Genetic Algorithm","Lantern"],"campfire_rested":4,"item_purchase_floors":[10,19],"current_hp_per_floor":[68,67,67,67,51,29,49,35,35,35,55,48,48,34,54,29,73,68,68,68,64,53,29,50,29,29,16,8,0],"gold":136,"neow_bonus":"TRANSFORM_TWO_CARDS","is_prod":false,"is_daily":false,"chose_seed":false,"campfire_upgraded":0,"win_rate":0.0,"timestamp":1548992028,"path_taken":["M","M","M","?","M","E","R","?","T","$","R","M","M","E","R","BOSS","M","$","?","M","M","E","R","E","T","M","M","M"],"build_version":"2019-01-23","purchased_purges":2,"victory":false,"max_hp_per_floor":[68,68,68,68,68,68,68,68,68,68,68,68,68,68,68,68,73,73,73,73,73,73,73,73,73,73,73,73,73],"card_choices":[{"not_picked":["Rebound","Glacier"],"picked":"FTL","floor":1},{"not_picked":["Stack","Beam Cell"],"picked":"Static Discharge","floor":2},{"not_picked":["Turbo","Streamline","Steam"],"picked":"SKIP","floor":3},{"not_picked":["Static Discharge","Leap"],"picked":"Gash","floor":5},{"not_picked":["Steam","Core Surge","Steam Power"],"picked":"SKIP","floor":6},{"not_picked":["Beam Cell","Reinforced Body","Steam"],"picked":"SKIP","floor":12},{"not_picked":["Redo","Rip and Tear","Steam Power"],"picked":"SKIP","floor":13},{"not_picked":["Skim","Rainbow","Steam"],"picked":"SKIP","floor":14},{"not_picked":["Compile Driver","Fusion"],"picked":"Static Discharge","floor":17},{"not_picked":["Steam","Barrage","Coolheaded"],"picked":"SKIP","floor":18},{"not_picked":["Hologram","Reprogram+1","Redo"],"picked":"SKIP","floor":21},{"not_picked":["Leap","Double Energy","Conserve Battery"],"picked":"SKIP","floor":22},{"not_picked":["Streamline","Aggregate"],"picked":"Self Repair","floor":23},{"not_picked":["Leap+1","Compile Driver"],"picked":"Amplify+1","floor":25},{"not_picked":["Lockon","Barrage"],"picked":"Static Discharge+1","floor":27},{"not_picked":["Beam Cell+1","Reprogram+1","Compile Driver+1"],"picked":"SKIP","floor":28}],"player_experience":104760,"relics_obtained":[{"floor":6,"key":"Ancient Tea Set"},{"floor":9,"key":"Whetstone"},{"floor":14,"key":"Gremlin Horn"},{"floor":23,"key":"Toxic Egg 2"},{"floor":25,"key":"PreservedInsect"},{"floor":26,"key":"Nunchaku"}],"event_choices":[{"cards_removed":["Defend_B"],"damage_healed":0,"gold_gain":0,"player_choice":"Forget","damage_taken":0,"max_hp_gain":0,"max_hp_loss":0,"event_name":"Living Wall","floor":4,"gold_loss":0},{"damage_healed":0,"gold_gain":0,"player_choice":"Entered Light","damage_taken":14,"max_hp_gain":0,"max_hp_loss":0,"event_name":"Shining Light","floor":8,"gold_loss":0,"cards_upgraded":["Static Discharge","Gash"]},{"damage_healed":0,"gold_gain":0,"player_choice":"Read","damage_taken":0,"max_hp_gain":0,"max_hp_loss":0,"event_name":"The Library","floor":20,"gold_loss":0,"cards_obtained":["Gash"]}],"is_beta":false,"boss_relics":[{"not_picked":["Eternal Feather","Cursed Key"],"picked":"Tiny House"}],"items_purged_floors":[10,19],"is_endless":false,"potions_floor_spawned":[2,3,5,14,21,25,27],"killed_by":"Snecko","ascension_level":0}