{"gold_per_floor":[116,131,131,131,131,131,83,117,129,141,187,199,189,219,231,243],"floor_reached":16,"playtime":317,"items_purged":[],"score":210,"play_id":"5ca0b3ad-8a38-4742-80d8-32cfa840064b","local_time":"20190101105701","is_ascension_mode":true,"campfire_choices":[{"data":"Bash","floor":6,"key":"SMITH"},{"data":"Corruption","floor":10,"key":"SMITH"},{"floor":15,"key":"REST"}],"neow_cost":"NONE","seed_source_timestamp":1093147429714524,"circlet_count":0,"master_deck":["AscendersBane","Strike_R","Strike_R+1","Strike_R","Strike_R","Strike_R","Defend_R","Defend_R","Defend_R+1","Defend_R","Bash+1","Shrug It Off+1","Shrug It Off","Injury","Twin Strike","Corruption+1","Dropkick","Twin Strike"],"relics":["Burning Blood","NeowsBlessing","Golden Idol","MawBank","Singing Bowl","Ornamental Fan"],"potions_floor_usage":[16],"damage_taken":[{"damage":0,"enemies":"Jaw Worm","floor":1,"turns":1},{"damage":0,"enemies":"Small Slimes","floor":2,"turns":1},{"damage":0,"enemies":"Gremlin Nob","floor":8,"turns":1},{"damage":38,"enemies":"Lagavulin","floor":11,"turns":8},{"damage":1,"enemies":"2 Louse","floor":14,"turns":4},{"damage":67,"enemies":"Hexaghost","floor":16,"turns":9}],"seed_played":"-1993913761400986488","potions_obtained":[{"floor":1,"key":"Strength Potion"}],"is_trial":false,"path_per_floor":["M","M","?","?","?","R","$","E","T","R","E","?","?","M","R","B"],"character_chosen":"IRONCLAD","items_purchased":["Twin Strike"],"campfire_rested":1,"item_purchase_floors":[7],"current_hp_per_floor":[78,80,80,64,64,64,64,70,70,70,38,38,38,43,67,0],"gold":243,"neow_bonus":"THREE_ENEMY_KILL","is_prod":false,"is_daily":false,"chose_seed":false,"campfire_upgraded":2,"win_rate":0,"timestamp":1546365421,"path_taken":["M","M","?","?","?","R","$","E","T","R","E","?","?","M","R","BOSS"],"build_version":"2018-12-20","purchased_purges":0,"victory":false,"max_hp_per_floor":[80,80,80,80,80,80,80,80,80,80,80,80,80,80,80,80],"card_choices":[{"not_picked":["Flex","Reckless Charge"],"picked":"Shrug It Off","floor":1},{"not_picked":["Armaments","Headbutt"],"picked":"Shrug It Off","floor":2},{"not_picked":["True Grit","Carnage"],"picked":"Corruption","floor":8},{"not_picked":["Shockwave","Double Tap"],"picked":"Dropkick","floor":11},{"not_picked":["Iron Wave","Warcry"],"picked":"Twin Strike","floor":14}],"player_experience":1220244,"relics_obtained":[{"floor":8,"key":"MawBank"},{"floor":9,"key":"Singing Bowl"},{"floor":11,"key":"Ornamental Fan"}],"event_choices":[{"damage_healed":0,"gold_gain":0,"player_choice":"Take Wound","damage_taken":0,"relics_obtained":["Golden Idol"],"max_hp_gain":0,"max_hp_loss":0,"event_name":"Golden Idol","floor":3,"gold_loss":0,"cards_obtained":["Injury"]},{"damage_healed":0,"gold_gain":0,"player_choice":"Entered Light","damage_taken":16,"max_hp_gain":0,"max_hp_loss":0,"event_name":"Shining Light","floor":4,"gold_loss":0,"cards_upgraded":["Strike_R","Defend_R"]},{"damage_healed":0,"gold_gain":0,"player_choice":"Ignored","damage_taken":0,"max_hp_gain":0,"max_hp_loss":0,"event_name":"Golden Wing","floor":5,"gold_loss":0},{"damage_healed":0,"gold_gain":0,"player_choice":"Grow","damage_taken":0,"max_hp_gain":0,"max_hp_loss":0,"event_name":"Living Wall","floor":12,"gold_loss":0,"cards_upgraded":["Shrug It Off"]},{"damage_healed":0,"gold_gain":0,"player_choice":"Left Gold","damage_taken":0,"max_hp_gain":0,"max_hp_loss":0,"event_name":"World of Goop","floor":13,"gold_loss":22}],"is_beta":false,"boss_relics":[],"items_purged_floors":[],"is_endless":false,"potions_floor_spawned":[1],"killed_by":"Hexaghost","ascension_level":12}