{"gold_per_floor":[112,112,125,125,144,144,158,172,172,172,184,46,46,65,65,166,166,176,176,192,220,230,230,249,259,259,17,17,28,28,55,55,55],"floor_reached":33,"playtime":3584,"items_purged":[],"score":261,"play_id":"1830c3b3-a764-4e3d-8c21-f738d460767d","local_time":"20190102214720","is_ascension_mode":false,"campfire_choices":[{"data":"Bash","floor":6.0,"key":"SMITH"},{"data":"Shockwave","floor":10.0,"key":"SMITH"},{"data":"Double Tap","floor":15.0,"key":"SMITH"},{"floor":23,"key":"REST"},{"floor":28,"key":"REST"},{"floor":32,"key":"REST"}],"neow_cost":"NONE","seed_source_timestamp":0,"circlet_count":0,"master_deck":["Strike_R","Strike_R","Strike_R","Defend_R","Defend_R","Defend_R","Defend_R","Bash+1","Flame Barrier","Flex","Burning Pact","Dropkick","Shrug It Off","Shockwave+1","Thunderclap","Uppercut","Double Tap+1","Rage","Limit Break","Iron Wave","RitualDagger","Clothesline","Cleave","Bludgeon","Dropkick","Finesse","Bludgeon","Entrench+1"],"special_seed":0,"relics":["Burning Blood","Paper Frog","Fusion Hammer","Red Mask","Pen Nib","Potion Belt","Ornamental Fan"],"potions_floor_usage":[33,33,33,33],"damage_taken":[{"damage":0.0,"enemies":"2 Louse","floor":1.0,"turns":3.0},{"damage":0.0,"enemies":"Cultist","floor":3.0,"turns":4.0},{"damage":11.0,"enemies":"Jaw Worm","floor":5.0,"turns":4.0},{"damage":0.0,"enemies":"Large Slime","floor":7.0,"turns":6.0},{"damage":12.0,"enemies":"Looter","floor":8.0,"turns":3.0},{"damage":5.0,"enemies":"Exordium Wildlife","floor":11.0,"turns":4.0},{"damage":6.0,"enemies":"Blue Slaver","floor":14.0,"turns":4.0},{"damage":44.0,"enemies":"The Guardian","floor":16.0,"turns":14.0},{"damage":23.0,"enemies":"2 Thieves","floor":18.0,"turns":4.0},{"damage":9.0,"enemies":"3 Byrds","floor":20.0,"turns":5.0},{"damage":9.0,"enemies":"Masked Bandits","floor":21.0,"turns":4.0},{"damage":15.0,"enemies":"Snake Plant","floor":22.0,"turns":3.0},{"damage":12,"enemies":"Centurion and Healer","floor":24,"turns":5},{"damage":1,"enemies":"Snecko","floor":25,"turns":4},{"damage":2,"enemies":"Snake Plant","floor":29,"turns":2},{"damage":10,"enemies":"Gremlin Leader","floor":31,"turns":4},{"damage":87,"enemies":"Collector","floor":33,"turns":8}],"seed_played":"-5872982657803057807","potions_obtained":[{"floor":7.0,"key":"Swift Potion"},{"floor":11.0,"key":"FearPotion"},{"floor":14.0,"key":"LiquidBronze"},{"floor":16.0,"key":"Fire Potion"},{"floor":18.0,"key":"Poison Potion"},{"floor":29,"key":"Poison Potion"},{"floor":31,"key":"Poison Potion"}],"is_trial":false,"path_per_floor":["M","?","M","?","M","R","M","M","T","R","M","$","?","M","R","B",null,"M","?","M","?","M","R","M","M","T","$","R","M","?","E","R","B"],"character_chosen":"IRONCLAD","items_purchased":["Uppercut","Double Tap","Finesse","Potion Belt"],"campfire_rested":3,"item_purchase_floors":[12,12,27,27],"current_hp_per_floor":[80,80,80,80,75,75,80,74,74,74,75,75,80,80,80,42,85,68,62,59,56,47,72,66,71,71,71,85,85,85,81,85,0],"gold":55,"neow_bonus":"THREE_CARDS","is_prod":false,"is_daily":false,"chose_seed":false,"campfire_upgraded":3,"win_rate":0.0,"timestamp":1546487240,"path_taken":["M","?","?","?","?","R","M","M","T","R","M","$","?","M","R","BOSS","M","?","M","?","M","R","M","M","T","?","R","?","?","E","R","BOSS"],"build_version":"2018-12-20","purchased_purges":0,"victory":false,"max_hp_per_floor":[80,80,80,80,80,80,80,80,80,80,80,80,85,85,85,85,85,85,85,85,85,85,85,85,85,85,85,85,85,85,85,85,85],"card_choices":[{"not_picked":["Perfected Strike","Headbutt"],"picked":"Flame Barrier","floor":0.0},{"not_picked":["Clothesline","Sever Soul"],"picked":"Flex","floor":1.0},{"not_picked":["Flame Barrier","Warcry"],"picked":"Burning Pact","floor":3.0},{"not_picked":["Shrug It Off","Anger"],"picked":"Dropkick","floor":5.0},{"not_picked":["Heavy Blade","Clothesline"],"picked":"Shrug It Off","floor":7.0},{"not_picked":["Iron Wave","Twin Strike"],"picked":"Shockwave","floor":8.0},{"not_picked":["Clash","True Grit"],"picked":"Thunderclap","floor":11.0},{"not_picked":["Flex","True Grit"],"picked":"Rage","floor":14.0},{"not_picked":["Reaper","Dark Embrace"],"picked":"Limit Break","floor":16.0},{"not_picked":["Entrench","Combust"],"picked":"Iron Wave","floor":18.0},{"not_picked":["Clash","Carnage"],"picked":"Clothesline","floor":20.0},{"not_picked":["Flex","Pommel Strike"],"picked":"Cleave","floor":21.0},{"not_picked":["Cleave","Second Wind"],"picked":"Bludgeon","floor":22.0},{"not_picked":["Sword Boomerang","True Grit","Clash"],"picked":"SKIP","floor":24},{"not_picked":["Perfected Strike","Body Slam"],"picked":"Dropkick","floor":25},{"not_picked":["Flame Barrier+1","Iron Wave"],"picked":"Bludgeon","floor":29},{"not_picked":["Shrug It Off","Sever Soul+1"],"picked":"Entrench+1","floor":31}],"player_experience":8399,"relics_obtained":[{"floor":9.0,"key":"Paper Frog"},{"floor":21.0,"key":"Red Mask"},{"floor":26,"key":"Pen Nib"},{"floor":31,"key":"Ornamental Fan"}],"event_choices":[{"cards_removed":["Strike_R"],"damage_healed":0.0,"max_hp_gain":0.0,"max_hp_loss":0.0,"gold_gain":0.0,"event_name":"Bonfire Elementals","player_choice":"Offered Basic","floor":2.0,"gold_loss":0.0,"damage_taken":0.0},{"cards_removed":["Strike_R"],"damage_healed":0.0,"max_hp_gain":0.0,"max_hp_loss":0.0,"gold_gain":0.0,"event_name":"Wheel of Change","player_choice":"Card Removal","floor":4.0,"gold_loss":0.0,"damage_taken":0.0},{"damage_healed":0.0,"max_hp_gain":5.0,"max_hp_loss":0.0,"gold_gain":0.0,"event_name":"Big Fish","player_choice":"Donut","floor":13.0,"gold_loss":0.0,"damage_taken":0.0},{"damage_healed":0.0,"max_hp_gain":0.0,"max_hp_loss":0.0,"gold_gain":0.0,"event_name":"Nest","player_choice":"Joined the Cult","floor":19.0,"gold_loss":0.0,"damage_taken":6.0,"cards_obtained":["RitualDagger"]},{"damage_healed":0.0,"max_hp_gain":0.0,"max_hp_loss":0.0,"gold_gain":0.0,"event_name":"Masked Bandits","player_choice":"Fought Bandits","floor":21.0,"gold_loss":0.0,"damage_taken":0.0}],"is_beta":false,"boss_relics":[{"not_picked":["Snecko Eye","Lizard Tail"],"picked":"Fusion Hammer"}],"items_purged_floors":[],"is_endless":false,"potions_floor_spawned":[7,11,14,16,18,29,31],"killed_by":"Collector","ascension_level":0}