{"gold_per_floor":[113,113,130,305,305,331,64,92,172,172,189,189,221,221,221,221],"floor_reached":16,"playtime":346,"items_purged":[],"score":197,"play_id":"0a85213b-6eb1-4ce3-ab68-ad435b0b6d29","local_time":"20181102125731","is_ascension_mode":true,"campfire_choices":[{"data":"Perfected Strike","floor":10,"key":"SMITH"},{"floor":15,"key":"REST"}],"neow_cost":"NONE","seed_source_timestamp":1970415776154710,"circlet_count":0,"master_deck":["Strike_R","Strike_R","Strike_R","Strike_R+1","Strike_R+1","Defend_R","Defend_R","Defend_R","Bash","Perfected Strike+1","Rage+1","Doubt","Body Slam","Seeing Red","Iron Wave","Wild Strike"],"relics":["Burning Blood","NeowsBlessing","Whetstone","Omamori","Tiny Chest","Lantern","Ornamental Fan","Juzu Bracelet"],"potions_floor_usage":[8,8,8,16],"damage_taken":[{"damage":0,"enemies":"2 Louse","floor":1,"turns":1},{"damage":0,"enemies":"Cultist","floor":3,"turns":1},{"damage":0,"enemies":"Gremlin Nob","floor":6,"turns":1},{"damage":36,"enemies":"Lagavulin","floor":8,"turns":6},{"damage":10,"enemies":"Small Slimes","floor":11,"turns":3},{"damage":16,"enemies":"Gremlin Nob","floor":13,"turns":3},{"damage":75,"enemies":"Slime Boss","floor":16,"turns":11}],"seed_played":"-2178510391197680653","potions_obtained":[{"floor":3,"key":"SneckoOil"},{"floor":5,"key":"Weak Potion"},{"floor":5,"key":"AttackPotion"},{"floor":8,"key":"Fire Potion"}],"is_trial":false,"path_per_floor":["M","?","M","?","?","E","$","E","T","R","M","?","E","$","R","B"],"character_chosen":"IRONCLAD","items_purchased":["Omamori","Tiny Chest"],"campfire_rested":1,"item_purchase_floors":[7,7],"current_hp_per_floor":[78,78,80,80,80,80,80,50,50,50,46,46,36,36,60,0],"gold":221,"neow_bonus":"THREE_ENEMY_KILL","is_prod":false,"is_daily":false,"chose_seed":false,"campfire_upgraded":1,"win_rate":0,"timestamp":1541185051,"path_taken":["M","?","?","?","?","E","$","E","T","R","?","?","E","$","R","BOSS"],"build_version":"2018-11-01","purchased_purges":0,"victory":false,"max_hp_per_floor":[80,80,80,80,80,80,80,80,80,80,80,80,80,80,80,80],"card_choices":[{"not_picked":["Clash","Sword Boomerang"],"picked":"Perfected Strike","floor":1},{"not_picked":["Pummel","Clothesline"],"picked":"Rage","floor":3},{"not_picked":["Brutality","Carnage"],"picked":"Body Slam","floor":6},{"not_picked":["Fire Breathing","Shockwave"],"picked":"Seeing Red","floor":8},{"not_picked":["Dual Wield","Havoc"],"picked":"Iron Wave","floor":11},{"not_picked":["Offering","True Grit"],"picked":"Wild Strike","floor":13}],"player_experience":994163,"relics_obtained":[{"floor":6,"key":"Whetstone"},{"floor":8,"key":"Lantern"},{"floor":9,"key":"Ornamental Fan"},{"floor":13,"key":"Juzu Bracelet"}],"event_choices":[{"cards_removed":["Defend_R"],"damage_healed":0,"gold_gain":0,"player_choice":"Purged","damage_taken":0,"max_hp_gain":0,"max_hp_loss":0,"event_name":"Purifier","floor":2,"gold_loss":0},{"damage_healed":0,"gold_gain":175,"player_choice":"AGREE","damage_taken":0,"max_hp_gain":0,"max_hp_loss":0,"event_name":"Liars Game","floor":4,"gold_loss":0,"cards_obtained":["Doubt"]},{"damage_healed":0,"gold_gain":0,"player_choice":"Got Potions","damage_taken":0,"max_hp_gain":0,"max_hp_loss":0,"event_name":"Lab","floor":5,"gold_loss":0},{"damage_healed":0,"gold_gain":0,"player_choice":"Grow","damage_taken":0,"max_hp_gain":0,"max_hp_loss":0,"event_name":"Living Wall","floor":12,"gold_loss":0,"cards_upgraded":["Rage"]}],"is_beta":false,"boss_relics":[],"items_purged_floors":[],"is_endless":false,"potions_floor_spawned":[3,6,8],"killed_by":"Slime Boss","ascension_level":8}