{"gold_per_floor":[111,111,131,145,70,70,105,55,55,16,16,16,16],"floor_reached":13,"playtime":328,"items_purged":["Strike_R"],"score":85,"play_id":"529dc78c-799c-47f1-a837-34471c3a32c9","local_time":"20190107214035","is_ascension_mode":true,"campfire_choices":[{"data":"Headbutt","floor":6,"key":"SMITH"},{"floor":11,"key":"REST"}],"neow_cost":"NONE","seed_source_timestamp":537605965769478,"circlet_count":0,"master_deck":["Strike_R+1","Strike_R","Strike_R","Defend_R+1","Defend_R","Defend_R","Bash","Headbutt+1"],"relics":["Burning Blood","Pantograph","Paper Frog"],"potions_floor_usage":[],"damage_taken":[{"damage":6,"enemies":"2 Louse","floor":1,"turns":3},{"damage":5,"enemies":"Jaw Worm","floor":3,"turns":3},{"damage":5,"enemies":"Cultist","floor":4,"turns":4},{"damage":44,"enemies":"Lagavulin","floor":7,"turns":7},{"damage":12,"enemies":"Exordium Thugs","floor":13,"turns":3}],"seed_played":"8876244705388730625","potions_obtained":[{"floor":1,"key":"Block Potion"}],"is_trial":false,"path_per_floor":["M","?","M","M","$","R","E","?","T","?","R","$","M"],"character_chosen":"IRONCLAD","items_purchased":[],"campfire_rested":1,"item_purchase_floors":[],"current_hp_per_floor":[80,64,65,66,66,66,28,28,28,28,52,52,40],"gold":16,"neow_bonus":"REMOVE_CARD","is_prod":false,"is_daily":false,"chose_seed":false,"campfire_upgraded":1,"win_rate":0,"timestamp":1546926035,"path_taken":["M","?","M","M","$","R","E","?","T","?","R","?","?"],"build_version":"2019-01-03v4","purchased_purges":1,"victory":false,"max_hp_per_floor":[80,80,80,80,80,80,80,80,80,80,80,80,80],"card_choices":[{"not_picked":["Battle Trance","Cleave","Fire Breathing"],"picked":"SKIP","floor":1},{"not_picked":["Perfected Strike","Pommel Strike"],"picked":"Headbutt","floor":3},{"not_picked":["Warcry","Uppercut","Headbutt"],"picked":"SKIP","floor":4},{"not_picked":["Warcry","True Grit","Twin Strike"],"picked":"SKIP","floor":7}],"player_experience":164837,"relics_obtained":[{"floor":7,"key":"Pantograph"},{"floor":9,"key":"Paper Frog"}],"event_choices":[{"damage_healed":0,"gold_gain":0,"player_choice":"Entered Light","damage_taken":16,"max_hp_gain":0,"max_hp_loss":0,"event_name":"Shining Light","floor":2,"gold_loss":0,"cards_upgraded":["Strike_R","Defend_R"]},{"cards_removed":["Defend_R"],"damage_healed":0,"gold_gain":0,"player_choice":"Card Removal","damage_taken":0,"max_hp_gain":0,"max_hp_loss":0,"event_name":"The Cleric","floor":8,"gold_loss":50},{"damage_healed":0,"gold_gain":0,"player_choice":"Left Gold","damage_taken":0,"max_hp_gain":0,"max_hp_loss":0,"event_name":"World of Goop","floor":10,"gold_loss":39}],"is_beta":false,"boss_relics":[],"items_purged_floors":[5],"is_endless":false,"potions_floor_spawned":[1],"killed_by":"Exordium Thugs","ascension_level":1}