{"gold_per_floor":[362,362,362,376,391,391,407,407,459,484,498,510,540,715,715,715],"floor_reached":16,"playtime":455,"items_purged":[],"score":137,"play_id":"5cfa9ce8-86f0-48c2-aea6-8a73dda50f14","local_time":"20190118205551","is_ascension_mode":false,"campfire_choices":[{"data":"Consume","floor":6,"key":"SMITH"},{"data":"FTL","floor":8,"key":"SMITH"},{"floor":15,"key":"REST"}],"neow_cost":"PERCENT_DAMAGE","seed_source_timestamp":30474705748563,"circlet_count":0,"master_deck":["Strike_B","Strike_B+1","Strike_B+1","Defend_B","Defend_B","Defend_B","Defend_B","Zap+1","Dualcast","Lockon+1","FTL+1","Chill","Consume+1","Conserve Battery","Self Repair","Leap","Leap","Reboot","Doubt"],"relics":["Cracked Core","Whetstone","Boot","Juzu Bracelet"],"potions_floor_usage":[13,13,16,16],"damage_taken":[{"damage":0,"enemies":"Small Slimes","floor":1,"turns":2},{"damage":0,"enemies":"Cultist","floor":4,"turns":2},{"damage":0,"enemies":"2 Louse","floor":5,"turns":2},{"damage":1,"enemies":"Exordium Thugs","floor":7,"turns":3},{"damage":0,"enemies":"3 Sentries","floor":10,"turns":7},{"damage":5,"enemies":"3 Louse","floor":11,"turns":2},{"damage":0,"enemies":"Blue Slaver","floor":12,"turns":3},{"damage":36,"enemies":"Gremlin Nob","floor":13,"turns":4},{"damage":34,"enemies":"Hexaghost","floor":16,"turns":9}],"seed_played":"-3563288106564194256","potions_obtained":[{"floor":5,"key":"SteroidPotion"},{"floor":7,"key":"GamblersBrew"},{"floor":10,"key":"EssenceOfSteel"},{"floor":13,"key":"SkillPotion"}],"is_trial":false,"path_per_floor":["M","?","?","M","M","R","M","R","T","E","M","M","E","?","R","B"],"character_chosen":"DEFECT","items_purchased":[],"campfire_rested":1,"item_purchase_floors":[],"current_hp_per_floor":[54,39,39,39,39,39,38,38,38,38,33,40,11,11,33,0],"gold":715,"neow_bonus":"TWO_FIFTY_GOLD","is_prod":false,"is_daily":false,"chose_seed":false,"campfire_upgraded":2,"win_rate":0,"timestamp":1547862951,"path_taken":["M","?","?","?","M","R","M","R","T","E","M","M","E","?","R","BOSS"],"build_version":"2019-01-17","purchased_purges":0,"victory":false,"max_hp_per_floor":[75,75,75,75,75,75,75,75,75,75,75,75,75,75,75,75],"card_choices":[{"not_picked":["Barrage","Streamline"],"picked":"Lockon","floor":1},{"not_picked":["Reinforced Body","Recycle"],"picked":"Chill","floor":4},{"not_picked":["Compile Driver","Barrage"],"picked":"Consume","floor":5},{"not_picked":["Force Field","Stack"],"picked":"Conserve Battery","floor":7},{"not_picked":["Leap","Thunder Strike"],"picked":"Self Repair","floor":10},{"not_picked":["Streamline","Compile Driver"],"picked":"Leap","floor":11},{"not_picked":["Rebound","Streamline"],"picked":"Leap","floor":12},{"not_picked":["Steam","Skim"],"picked":"Reboot","floor":13}],"player_experience":511752,"relics_obtained":[{"floor":9,"key":"Whetstone"},{"floor":10,"key":"Boot"},{"floor":13,"key":"Juzu Bracelet"}],"event_choices":[{"damage_healed":0,"gold_gain":0,"player_choice":"Entered Light","damage_taken":15,"max_hp_gain":0,"max_hp_loss":0,"event_name":"Shining Light","floor":2,"gold_loss":0,"cards_upgraded":["Zap","Lockon"]},{"damage_healed":0,"gold_gain":0,"cards_transformed":["Strike_B"],"player_choice":"Transformed","damage_taken":0,"max_hp_gain":0,"max_hp_loss":0,"event_name":"Transmorgrifier","floor":3,"gold_loss":0,"cards_obtained":["FTL"]},{"damage_healed":0,"gold_gain":175,"player_choice":"AGREE","damage_taken":0,"max_hp_gain":0,"max_hp_loss":0,"event_name":"Liars Game","floor":14,"gold_loss":0,"cards_obtained":["Doubt"]}],"is_beta":true,"boss_relics":[],"items_purged_floors":[],"is_endless":false,"potions_floor_spawned":[5,7,10,13],"killed_by":"Hexaghost","ascension_level":0}