{"gold_per_floor":[118,131,131,146,165,165,183,210,210,236,26,26,101,120,120,193,193,209,209],"floor_reached":19,"playtime":794,"items_purged":[],"score":340,"play_id":"a3c1cdaf-d6d4-4df6-a816-dd9229b07aea","local_time":"20190410151843","is_ascension_mode":true,"campfire_choices":[{"data":"Neutralize","floor":6,"key":"SMITH"},{"floor":12,"key":"REST"},{"floor":15,"key":"REST"}],"neow_cost":"NONE","seed_source_timestamp":2217041441318836,"circlet_count":0,"master_deck":["AscendersBane","Defend_G","Defend_G","Defend_G","Defend_G","Defend_G","Strike_G","Strike_G","Strike_G","Strike_G","Strike_G","Survivor","Neutralize+1","Poisoned Stab","Dagger Throw","Infinite Blades","Bouncing Flask","Deadly Poison","Bullet Time","Noxious Fumes","Escape Plan","Malaise"],"relics":["Ring of the Snake","NeowsBlessing","CultistMask","Paper Crane","Kunai","Turnip","Busted Crown"],"potions_floor_usage":[10,14,14,16],"damage_taken":[{"damage":0,"enemies":"Cultist","floor":1,"turns":1},{"damage":0,"enemies":"Small Slimes","floor":2,"turns":1},{"damage":0,"enemies":"2 Louse","floor":4,"turns":1},{"damage":16,"enemies":"Red Slaver","floor":5,"turns":4},{"damage":4,"enemies":"2 Fungi Beasts","floor":7,"turns":4},{"damage":29,"enemies":"Gremlin Nob","floor":8,"turns":4},{"damage":3,"enemies":"Lagavulin","floor":10,"turns":5},{"damage":9,"enemies":"Lots of Slimes","floor":14,"turns":5},{"damage":14,"enemies":"The Guardian","floor":16,"turns":9},{"damage":0,"enemies":"Spheric Guardian","floor":18,"turns":4},{"damage":53,"enemies":"Masked Bandits","floor":19,"turns":4}],"seed_played":"2747553372156335562","potions_obtained":[{"floor":1,"key":"Swift Potion"},{"floor":8,"key":"EssenceOfSteel"},{"floor":14,"key":"PowerPotion"}],"is_trial":false,"path_per_floor":["M","?","M","$","?","?"],"character_chosen":"THE_SILENT","items_purchased":["Noxious Fumes","Escape Plan","GhostInAJar"],"campfire_rested":2,"item_purchase_floors":[11,11,11],"current_hp_per_floor":[59,59,59,59,43,43,39,10,10,7,7,26,15,6,25,11,52,52,0],"gold":209,"neow_bonus":"THREE_ENEMY_KILL","is_prod":false,"is_daily":false,"chose_seed":false,"campfire_upgraded":1,"win_rate":0,"timestamp":1554923923,"path_taken":["M","?","?","?","M","R","M","E","T","E","?","R","?","M","R","BOSS","M","?"],"build_version":"2019-01-23","purchased_purges":0,"victory":false,"max_hp_per_floor":[66,66,66,66,66,66,66,66,66,66,66,66,66,66,66,66,66,66,66],"card_choices":[{"not_picked":["Dodge and Roll","Deflect","Blade Dance"],"picked":"SKIP","floor":1},{"not_picked":["Slice","Deflect"],"picked":"Poisoned Stab","floor":2},{"not_picked":["Terror","Flechettes"],"picked":"Dagger Throw","floor":4},{"not_picked":["Skewer","Bane"],"picked":"Infinite Blades","floor":5},{"not_picked":["Underhanded Strike","Bane"],"picked":"Bouncing Flask","floor":7},{"not_picked":["Burst","Accuracy"],"picked":"Deadly Poison","floor":8},{"not_picked":["Dodge and Roll","Flechettes"],"picked":"Bullet Time","floor":10},{"not_picked":["Skewer","Predator","Outmaneuver"],"picked":"SKIP","floor":14},{"not_picked":["Doppelganger","Unload"],"picked":"Malaise","floor":16},{"not_picked":["Poisoned Stab"],"picked":"SKIP","floor":18}],"player_experience":1732141,"relics_obtained":[{"floor":8,"key":"Paper Crane"},{"floor":9,"key":"Kunai"},{"floor":10,"key":"Turnip"}],"event_choices":[{"damage_healed":0,"gold_gain":0,"player_choice":"Trade","damage_taken":0,"relics_obtained":["CultistMask"],"max_hp_gain":0,"max_hp_loss":0,"event_name":"FaceTrader","floor":3,"gold_loss":0},{"damage_healed":0,"gold_gain":75,"player_choice":"Gather Gold","damage_taken":11,"max_hp_gain":0,"max_hp_loss":0,"event_name":"World of Goop","floor":13,"gold_loss":0},{"damage_healed":0,"gold_gain":0,"player_choice":"Fought Bandits","damage_taken":0,"max_hp_gain":0,"max_hp_loss":0,"event_name":"Masked Bandits","floor":19,"gold_loss":0}],"is_beta":false,"boss_relics":[{"not_picked":["Astrolabe","HoveringKite"],"picked":"Busted Crown"}],"items_purged_floors":[],"is_endless":false,"potions_floor_spawned":[1,8,14],"killed_by":"Masked Bandits","ascension_level":18}