{"path_per_floor":["M","?","M","M","M","R","E","R","T","M","M","R","?","M","R","B",null,"M","M","?","?","M"],"character_chosen":"IRONCLAD","items_purchased":[],"gold_per_floor":[113,113,128,142,162,162,189,189,189,209,229,229,194,210,210,313,313,327,341,341,341,353],"floor_reached":23,"campfire_rested":0,"playtime":1275,"current_hp_per_floor":[80,80,79,80,72,72,60,60,60,56,54,54,74,66,66,28,80,80,66,66,66,25],"items_purged":[],"gold":353,"score":195,"play_id":"33ba556f-3da5-44fb-8f53-112a4230d345","is_prod":false,"is_daily":false,"is_ascension_mode":false,"campfire_upgraded":2,"path_taken":["M","?","M","?","M","R","E","R","T","M","M","R","?","M","R","BOSS","M","M","?","?","M","E"],"build_version":"2018-02-08-PROD1","purchased_purges":0,"victory":false,"master_deck":["Strike_R","Strike_R","Strike_R","Strike_R","Defend_R","Defend_R","Defend_R","Defend_R","Bash","Juggernaut+1","Iron Wave+1","Evolve+1","Iron Wave","Inflame","Shrug It Off","Body Slam","Flame Barrier","Heavy Blade","Barricade","Shrug It Off","Dual Wield"],"max_hp_per_floor":[80,80,80,80,80,80,80,80,80,80,80,80,80,80,80,80,80,80,80,80,80,80],"relics":["Burning Blood","Ginger","Girya","Runic Dome"],"card_choices":[{"not_picked":["Twin Strike","Fire Breathing"],"picked":"Iron Wave"},{"not_picked":["Thunderclap","Dropkick"],"picked":"Evolve"},{"not_picked":["Clash","Bloodletting"],"picked":"Iron Wave"},{"not_picked":["Wild Strike","Clash"],"picked":"Inflame"},{"not_picked":["Feel No Pain","Clothesline"],"picked":"Shrug It Off"},{"not_picked":["Flame Barrier","Burning Pact"],"picked":"Body Slam"},{"not_picked":["Sword Boomerang","Pommel Strike"],"picked":"Flame Barrier"},{"not_picked":["Sever Soul","Intimidate"],"picked":"Heavy Blade"},{"not_picked":["Immolate","Double Tap"],"picked":"Barricade"},{"not_picked":["Pommel Strike","Clothesline"],"picked":"Shrug It Off"},{"not_picked":["Wild Strike","Twin Strike"],"picked":"Dual Wield"}],"player_experience":113892,"potions_floor_usage":[11,22,23,23,23],"damage_taken":[{"damage":1.0,"enemies":"2 Louse","floor":1.0,"turns":3.0},{"damage":7.0,"enemies":"Blue Slaver","floor":3.0,"turns":4.0},{"damage":1.0,"enemies":"Cultist","floor":4.0,"turns":3.0},{"damage":14.0,"enemies":"Gremlin Gang","floor":5.0,"turns":6.0},{"damage":18.0,"enemies":"Gremlin Nob","floor":7.0,"turns":5.0},{"damage":10.0,"enemies":"Looter","floor":10.0,"turns":3.0},{"damage":8,"enemies":"3 Louse","floor":11,"turns":4},{"damage":14,"enemies":"Exordium Thugs","floor":14,"turns":5},{"damage":44,"enemies":"Slime Boss","floor":16,"turns":11},{"damage":2,"enemies":"Chosen","floor":18,"turns":4},{"damage":20,"enemies":"2 Thieves","floor":19,"turns":4},{"damage":47,"enemies":"Chosen and Byrds","floor":22,"turns":7},{"damage":28,"enemies":"Slavers","floor":23,"turns":3}],"event_choices":[{"event_name":"Upgrade Shrine","player_choice":"Upgraded","floor":2.0,"damage_taken":0.0},{"event_name":"The Cleric","player_choice":"Healed","floor":13,"damage_taken":0},{"event_name":"Vampires","player_choice":"Ignored","floor":20,"damage_taken":0},{"event_name":"Beggar","player_choice":"Ignored","floor":21,"damage_taken":0}],"boss_relics":[{"not_picked":["Tiny House","Ectoplasm"],"picked":"Runic Dome"}],"potions_floor_spawned":[5,10,11,14,16,19,22],"seed_played":"-7718690966754445717","killed_by":"Slavers","ascension_level":0,"is_trial":false}