{"gold_per_floor":[114,129,144,144,8,38,53,53,78,108,123,44,59,74,74,174,174,189,204,32,32,347,377,377,392,392,422,345,360,375,420,420,520,532,559,17,32,47,47,77,92,92,117,132,147,147,162,177,177,177],"floor_reached":51,"playtime":4937,"items_purged":["Pain"],"score":914,"play_id":"63557e82-0beb-4db9-84b8-70d617a3dce5","local_time":"20180816212206","daily_mods":["Insanity","Terminal","Vintage"],"is_ascension_mode":false,"campfire_choices":[{"data":"1","floor":8,"key":"LIFT"},{"data":"2","floor":15,"key":"LIFT"},{"data":"3","floor":24,"key":"LIFT"},{"floor":32,"key":"DIG"},{"floor":42,"key":"DIG"},{"floor":49,"key":"DIG"}],"neow_cost":"","seed_source_timestamp":525955932829696,"circlet_count":0,"master_deck":["Carnage","Rage","Clothesline","Hemokinesis","Bludgeon","Reaper","Dual Wield","Flame Barrier","Sever Soul","Sword Boomerang+1","Blood for Blood","Disarm","Metallicize","Burning Pact","Ghostly Armor","Iron Wave","Body Slam","Inflame","Evolve","Seeing Red","Power Through","Bludgeon","Exhume","Havoc+1","Pommel Strike","Flex+1","Metallicize","Rupture","Fire Breathing","Feel No Pain","Feed","Second Wind","Metallicize","Flame Barrier","Rampage","Pummel","Defend_R","Ghostly Armor","Barricade","Intimidate","Immolate","Heavy Blade","Dark Embrace","Clothesline+1","Barricade","Sword Boomerang","Reckless Charge","Iron Wave","Headbutt","Whirlwind","Panacea+1","Spot Weakness+1","Clothesline","Headbutt","Armaments+1","Inflame","Reaper","Bandage Up+1","Armaments+1","Bite","Bite","Bite","Bite","Bite","Immolate","Limit Break+1","J.A.X.+1","Impervious+1","Intimidate+1","Infernal Blade+1","Havoc+1","Rage+1","Infernal Blade+1"],"special_seed":17760,"relics":["Burning Blood","Bag of Marbles","Toxic Egg 2","The Courier","Dodecahedron","Girya","Strawberry","War Paint","Gambling Chip","Darkstone Periapt","Omamori","Shovel","Matryoshka","Calling Bell","StoneCalendar","Ornamental Fan","Juzu Bracelet","Dead Branch","Happy Flower","Old Coin","Bird Faced Urn","Blue Candle","Lantern","Vajra","Art of War","Bronze Scales","Bag of Preparation","Tiny Chest","Gremlin Horn","MawBank","Eternal Feather","Boot","HandDrill","Whetstone","Anchor","Calipers","Orichalcum","FaceOfCleric","Sundial","Bottled Flame","Potion Belt","Dream Catcher","Centennial Puzzle","Frozen Egg 2","Pen Nib","Unceasing Top","Mummified Hand","Smiling Mask","Self Forming Clay"],"potions_floor_usage":[6,6,10,19,23,29,33,33,38,45,46,50],"damage_taken":[{"damage":0,"enemies":"2 Louse","floor":1,"turns":2},{"damage":1,"enemies":"Jaw Worm","floor":2,"turns":2},{"damage":0,"enemies":"Small Slimes","floor":3,"turns":2},{"damage":6,"enemies":"Gremlin Nob","floor":6,"turns":4},{"damage":0,"enemies":"Exordium Thugs","floor":7,"turns":5},{"damage":6,"enemies":"3 Sentries","floor":10,"turns":5},{"damage":0,"enemies":"3 Louse","floor":11,"turns":1},{"damage":0,"enemies":"Blue Slaver","floor":13,"turns":1},{"damage":0,"enemies":"Exordium Wildlife","floor":14,"turns":3},{"damage":1,"enemies":"Slime Boss","floor":16,"turns":11},{"damage":4,"enemies":"Spheric Guardian","floor":18,"turns":7},{"damage":1,"enemies":"2 Thieves","floor":19,"turns":3},{"damage":10,"enemies":"Chosen and Byrds","floor":22,"turns":4},{"damage":36,"enemies":"Slavers","floor":23,"turns":5},{"damage":13,"enemies":"Cultist and Chosen","floor":25,"turns":6},{"damage":5,"enemies":"Gremlin Leader","floor":27,"turns":6},{"damage":0,"enemies":"Snecko","floor":29,"turns":2},{"damage":0,"enemies":"Snake Plant","floor":30,"turns":1},{"damage":0,"enemies":"Cultist and Chosen","floor":31,"turns":3},{"damage":30,"enemies":"Collector","floor":33,"turns":6},{"damage":0,"enemies":"3 Shapes","floor":35,"turns":1},{"damage":0,"enemies":"Orb Walker","floor":37,"turns":3},{"damage":0,"enemies":"Flame Bruiser 2 Orb","floor":38,"turns":5},{"damage":0,"enemies":"Nemesis","floor":40,"turns":6},{"damage":16,"enemies":"Transient","floor":41,"turns":5},{"damage":3,"enemies":"Sphere and 2 Shapes","floor":44,"turns":1},{"damage":0,"enemies":"Maw","floor":45,"turns":6},{"damage":3,"floor":46,"turns":4},{"damage":3,"enemies":"Spire Growth","floor":47,"turns":2},{"damage":0,"enemies":"3 Darklings","floor":48,"turns":1},{"damage":3,"enemies":"Donu and Deca","floor":50,"turns":4}],"seed_played":"-944749805206435662","potions_obtained":[{"floor":1,"key":"AttackPotion"},{"floor":3,"key":"FearPotion"},{"floor":6,"key":"AttackPotion"},{"floor":10,"key":"SmokeBomb"},{"floor":13,"key":"Dexterity Potion"},{"floor":16,"key":"BloodPotion"},{"floor":18,"key":"FearPotion"},{"floor":23,"key":"BloodPotion"},{"floor":27,"key":"FearPotion"},{"floor":30,"key":"Ancient Potion"},{"floor":35,"key":"Ancient Potion"},{"floor":40,"key":"FearPotion"},{"floor":41,"key":"Energy Potion"},{"floor":46,"key":"LiquidBronze"}],"is_trial":false,"path_per_floor":["M","M","M","?","$","E","M","R","T","E","M","$","M","M","R","B",null,"M","M","$","?","M","E","R","M","T","E","?","M","M","M","R","B",null,"M","$","M","M","?","E","M","R","T","M","M","?","M","M","R","B"],"character_chosen":"IRONCLAD","items_purchased":["Panacea+1","Spot Weakness+1","Armaments+1","Inflame","Bandage Up+1","Armaments+1","HandDrill","Whetstone","Anchor","Intimidate+1","Infernal Blade+1","Havoc+1"],"campfire_rested":0,"item_purchase_floors":[5,5,12,12,20,20,36,36,36,36,36,36],"current_hp_per_floor":[78,77,76,51,51,60,73,73,73,73,75,74,73,72,71,73,78,80,79,78,53,54,47,47,46,46,53,52,51,50,52,51,50,49,48,47,46,45,44,44,35,43,42,42,45,45,48,48,47,50],"gold":177,"neow_bonus":"","is_prod":false,"is_daily":true,"chose_seed":false,"campfire_upgraded":0,"win_rate":0,"timestamp":1534476126,"path_taken":["M","M","M","?","$","E","M","R","T","E","M","$","M","M","R","BOSS","M","M","$","?","M","E","R","M","T","E","?","M","M","M","R","BOSS","M","$","M","M","?","E","M","R","T","M","M","?","M","M","R","BOSS"],"build_version":"2018-08-09","purchased_purges":1,"victory":true,"max_hp_per_floor":[78,77,76,75,74,73,79,78,77,76,75,74,73,72,71,73,78,80,79,78,53,55,54,53,52,51,53,52,51,50,52,51,50,49,48,47,46,45,44,44,44,43,42,42,45,45,48,48,47,50],"card_choices":[{"not_picked":["Body Slam","Twin Strike"],"picked":"Clothesline","floor":6},{"not_picked":["Sentinel+1","Second Wind+1"],"picked":"Headbutt","floor":10},{"not_picked":["Fiend Fire","Brutality"],"picked":"Reaper","floor":16},{"not_picked":["Thunderclap+1","Ghostly Armor+1"],"picked":"Immolate","floor":23},{"not_picked":["Anger","Armaments+1"],"picked":"Limit Break+1","floor":27},{"not_picked":["Exhume+1","Berserk"],"picked":"Impervious+1","floor":33},{"not_picked":["Uppercut","Metallicize"],"picked":"Rage+1","floor":40},{"not_picked":["Clash+1","Battle Trance+1"],"picked":"Infernal Blade+1","floor":46}],"player_experience":226835,"relics_obtained":[{"floor":1,"key":"Bag of Marbles"},{"floor":2,"key":"Toxic Egg 2"},{"floor":3,"key":"The Courier"},{"floor":6,"key":"Girya"},{"floor":7,"key":"Strawberry"},{"floor":9,"key":"War Paint"},{"floor":10,"key":"Gambling Chip"},{"floor":11,"key":"Darkstone Periapt"},{"floor":13,"key":"Omamori"},{"floor":14,"key":"Shovel"},{"floor":16,"key":"Matryoshka"},{"floor":17,"key":"StoneCalendar"},{"floor":17,"key":"Ornamental Fan"},{"floor":17,"key":"Juzu Bracelet"},{"floor":18,"key":"Dead Branch"},{"floor":19,"key":"Happy Flower"},{"floor":22,"key":"Old Coin"},{"floor":23,"key":"Bird Faced Urn"},{"floor":25,"key":"Blue Candle"},{"floor":26,"key":"Lantern"},{"floor":26,"key":"Vajra"},{"floor":27,"key":"Art of War"},{"floor":29,"key":"Bronze Scales"},{"floor":30,"key":"Bag of Preparation"},{"floor":31,"key":"Tiny Chest"},{"floor":32,"key":"Gremlin Horn"},{"floor":33,"key":"MawBank"},{"floor":35,"key":"Boot"},{"floor":37,"key":"Calipers"},{"floor":38,"key":"Orichalcum"},{"floor":40,"key":"Sundial"},{"floor":41,"key":"Bottled Flame"},{"floor":42,"key":"Potion Belt"},{"floor":43,"key":"Dream Catcher"},{"floor":43,"key":"Centennial Puzzle"},{"floor":44,"key":"Frozen Egg 2"},{"floor":45,"key":"Pen Nib"},{"floor":46,"key":"Unceasing Top"},{"floor":47,"key":"Mummified Hand"},{"floor":48,"key":"Smiling Mask"},{"floor":49,"key":"Self Forming Clay"}],"event_choices":[{"event_name":"Scrap Ooze","player_choice":"success","floor":4,"damage_taken":25},{"event_name":"Vampires","player_choice":"Became a vampire","floor":21,"damage_taken":0},{"event_name":"Drug Dealer","player_choice":"Got JAXXED","floor":28,"damage_taken":0},{"event_name":"FaceTrader","player_choice":"Trade","floor":39,"damage_taken":0},{"event_name":"MindBloom","player_choice":"Fight","floor":46,"damage_taken":0}],"is_beta":false,"boss_relics":[{"not_picked":["Ectoplasm","Fusion Hammer"],"picked":"Calling Bell"},{"not_picked":["Lizard Tail","Sozu"],"picked":"Eternal Feather"}],"items_purged_floors":[20],"is_endless":false,"potions_floor_spawned":[1,3,6,10,13,16,18,23,27,30,35,40,41,46],"ascension_level":0}