{"gold_per_floor":[119,133,133,145,50,50,50,64,64,90,90,90,90,119,119,248,248,271,271,223,68,68,103,122,138,138,161,182,195,220,23,23,23],"floor_reached":33,"playtime":1318,"items_purged":[],"score":266,"play_id":"3942796d-a481-4f56-b5bf-e54b0932803f","local_time":"20181121133058","is_ascension_mode":false,"campfire_choices":[{"data":"Deep Breath","floor":6,"key":"SMITH"},{"data":"Pommel Strike","floor":11,"key":"SMITH"},{"data":"Wild Strike","floor":13,"key":"SMITH"},{"data":"Immolate","floor":15,"key":"SMITH"},{"floor":32,"key":"RECALL"}],"neow_cost":"NONE","seed_source_timestamp":675032204585624,"circlet_count":0,"master_deck":["Strike_R","Strike_R","Strike_R","Strike_R","Strike_R","Defend_R","Defend_R","Defend_R","Defend_R","Bash","Wild Strike+1","Twin Strike","Reaper","Iron Wave","Deep Breath+1","Pommel Strike+1","Immolate+1","Twin Strike","Immolate","Flex","True Grit","Pommel Strike","Flame Barrier+1","True Grit+1","Double Tap","Reckless Charge","Power Through","Panache"],"relics":["Burning Blood","NeowsBlessing","Pear","Golden Idol","Odd Mushroom","Fusion Hammer","Bronze Scales","Spirit Poop","Happy Flower","Blood Vial"],"potions_floor_usage":[10,16,23,23,27,33,33],"damage_taken":[{"damage":0,"enemies":"Cultist","floor":1,"turns":1},{"damage":0,"enemies":"Jaw Worm","floor":2,"turns":1},{"damage":0,"enemies":"2 Louse","floor":4,"turns":1},{"damage":32,"enemies":"Exordium Thugs","floor":8,"turns":8},{"damage":8,"enemies":"Gremlin Nob","floor":10,"turns":3},{"damage":13,"enemies":"The Mushroom Lair","floor":14,"turns":2},{"damage":22,"enemies":"Slime Boss","floor":16,"turns":7},{"damage":0,"enemies":"Spheric Guardian","floor":18,"turns":2},{"damage":18,"enemies":"Slavers","floor":23,"turns":4},{"damage":0,"enemies":"Chosen","floor":24,"turns":3},{"damage":22,"enemies":"Snecko","floor":25,"turns":5},{"damage":9,"enemies":"Snake Plant","floor":27,"turns":3},{"damage":3,"enemies":"Centurion and Healer","floor":28,"turns":3},{"damage":1,"enemies":"Snecko","floor":29,"turns":4},{"damage":20,"enemies":"Shelled Parasite and Fungi","floor":30,"turns":3},{"damage":98,"enemies":"Champ","floor":33,"turns":14}],"seed_played":"1673833999007803458","potions_obtained":[{"floor":2,"key":"AttackPotion"},{"floor":10,"key":"Strength Potion"},{"floor":14,"key":"SteroidPotion"},{"floor":16,"key":"SteroidPotion"},{"floor":18,"key":"Block Potion"},{"floor":28,"key":"PowerPotion"},{"floor":29,"key":"Explosive Potion"},{"floor":30,"key":"Strength Potion"}],"is_trial":false,"path_per_floor":["M","M","?","M","$","R","?","M","T","E","R","?","R","?","R","B",null,"M","?","$","$","?","E","M","M","T","M","M","M","M","$","R","B"],"character_chosen":"IRONCLAD","items_purchased":["Deep Breath","True Grit","Bronze Scales","Panache"],"campfire_rested":0,"item_purchase_floors":[5,20,21,31],"current_hp_per_floor":[80,80,80,80,80,80,80,58,58,66,66,66,66,59,59,52,90,90,90,90,90,90,79,85,69,69,74,79,86,74,74,74,0],"gold":23,"neow_bonus":"THREE_ENEMY_KILL","is_prod":false,"is_daily":false,"chose_seed":false,"campfire_upgraded":4,"win_rate":0,"timestamp":1542832258,"path_taken":["M","?","?","M","?","R","?","?","T","E","R","?","R","?","R","BOSS","M","?","?","$","?","E","M","M","T","M","M","M","?","$","R","BOSS"],"build_version":"2018-11-15","purchased_purges":0,"victory":false,"max_hp_per_floor":[80,80,80,80,80,80,80,80,80,90,90,90,90,90,90,90,90,90,90,90,90,90,90,90,90,90,90,90,90,90,90,90,90],"card_choices":[{"not_picked":["Thunderclap","Clothesline"],"picked":"Wild Strike","floor":1},{"not_picked":["Pummel","Shrug It Off"],"picked":"Twin Strike","floor":2},{"not_picked":["Metallicize","Warcry"],"picked":"Iron Wave","floor":4},{"not_picked":["Corruption","Disarm"],"picked":"Pommel Strike","floor":8},{"not_picked":["Exhume","Havoc"],"picked":"Immolate","floor":10},{"not_picked":["Warcry","Inflame"],"picked":"Twin Strike","floor":14},{"not_picked":["Juggernaut","Brutality"],"picked":"Immolate","floor":16},{"not_picked":["Heavy Blade","Body Slam"],"picked":"Flex","floor":18},{"not_picked":["Clash","Flame Barrier"],"picked":"Pommel Strike","floor":23},{"not_picked":["Disarm","Warcry+1"],"picked":"Flame Barrier+1","floor":24},{"not_picked":["Sever Soul","Thunderclap"],"picked":"True Grit+1","floor":25},{"not_picked":["Feel No Pain","Warcry","Sever Soul"],"picked":"SKIP","floor":27},{"not_picked":["Havoc","Clash+1"],"picked":"Double Tap","floor":28},{"not_picked":["Shockwave","Flex"],"picked":"Reckless Charge","floor":29},{"not_picked":["Whirlwind","Clothesline"],"picked":"Power Through","floor":30}],"player_experience":1124386,"relics_obtained":[{"floor":10,"key":"Pear"},{"floor":14,"key":"Odd Mushroom"},{"floor":23,"key":"Happy Flower"},{"floor":26,"key":"Blood Vial"}],"event_choices":[{"damage_healed":0,"gold_gain":0,"player_choice":"1 cards matched","damage_taken":0,"max_hp_gain":0,"max_hp_loss":0,"event_name":"Match and Keep!","floor":3,"gold_loss":0,"cards_obtained":["Reaper"]},{"damage_healed":0,"gold_gain":0,"player_choice":"Ignored","damage_taken":0,"max_hp_gain":0,"max_hp_loss":0,"event_name":"Shining Light","floor":7,"gold_loss":0},{"damage_healed":0,"gold_gain":0,"player_choice":"Take Wound","damage_taken":0,"relics_obtained":["Golden Idol"],"max_hp_gain":0,"max_hp_loss":0,"event_name":"Golden Idol","floor":12,"gold_loss":0,"cards_obtained":["Injury"]},{"damage_healed":0,"gold_gain":0,"player_choice":"Fought Mushrooms","damage_taken":0,"max_hp_gain":0,"max_hp_loss":0,"event_name":"Mushrooms","floor":14,"gold_loss":0},{"damage_healed":0,"gold_gain":0,"player_choice":"Ignored","damage_taken":0,"max_hp_gain":0,"max_hp_loss":0,"event_name":"NoteForYourself","floor":19,"gold_loss":0},{"cards_removed":["Injury"],"damage_healed":0,"gold_gain":0,"player_choice":"Offered Curse","damage_taken":0,"relics_obtained":["Spirit Poop"],"max_hp_gain":0,"max_hp_loss":0,"event_name":"Bonfire Elementals","floor":22,"gold_loss":0}],"is_beta":false,"boss_relics":[{"not_picked":["Ectoplasm","Calling Bell"],"picked":"Fusion Hammer"}],"items_purged_floors":[],"is_endless":false,"potions_floor_spawned":[2,10,14,16,18,28,29,30],"killed_by":"Champ","ascension_level":0}