{"gold_per_floor":[365,365,25,42,42,71,71,71,71,88,149,149],"floor_reached":12,"playtime":313,"items_purged":[],"score":121,"play_id":"0f8f5bf8-43c5-43b9-b00a-5008319425a9","local_time":"20181016202234","is_ascension_mode":true,"campfire_choices":[{"floor":7,"key":"REST"}],"neow_cost":"PERCENT_DAMAGE","seed_source_timestamp":49817374705386,"circlet_count":0,"master_deck":["Defend_G","Defend_G","Defend_G","Defend_G","Defend_G","Strike_G","Strike_G","Strike_G","Strike_G","Strike_G","Survivor","Neutralize","AscendersBane","Deadly Poison","All Out Attack","Bouncing Flask","Die Die Die+1","Deadly Poison","Noxious Fumes"],"relics":["Ring of the Snake","Darkstone Periapt","Molten Egg 2","SsserpentHead","Sundial"],"potions_floor_usage":[12],"damage_taken":[{"damage":2,"enemies":"Small Slimes","floor":1,"turns":4},{"damage":0,"enemies":"Cultist","floor":4,"turns":3},{"damage":42,"enemies":"Gremlin Nob","floor":6,"turns":5},{"damage":1,"enemies":"Jaw Worm","floor":10,"turns":3},{"damage":24,"enemies":"Large Slime","floor":11,"turns":6},{"damage":3,"enemies":"Blue Slaver","floor":12,"turns":3}],"seed_played":"2981035696275149488","potions_obtained":[{"floor":6,"key":"SpeedPotion"},{"floor":11,"key":"SteroidPotion"}],"is_trial":false,"path_per_floor":["M","?","$","M","$","E","R","?","T","M","M"],"character_chosen":"THE_SILENT","items_purchased":["Darkstone Periapt","Deadly Poison","All Out Attack"],"campfire_rested":1,"item_purchase_floors":[3,3,3],"current_hp_per_floor":[43,48,48,48,48,6,27,27,27,26,2,0],"gold":149,"neow_bonus":"TWO_FIFTY_GOLD","is_prod":false,"is_daily":false,"chose_seed":false,"campfire_upgraded":0,"win_rate":0,"timestamp":1539735754,"path_taken":["M","?","$","?","?","E","R","?","T","M","?","M"],"build_version":"2018-10-15v2","purchased_purges":0,"victory":false,"max_hp_per_floor":[70,70,70,70,70,70,70,70,70,70,70,70],"card_choices":[{"not_picked":["Deflect","Outmaneuver"],"picked":"Blade Dance","floor":1},{"not_picked":["Dash","Crippling Poison"],"picked":"Bouncing Flask","floor":4},{"not_picked":["Blade Dance","Slice"],"picked":"Die Die Die","floor":6},{"not_picked":["Dagger Throw+1","Dash+1"],"picked":"Deadly Poison","floor":10},{"not_picked":["Distraction","Quick Slash+1"],"picked":"Noxious Fumes","floor":11}],"player_experience":351917,"relics_obtained":[{"floor":6,"key":"Molten Egg 2"},{"floor":9,"key":"Sundial"}],"event_choices":[{"event_name":"Bonfire Elementals","player_choice":"COMMON","floor":2,"damage_taken":0},{"event_name":"FaceTrader","player_choice":"Trade","floor":8,"damage_taken":0}],"is_beta":true,"boss_relics":[],"items_purged_floors":[],"is_endless":false,"potions_floor_spawned":[6,11],"killed_by":"Blue Slaver","ascension_level":11}