{"gold_per_floor":[112,187,187,362,437,437,450,450,497,497,497,241,266,277,277,378,428,442,456,456,207,218,218,228,228,253,253],"floor_reached":27,"playtime":876,"items_purged":["Doubt","Strike_B"],"score":209,"play_id":"afbe8a61-785e-4380-ac10-e7cce8ba926c","local_time":"20181128000240","is_ascension_mode":false,"campfire_choices":[{"data":"Zap","floor":6,"key":"SMITH"},{"data":"Dualcast","floor":11,"key":"SMITH"},{"floor":15,"key":"RECALL"},{"data":"Loop","floor":23,"key":"SMITH"},{"data":"Echo Form","floor":25,"key":"SMITH"}],"neow_cost":"NONE","seed_source_timestamp":152992838730386,"circlet_count":0,"master_deck":["Strike_B","Strike_B+1","Defend_B+1","Defend_B","Defend_B","Defend_B+1","Zap+1","Dualcast+1","BootSequence","Coolheaded","Echo Form+1","Loop+1","Chill+1","Redo+1","Coolheaded"],"relics":["Cracked Core","Singing Bowl","Smiling Mask","Medical Kit","Orichalcum","Tiny House","ClockworkSouvenir","Bag of Preparation"],"potions_floor_usage":[16,16,19,27,27],"damage_taken":[{"damage":0,"enemies":"2 Louse","floor":1,"turns":2},{"damage":3,"enemies":"Jaw Worm","floor":7,"turns":3},{"damage":14,"enemies":"3 Sentries","floor":13,"turns":8},{"damage":3,"enemies":"Small Slimes","floor":14,"turns":3},{"damage":15,"enemies":"The Guardian","floor":16,"turns":14},{"damage":0,"enemies":"Chosen","floor":18,"turns":8},{"damage":5,"enemies":"Spheric Guardian","floor":19,"turns":6},{"damage":4,"enemies":"Shelled Parasite and Fungi","floor":22,"turns":7},{"damage":13,"enemies":"Snake Plant","floor":24,"turns":5},{"damage":57,"enemies":"Gremlin Leader","floor":27,"turns":7}],"seed_played":"-9049031418886118076","potions_obtained":[{"floor":1,"key":"LiquidBronze"},{"floor":13,"key":"Block Potion"},{"floor":16,"key":"Block Potion"},{"floor":17,"key":"GamblersBrew"},{"floor":22,"key":"LiquidBronze"}],"is_trial":false,"path_per_floor":["M","?","?","?","T","R","M","?","T","?","R","$","E","M","R","B",null,"M","M","?","$","M","R","M","R","T","E"],"character_chosen":"DEFECT","items_purchased":["Medical Kit","ClockworkSouvenir"],"campfire_rested":0,"item_purchase_floors":[12,21],"current_hp_per_floor":[75,64,49,49,49,49,46,43,43,75,75,75,61,60,60,45,82,84,79,63,63,59,59,46,46,46,0],"gold":253,"neow_bonus":"REMOVE_CARD","is_prod":false,"is_daily":false,"chose_seed":false,"campfire_upgraded":4,"win_rate":0,"timestamp":1543381360,"path_taken":["M","?","?","?","?","R","?","?","T","?","R","$","E","M","R","BOSS","M","M","?","$","M","R","M","R","T","E"],"build_version":"2018-11-15","purchased_purges":2,"victory":false,"max_hp_per_floor":[75,75,75,75,75,75,75,75,75,75,75,75,75,77,77,77,82,84,84,89,89,89,89,89,89,89,89],"card_choices":[{"not_picked":["Melter","Fusion"],"picked":"Recycle","floor":1},{"not_picked":["Steam Power","Force Field"],"picked":"BootSequence","floor":7},{"not_picked":["Turbo","Barrage"],"picked":"Coolheaded","floor":13},{"not_picked":["Steam","Streamline","Compile Driver"],"picked":"Singing Bowl","floor":14},{"not_picked":["Reboot","Seek"],"picked":"Echo Form","floor":16},{"not_picked":["Conserve Battery","Heatsinks"],"picked":"Loop","floor":17},{"not_picked":["Fusion","Go for the Eyes","Stack"],"picked":"Singing Bowl","floor":18},{"not_picked":["Compile Driver","Rebound+1"],"picked":"Chill+1","floor":19},{"not_picked":["Turbo","Force Field"],"picked":"Redo+1","floor":22},{"not_picked":["Double Energy+1","Barrage"],"picked":"Coolheaded","floor":24}],"player_experience":473950,"relics_obtained":[{"floor":9,"key":"Smiling Mask"},{"floor":13,"key":"Orichalcum"},{"floor":26,"key":"Bag of Preparation"}],"event_choices":[{"damage_healed":0,"gold_gain":75,"player_choice":"Gather Gold","damage_taken":11,"max_hp_gain":0,"max_hp_loss":0,"event_name":"World of Goop","floor":2,"gold_loss":0},{"damage_healed":0,"gold_gain":0,"player_choice":"Entered Light","damage_taken":15,"max_hp_gain":0,"max_hp_loss":0,"event_name":"Shining Light","floor":3,"gold_loss":0,"cards_upgraded":["Strike_B","Defend_B"]},{"damage_healed":0,"gold_gain":175,"player_choice":"AGREE","damage_taken":0,"max_hp_gain":0,"max_hp_loss":0,"event_name":"Liars Game","floor":4,"gold_loss":0,"cards_obtained":["Doubt"]},{"damage_healed":0,"gold_gain":0,"player_choice":"Success","damage_taken":3,"relics_obtained":["Singing Bowl"],"max_hp_gain":0,"max_hp_loss":0,"event_name":"Scrap Ooze","floor":8,"gold_loss":0},{"cards_removed":["Recycle"],"damage_healed":32,"gold_gain":0,"player_choice":"Offered Uncommon","damage_taken":0,"max_hp_gain":0,"max_hp_loss":0,"event_name":"Bonfire Elementals","floor":10,"gold_loss":0},{"damage_healed":0,"gold_gain":0,"player_choice":"Shed Blood","damage_taken":21,"max_hp_gain":5,"max_hp_loss":0,"event_name":"Forgotten Altar","floor":20,"gold_loss":0}],"is_beta":true,"boss_relics":[{"not_picked":["Astrolabe","Eternal Feather"],"picked":"Tiny House"}],"items_purged_floors":[12,21],"is_endless":false,"potions_floor_spawned":[1,13,16,22],"killed_by":"Gremlin Leader","ascension_level":0}