{"gold_per_floor":[111,121,121,121,135,161,161,195,195,195,222,252,11,0,0,103,103,121,121,121,86,36,36,54,74,74,87,87,87,87,39,39,39],"floor_reached":33,"playtime":1089,"items_purged":[],"score":414,"play_id":"a1d561a0-41fc-4bf6-9750-f3746f1a1c9c","local_time":"20181110160659","is_ascension_mode":true,"campfire_choices":[{"data":"Perfected Strike","floor":7.0,"key":"SMITH"},{"floor":15.0,"key":"REST"},{"data":"Seeing Red","floor":23.0,"key":"SMITH"},{"data":"Armaments","floor":29.0,"key":"SMITH"},{"data":"Shrug It Off","floor":32.0,"key":"SMITH"}],"neow_cost":"NONE","seed_source_timestamp":2675827567127553,"circlet_count":0,"master_deck":["AscendersBane","Strike_R","Strike_R","Strike_R","Strike_R+1","Defend_R","Defend_R","Defend_R","Defend_R","Bash","Shockwave","Pommel Strike","Perfected Strike+1","Power Through","Shrug It Off+1","Metallicize","Uppercut","Impervious","Pommel Strike","RitualDagger","Seeing Red+1","Armaments+1","Shrug It Off+1","Warcry","Pommel Strike"],"special_seed":0,"relics":["Burning Blood","Self Forming Clay","Bag of Marbles","Darkstone Periapt","Dodecahedron","Question Card","Smiling Mask","Paper Frog","Eternal Feather","Meat on the Bone","MutagenicStrength"],"potions_floor_usage":[33],"damage_taken":[{"damage":6.0,"enemies":"Small Slimes","floor":1.0,"turns":5.0},{"damage":1.0,"enemies":"2 Louse","floor":2.0,"turns":3.0},{"damage":4.0,"enemies":"Jaw Worm","floor":5.0,"turns":3.0},{"damage":15.0,"enemies":"Gremlin Nob","floor":6.0,"turns":4.0},{"damage":6.0,"enemies":"3 Sentries","floor":8.0,"turns":8.0},{"damage":18.0,"enemies":"Lagavulin","floor":11.0,"turns":5.0},{"damage":45.0,"enemies":"The Guardian","floor":16.0,"turns":15.0},{"damage":1.0,"enemies":"Chosen","floor":18.0,"turns":4.0},{"damage":18.0,"enemies":"Colosseum Slavers","floor":19.0,"turns":7.0},{"damage":17.0,"enemies":"3 Byrds","floor":24.0,"turns":8.0},{"damage":14.0,"enemies":"Centurion and Healer","floor":25.0,"turns":8.0},{"damage":24.0,"enemies":"Sentry and Sphere","floor":27.0,"turns":9.0},{"damage":80,"enemies":"Automaton","floor":33,"turns":10}],"seed_played":"4659736226994043973","potions_obtained":[{"floor":5.0,"key":"SteroidPotion"},{"floor":6.0,"key":"Swift Potion"},{"floor":11.0,"key":"Fire Potion"},{"floor":16.0,"key":"FearPotion"},{"floor":24.0,"key":"BloodPotion"},{"floor":27.0,"key":"Swift Potion"}],"is_trial":false,"path_per_floor":["M","M","?","?","M","E","R","E","T","?","E","?","$","?","R","B",null,"M","?","?","$","?","R","M","M","T","M","$","R","?","$","R","B"],"character_chosen":"IRONCLAD","items_purchased":["Paper Frog","Seeing Red","Pommel Strike"],"campfire_rested":1,"item_purchase_floors":[13,21,31],"current_hp_per_floor":[72,77,70,70,72,63,63,63,63,47,35,35,35,35,59,20,65,70,58,52,52,52,64,53,53,53,47,47,59,59,59,74,0],"gold":39,"neow_bonus":"TRANSFORM_CARD","is_prod":false,"is_daily":false,"chose_seed":false,"campfire_upgraded":4,"win_rate":0,"timestamp":1541891219,"path_taken":["M","M","?","?","M","E","R","E","T","?","E","?","$","?","R","BOSS","M","?","?","$","?","R","M","?","T","M","?","R","?","?","R","BOSS"],"build_version":"2018-11-08","purchased_purges":0,"victory":false,"max_hp_per_floor":[80,80,80,80,80,80,80,80,80,80,80,80,80,80,80,80,80,80,80,80,80,80,80,80,80,80,80,80,80,80,80,80,80],"card_choices":[{"not_picked":["Twin Strike","Havoc"],"picked":"Pommel Strike","floor":1.0},{"not_picked":["Combust","Shrug It Off"],"picked":"Perfected Strike","floor":2.0},{"not_picked":["Clash","Reckless Charge"],"picked":"Power Through","floor":5.0},{"not_picked":["Evolve","Spot Weakness"],"picked":"Shrug It Off","floor":6.0},{"not_picked":["Hemokinesis","Fire Breathing"],"picked":"Metallicize","floor":8.0},{"not_picked":["Clothesline","Havoc"],"picked":"Uppercut","floor":11.0},{"not_picked":["Offering","Barricade","Berserk"],"picked":"Impervious","floor":16.0},{"not_picked":["Anger","Hemokinesis","Headbutt"],"picked":"Pommel Strike","floor":18.0},{"not_picked":["Evolve","Clothesline","Havoc"],"picked":"Armaments","floor":24.0},{"not_picked":["Flex","Warcry","Heavy Blade"],"picked":"Shrug It Off","floor":25.0},{"not_picked":["Cleave","Second Wind","Heavy Blade"],"picked":"Warcry","floor":27.0}],"player_experience":1044199,"relics_obtained":[{"floor":6.0,"key":"Bag of Marbles"},{"floor":8.0,"key":"Darkstone Periapt"},{"floor":9.0,"key":"Dodecahedron"},{"floor":11.0,"key":"Question Card"},{"floor":26.0,"key":"Meat on the Bone"}],"event_choices":[{"damage_healed":0.0,"max_hp_gain":0.0,"max_hp_loss":0.0,"gold_gain":0.0,"event_name":"Scrap Ooze","player_choice":"Success","floor":3.0,"gold_loss":0.0,"damage_taken":7.0,"relics_obtained":["Self Forming Clay"]},{"damage_healed":0.0,"max_hp_gain":0.0,"max_hp_loss":0.0,"gold_gain":0.0,"event_name":"Golden Wing","player_choice":"Ignored","floor":4.0,"gold_loss":0.0,"damage_taken":0.0},{"damage_healed":0.0,"max_hp_gain":0.0,"max_hp_loss":0.0,"gold_gain":0.0,"event_name":"Shining Light","player_choice":"Entered Light","floor":10.0,"gold_loss":0.0,"damage_taken":16.0,"cards_upgraded":["Strike_R","Shrug It Off"]},{"damage_healed":0.0,"max_hp_gain":0.0,"max_hp_loss":0.0,"gold_gain":30.0,"event_name":"Dead Adventurer","player_choice":"Searched \u00272\u0027 times","floor":12.0,"gold_loss":0.0,"damage_taken":0.0,"relics_obtained":["Smiling Mask"]},{"damage_healed":0.0,"max_hp_gain":0.0,"max_hp_loss":0.0,"gold_gain":0.0,"event_name":"World of Goop","player_choice":"Left Gold","floor":14.0,"gold_loss":11.0,"damage_taken":0.0},{"damage_healed":0.0,"max_hp_gain":0.0,"max_hp_loss":0.0,"gold_gain":0.0,"event_name":"Colosseum","player_choice":"Fight","floor":19.0,"gold_loss":0.0,"damage_taken":0.0},{"damage_healed":0.0,"max_hp_gain":0.0,"max_hp_loss":0.0,"gold_gain":0.0,"event_name":"Colosseum","player_choice":"Fled From Nobs","floor":19.0,"gold_loss":0.0,"damage_taken":0.0},{"damage_healed":0.0,"max_hp_gain":0.0,"max_hp_loss":0.0,"gold_gain":0.0,"event_name":"Nest","player_choice":"Joined the Cult","floor":20.0,"gold_loss":0.0,"damage_taken":6.0,"cards_obtained":["RitualDagger"]},{"damage_healed":0.0,"max_hp_gain":0.0,"max_hp_loss":0.0,"gold_gain":0.0,"event_name":"The Joust","player_choice":"Bet on Murderer","floor":22.0,"gold_loss":50.0,"damage_taken":0.0},{"damage_healed":0.0,"max_hp_gain":0.0,"max_hp_loss":0.0,"gold_gain":0.0,"event_name":"Drug Dealer","player_choice":"Inject Mutagens","floor":30.0,"gold_loss":0.0,"damage_taken":0.0,"relics_obtained":["MutagenicStrength"]}],"is_beta":false,"boss_relics":[{"not_picked":["White Beast Statue","Snecko Eye"],"picked":"Eternal Feather"}],"items_purged_floors":[],"is_endless":false,"potions_floor_spawned":[5,6,11,16,24,27],"killed_by":"Automaton","ascension_level":12}