{"gold_per_floor":[118,136,149,104,122,122,138,138,138,138,170,187,81,101,101,203,203,215,203,128,128,142,142,96,110,110,129,129,139,139,155,155,155],"floor_reached":33,"playtime":2065,"items_purged":[],"score":253,"play_id":"0e6dc8df-6cd2-426f-9fff-37d9d9e0d74d","local_time":"20190402171820","is_ascension_mode":false,"campfire_choices":[{"data":"Wraith Form v2","floor":6,"key":"SMITH"},{"data":"Neutralize","floor":10,"key":"SMITH"},{"data":"Sucker Punch","floor":15,"key":"SMITH"},{"floor":23,"key":"REST"},{"floor":28,"key":"REST"},{"floor":30,"key":"REST"},{"floor":32,"key":"REST"}],"neow_cost":"NONE","seed_source_timestamp":1154939383470714,"circlet_count":0,"master_deck":["Defend_G","Defend_G","Defend_G","Defend_G","Defend_G","Strike_G","Strike_G","Strike_G","Strike_G","Strike_G","Survivor","Neutralize+1","Wraith Form v2+1","Backflip","Well Laid Plans","Footwork","Acrobatics","Sucker Punch+1","Flechettes","Doppelganger","Dagger Throw","Deadly Poison","Sucker Punch","Night Terror","Sucker Punch+1","Slice","Poisoned Stab+1","Dagger Spray","Blur","Escape Plan","PiercingWail+1"],"relics":["Ring of the Snake"],"potions_floor_usage":[11,12,14,16,19,19,22,27,33],"damage_taken":[{"damage":2,"enemies":"Cultist","floor":1,"turns":5},{"damage":0,"enemies":"Small Slimes","floor":2,"turns":4},{"damage":0,"enemies":"2 Louse","floor":3,"turns":3},{"damage":4,"enemies":"Looter","floor":4,"turns":5},{"damage":14,"enemies":"Gremlin Gang","floor":5,"turns":8},{"damage":1,"enemies":"2 Fungi Beasts","floor":7,"turns":5},{"damage":35,"enemies":"Lagavulin","floor":11,"turns":11},{"damage":6,"enemies":"Blue Slaver","floor":12,"turns":5},{"damage":10,"enemies":"Looter","floor":14,"turns":4},{"damage":23,"enemies":"The Guardian","floor":16,"turns":13},{"damage":6,"enemies":"Chosen","floor":18,"turns":8},{"damage":6,"enemies":"2 Thieves","floor":19,"turns":5},{"damage":31,"enemies":"Snake Plant","floor":22,"turns":6},{"damage":0,"enemies":"Snecko","floor":25,"turns":6},{"damage":32,"enemies":"Centurion and Healer","floor":27,"turns":12},{"damage":28,"enemies":"3 Cultists","floor":29,"turns":7},{"damage":21,"enemies":"Snake Plant","floor":31,"turns":6},{"damage":32,"enemies":"Collector","floor":33,"turns":4}],"seed_played":"8168932351359409937","potions_obtained":[{"floor":2,"key":"Dexterity Potion"},{"floor":3,"key":"SpeedPotion"},{"floor":5,"key":"Energy Potion"},{"floor":7,"key":"Regen Potion"},{"floor":11,"key":"Regen Potion"},{"floor":12,"key":"Poison Potion"},{"floor":16,"key":"Explosive Potion"},{"floor":19,"key":"AttackPotion"},{"floor":25,"key":"SpeedPotion"},{"floor":31,"key":"Weak Potion"}],"is_trial":false,"path_per_floor":["M","M","M","M","M","R","M","?","T","R","E","M","$","M","R","B",null,"M","M","?","?","M","R","$","M","T","M","R","M","R","M","R","B"],"character_chosen":"THE_SILENT","items_purchased":["Dagger Throw","Deadly Poison","Dagger Spray"],"campfire_rested":4,"item_purchase_floors":[13,13,24],"current_hp_per_floor":[68,68,68,64,50,50,49,66,66,66,45,53,53,43,43,20,70,64,58,58,58,27,47,47,47,47,15,35,7,27,6,26,0],"gold":155,"neow_bonus":"ONE_RANDOM_RARE_CARD","is_prod":false,"is_daily":false,"chose_seed":false,"campfire_upgraded":3,"win_rate":0,"timestamp":1554247100,"path_taken":["M","M","M","M","M","R","?","?","T","R","E","M","$","M","R","BOSS","M","M","?","?","M","R","$","M","T","M","R","M","R","M","R","BOSS"],"build_version":"2019-01-23","purchased_purges":0,"victory":false,"max_hp_per_floor":[70,70,70,70,70,70,70,70,70,70,70,70,70,70,70,70,70,70,70,67,67,67,67,67,67,67,67,67,67,67,67,67,67],"card_choices":[{"not_picked":["Deadly Poison","Bouncing Flask"],"picked":"Backflip","floor":1},{"not_picked":["Outmaneuver","Flechettes"],"picked":"Well Laid Plans","floor":2},{"not_picked":["Masterful Stab","Endless Agony"],"picked":"Footwork","floor":3},{"not_picked":["Deadly Poison","Prepared"],"picked":"Acrobatics","floor":4},{"not_picked":["Expertise","Outmaneuver"],"picked":"Sucker Punch","floor":5},{"not_picked":["All Out Attack","Flying Knee"],"picked":"Flechettes","floor":7},{"not_picked":["Underhanded Strike","Bane","Outmaneuver"],"picked":"SKIP","floor":11},{"not_picked":["Blade Dance","Acrobatics"],"picked":"Doppelganger","floor":12},{"not_picked":["Underhanded Strike","Accuracy"],"picked":"Sucker Punch","floor":14},{"not_picked":["Glass Knife","Wraith Form v2"],"picked":"Night Terror","floor":16},{"not_picked":["Dodge and Roll","Concentrate"],"picked":"Sucker Punch+1","floor":18},{"not_picked":["Skewer","Backflip"],"picked":"Slice","floor":19},{"not_picked":["Acrobatics","Expertise"],"picked":"Poisoned Stab+1","floor":22},{"not_picked":["Dodge and Roll","Backflip","Masterful Stab"],"picked":"SKIP","floor":25},{"not_picked":["Riddle With Holes+1","Catalyst"],"picked":"Blur","floor":27},{"not_picked":["Die Die Die","Bane+1"],"picked":"Escape Plan","floor":29},{"not_picked":["Bane","Masterful Stab"],"picked":"PiercingWail+1","floor":31}],"player_experience":1737862,"relics_obtained":[],"event_choices":[{"damage_healed":17,"gold_gain":0,"player_choice":"Healed and dodged fight","damage_taken":0,"max_hp_gain":0,"max_hp_loss":0,"event_name":"Mushrooms","floor":8,"gold_loss":0,"cards_obtained":["Parasite"]},{"cards_removed":["Parasite"],"damage_healed":0,"gold_gain":0,"player_choice":"Gave Gold","damage_taken":0,"max_hp_gain":0,"max_hp_loss":0,"event_name":"Beggar","floor":20,"gold_loss":75},{"damage_healed":0,"gold_gain":0,"player_choice":"Ignored","damage_taken":0,"max_hp_gain":0,"max_hp_loss":0,"event_name":"Ghosts","floor":21,"gold_loss":0}],"is_beta":false,"boss_relics":[{"not_picked":["HoveringKite","Philosopher\u0027s Stone","Calling Bell"]}],"items_purged_floors":[],"is_endless":false,"potions_floor_spawned":[2,3,5,7,11,12,16,19,25,31],"killed_by":"Collector","ascension_level":0}