{"gold_per_floor":[117,117,117,3,3,3,29,45,69,69,102,102,113,125,125,230,230,244,261,279,314,330,330,347,375,426,446,446,446,30,41,41,137,137,152,172,189,199,217,247,266,299,325,356,356,375,475,490,490,490,490,490,98,123,123],"floor_reached":55,"playtime":9597,"items_purged":["Parasite"],"score":1368,"play_id":"4bea2337-0362-4466-8552-451d03b0b913","local_time":"20190329174931","is_ascension_mode":true,"campfire_choices":[{"data":"Inflame","floor":6,"key":"SMITH"},{"data":"Bash","floor":10,"key":"SMITH"},{"data":"Heavy Blade","floor":15,"key":"SMITH"},{"floor":23,"key":"REST"},{"data":"Feed","floor":29,"key":"SMITH"},{"data":"Demon Form","floor":32,"key":"SMITH"},{"floor":45,"key":"RECALL"},{"data":"Demon Form","floor":49,"key":"SMITH"},{"floor":52,"key":"REST"}],"neow_cost":"NONE","seed_source_timestamp":1180479621725704,"circlet_count":0,"master_deck":["AscendersBane","Strike_R+1","Strike_R","Strike_R+1","Strike_R","Strike_R+1","Defend_R","Defend_R","Defend_R","Defend_R","Bash+1","Reckless Charge+1","Ghostly Armor","Inflame+1","Demon Form+1","Battle Trance","Iron Wave","Anger","Heavy Blade+1","Reaper","Offering","Sword Boomerang+1","Pommel Strike+1","Armaments+1","Shrug It Off","Iron Wave","Battle Trance","Shockwave+1","Armaments+1","Feed+1","Necronomicurse","Shrug It Off","Battle Trance","Demon Form+1","Headbutt","Evolve","Metallicize"],"relics":["Burning Blood","NeowsBlessing","Vajra","Prayer Wheel","Sozu","Red Mask","Torii","PreservedInsect","Necronomicon","Pear","Whetstone","Busted Crown","Pen Nib","Ancient Tea Set","Ginger","Unceasing Top","Bottled Tornado","Lantern"],"potions_floor_usage":[21,55],"damage_taken":[{"damage":0,"enemies":"Jaw Worm","floor":1,"turns":1},{"damage":0,"enemies":"Gremlin Nob","floor":7,"turns":1},{"damage":0,"enemies":"2 Louse","floor":8,"turns":1},{"damage":25,"enemies":"Lagavulin","floor":11,"turns":7},{"damage":7,"enemies":"Small Slimes","floor":13,"turns":3},{"damage":11,"enemies":"Looter","floor":14,"turns":3},{"damage":28,"enemies":"Slime Boss","floor":16,"turns":8},{"damage":27,"enemies":"2 Thieves","floor":18,"turns":4},{"damage":32,"enemies":"3 Byrds","floor":19,"turns":5},{"damage":14,"enemies":"Cultist and Chosen","floor":20,"turns":4},{"damage":36,"enemies":"Masked Bandits","floor":21,"turns":4},{"damage":6,"enemies":"Snake Plant","floor":22,"turns":4},{"damage":7,"enemies":"Chosen and Byrds","floor":24,"turns":6},{"damage":22,"enemies":"Slavers","floor":25,"turns":4},{"damage":2,"enemies":"3 Cultists","floor":27,"turns":5},{"damage":7,"enemies":"Snake Plant","floor":31,"turns":2},{"damage":89,"enemies":"Automaton","floor":33,"turns":9},{"damage":25,"enemies":"3 Darklings","floor":35,"turns":4},{"damage":12,"enemies":"Orb Walker","floor":36,"turns":3},{"damage":0,"enemies":"Transient","floor":37,"turns":5},{"damage":17,"enemies":"4 Shapes","floor":38,"turns":4},{"damage":27,"enemies":"Maw","floor":39,"turns":5},{"damage":6,"enemies":"Nemesis","floor":40,"turns":3},{"damage":15,"enemies":"3 Darklings","floor":41,"turns":6},{"damage":25,"enemies":"Reptomancer","floor":42,"turns":8},{"damage":12,"enemies":"Giant Head","floor":44,"turns":6},{"damage":51,"enemies":"Writhing Mass","floor":46,"turns":8},{"damage":14,"enemies":"Mind Bloom Boss Battle","floor":47,"turns":9},{"damage":52,"enemies":"4 Shapes","floor":48,"turns":10},{"damage":124,"enemies":"Time Eater","floor":50,"turns":10},{"damage":47,"enemies":"Shield and Spear","floor":54,"turns":5},{"damage":169,"enemies":"The Heart","floor":55,"turns":8}],"seed_played":"-5168996587323158366","potions_obtained":[{"floor":8,"key":"Explosive Potion"},{"floor":11,"key":"SneckoOil"},{"floor":16,"key":"Block Potion"}],"is_trial":false,"path_per_floor":["?","?","?","?","?","?"],"character_chosen":"IRONCLAD","items_purchased":["Ghostly Armor","Inflame","Pear","Whetstone","Bottled Tornado","Metallicize"],"campfire_rested":2,"item_purchase_floors":[4,4,30,30,53,53],"current_hp_per_floor":[78,78,78,78,62,62,68,74,74,74,55,55,54,49,49,27,67,58,48,40,20,29,53,52,63,63,80,64,64,74,77,77,29,81,98,96,102,95,89,89,110,96,96,110,110,118,114,111,111,43,105,126,123,114,0],"gold":123,"neow_bonus":"THREE_ENEMY_KILL","is_prod":false,"is_daily":false,"chose_seed":false,"campfire_upgraded":6,"win_rate":0,"timestamp":1553896171,"path_taken":["M","$","?","$","?","R","E","M","T","R","E","?","M","M","R","BOSS","M","M","M","?","M","R","M","E","T","M","?","R","$","M","R","BOSS","M","M","M","M","M","E","M","E","T","E","R","M","?","M","R","BOSS","R","$","E","BOSS"],"build_version":"2019-01-23","purchased_purges":1,"victory":false,"max_hp_per_floor":[80,80,80,80,80,80,80,80,80,80,80,80,80,80,80,80,80,80,80,80,80,80,80,80,80,80,80,80,80,90,94,94,98,98,98,102,102,106,110,110,110,114,114,114,114,118,122,126,126,126,126,126,123,123,123],"card_choices":[{"not_picked":["Iron Wave","Dropkick"],"picked":"Reckless Charge","floor":1},{"not_picked":["True Grit","Pummel"],"picked":"Demon Form","floor":7},{"not_picked":["Cleave","Clothesline"],"picked":"Battle Trance","floor":8},{"not_picked":["Inflame","Wild Strike"],"picked":"Iron Wave","floor":11},{"not_picked":["True Grit","Headbutt"],"picked":"Anger","floor":13},{"not_picked":["Clash","True Grit"],"picked":"Heavy Blade","floor":13},{"not_picked":["Cleave","Dropkick"],"picked":"Reaper","floor":14},{"not_picked":["Rupture","Combust","Corruption"],"picked":"SKIP","floor":14},{"not_picked":["Double Tap","Dark Embrace"],"picked":"Offering","floor":16},{"not_picked":["Thunderclap","Wild Strike"],"picked":"Sword Boomerang+1","floor":18},{"not_picked":["Headbutt","Iron Wave","Sword Boomerang"],"picked":"SKIP","floor":18},{"not_picked":["Bloodletting","Anger"],"picked":"Pommel Strike+1","floor":19},{"not_picked":["Dual Wield","Clothesline"],"picked":"Armaments+1","floor":19},{"not_picked":["Perfected Strike+1","Rupture","Hemokinesis+1"],"picked":"SKIP","floor":20},{"not_picked":["Clothesline","Warcry","Flex"],"picked":"SKIP","floor":20},{"not_picked":["Uppercut","Sword Boomerang"],"picked":"Shrug It Off","floor":22},{"not_picked":["Clothesline","Dropkick"],"picked":"Iron Wave","floor":22},{"not_picked":["Armaments","Fire Breathing"],"picked":"Battle Trance","floor":24},{"not_picked":["Infernal Blade+1","Exhume"],"picked":"Shockwave+1","floor":24},{"not_picked":["Uppercut","Bloodletting"],"picked":"Armaments+1","floor":25},{"not_picked":["Pummel","Clash+1"],"picked":"Feed","floor":27},{"not_picked":["Clothesline+1","Twin Strike","Wild Strike"],"picked":"SKIP","floor":27},{"not_picked":["Body Slam","Whirlwind"],"picked":"Shrug It Off","floor":31},{"not_picked":["Clothesline","Heavy Blade"],"picked":"Battle Trance","floor":31},{"not_picked":["Brutality","Double Tap"],"picked":"Demon Form","floor":33},{"not_picked":["Iron Wave+1"],"picked":"SKIP","floor":35},{"not_picked":["Bloodletting+1"],"picked":"SKIP","floor":35},{"not_picked":[],"picked":"Headbutt","floor":36},{"not_picked":["Pommel Strike+1"],"picked":"SKIP","floor":36},{"not_picked":["Reckless Charge"],"picked":"SKIP","floor":37},{"not_picked":["Dual Wield"],"picked":"SKIP","floor":37},{"not_picked":["Whirlwind+1"],"picked":"SKIP","floor":38},{"not_picked":["Twin Strike+1"],"picked":"SKIP","floor":38},{"not_picked":["True Grit"],"picked":"SKIP","floor":39},{"not_picked":["Flex"],"picked":"SKIP","floor":39},{"not_picked":[],"picked":"Evolve","floor":40},{"not_picked":["Rupture"],"picked":"SKIP","floor":41},{"not_picked":["Anger+1"],"picked":"SKIP","floor":41},{"not_picked":["Barricade"],"picked":"SKIP","floor":42},{"not_picked":["Pommel Strike"],"picked":"SKIP","floor":44},{"not_picked":["Havoc+1"],"picked":"SKIP","floor":46},{"not_picked":["Shockwave"],"picked":"SKIP","floor":46},{"not_picked":["Whirlwind+1"],"picked":"SKIP","floor":48},{"not_picked":["Infernal Blade"],"picked":"SKIP","floor":48},{"not_picked":["Entrench"],"picked":"SKIP","floor":54}],"player_experience":1209221,"relics_obtained":[{"floor":9,"key":"Vajra"},{"floor":11,"key":"Prayer Wheel"},{"floor":21,"key":"Red Mask"},{"floor":25,"key":"Torii"},{"floor":26,"key":"PreservedInsect"},{"floor":28,"key":"Necronomicon"},{"floor":40,"key":"Pen Nib"},{"floor":42,"key":"Ancient Tea Set"},{"floor":44,"key":"Ginger"},{"floor":47,"key":"Unceasing Top"},{"floor":54,"key":"Lantern"}],"event_choices":[{"damage_healed":0,"gold_gain":0,"player_choice":"Leave","damage_taken":0,"max_hp_gain":0,"max_hp_loss":0,"event_name":"The Cleric","floor":3,"gold_loss":0},{"damage_healed":0,"gold_gain":0,"player_choice":"Entered Light","damage_taken":16,"max_hp_gain":0,"max_hp_loss":0,"event_name":"Shining Light","floor":5,"gold_loss":0,"cards_upgraded":["Strike_R","Reckless Charge"]},{"damage_healed":0,"gold_gain":0,"player_choice":"Ignored","damage_taken":0,"max_hp_gain":0,"max_hp_loss":0,"event_name":"Liars Game","floor":12,"gold_loss":0},{"damage_healed":0,"gold_gain":0,"player_choice":"Fought Bandits","damage_taken":0,"max_hp_gain":0,"max_hp_loss":0,"event_name":"Masked Bandits","floor":21,"gold_loss":0},{"damage_healed":0,"gold_gain":0,"player_choice":"Obtained Book","damage_taken":16,"max_hp_gain":0,"max_hp_loss":0,"event_name":"Cursed Tome","floor":28,"gold_loss":0},{"damage_healed":0,"gold_gain":0,"player_choice":"Fight","damage_taken":0,"max_hp_gain":0,"max_hp_loss":0,"event_name":"MindBloom","floor":47,"gold_loss":0}],"is_beta":false,"boss_relics":[{"not_picked":["Runic Dome","Tiny House"],"picked":"Sozu"},{"not_picked":["Velvet Choker","Runic Pyramid"],"picked":"Busted Crown"}],"items_purged_floors":[53],"is_endless":false,"potions_floor_spawned":[8,11,13,16,18,20,25,33,35,36,37,41,44,54],"killed_by":"The Heart","ascension_level":11}