{"gold_per_floor":[13,13,13,58,74,74,87,87,87,87,103,278,305,305,305,426,426,449,472,196,471,495,495],"floor_reached":23,"playtime":795,"items_purged":["Strike_R"],"score":189,"play_id":"e7b5f978-d0a6-44b8-b7d3-65c57a86dbbe","local_time":"20181118131628","is_ascension_mode":false,"campfire_choices":[{"data":"Sword Boomerang","floor":6,"key":"SMITH"},{"data":"Heavy Blade","floor":8,"key":"SMITH"},{"data":"Bash","floor":10,"key":"SMITH"},{"data":"Armaments","floor":15,"key":"SMITH"}],"neow_cost":"NO_GOLD","seed_source_timestamp":415476313241142,"circlet_count":0,"master_deck":["Strike_R","Strike_R","Defend_R","Defend_R","Defend_R","Defend_R","Bash+1","Cleave","Sword Boomerang+1","Heavy Blade+1","Flame Barrier","Armaments+1","Offering","Heavy Blade","Flame Barrier+1","Regret"],"relics":["Burning Blood","Potion Belt","Vajra","Paper Frog","Strawberry","Golden Idol","Empty Cage","Lee\u0027s Waffle"],"potions_floor_usage":[13,16],"damage_taken":[{"damage":6,"enemies":"2 Louse","floor":1,"turns":4},{"damage":6,"enemies":"Jaw Worm","floor":5,"turns":2},{"damage":1,"enemies":"Cultist","floor":7,"turns":3},{"damage":0,"enemies":"Large Slime","floor":11,"turns":2},{"damage":18,"enemies":"3 Sentries","floor":13,"turns":7},{"damage":61,"enemies":"Slime Boss","floor":16,"turns":18},{"damage":13,"enemies":"3 Byrds","floor":18,"turns":6},{"damage":38,"enemies":"2 Thieves","floor":19,"turns":5},{"damage":51,"enemies":"Centurion and Healer","floor":22,"turns":8},{"damage":60,"enemies":"Gremlin Leader","floor":23,"turns":5}],"seed_played":"2328020327495210372","potions_obtained":[{"floor":7,"key":"Strength Potion"},{"floor":11,"key":"AttackPotion"},{"floor":22,"key":"SteroidPotion"}],"is_trial":false,"path_per_floor":["M","?","?","T","M","R","M","R","T","R","M","?","E","?","R","B",null,"M","M","$","?","M","E"],"character_chosen":"IRONCLAD","items_purchased":["Lee\u0027s Waffle"],"campfire_rested":0,"item_purchase_floors":[20],"current_hp_per_floor":[80,80,73,73,73,73,78,78,78,78,80,80,75,75,75,20,87,80,48,94,94,49,0],"gold":495,"neow_bonus":"REMOVE_TWO","is_prod":false,"is_daily":false,"chose_seed":false,"campfire_upgraded":4,"win_rate":0,"timestamp":1542572188,"path_taken":["M","?","?","?","M","R","M","R","T","R","?","?","E","?","R","BOSS","M","M","$","?","M","E"],"build_version":"2018-11-15","purchased_purges":1,"victory":false,"max_hp_per_floor":[80,80,80,80,80,80,80,80,80,80,80,80,87,87,87,87,87,87,87,94,94,94,94],"card_choices":[{"not_picked":["Hemokinesis","Sword Boomerang"],"picked":"Cleave","floor":1},{"not_picked":["Clash","Burning Pact"],"picked":"Sword Boomerang","floor":5},{"not_picked":["Intimidate","Uppercut"],"picked":"Heavy Blade","floor":7},{"not_picked":["Headbutt","Twin Strike"],"picked":"Flame Barrier","floor":11},{"not_picked":["Uppercut","Body Slam"],"picked":"Armaments","floor":13},{"not_picked":["Barricade","Dark Embrace"],"picked":"Offering","floor":16},{"not_picked":["Bloodletting+1","Perfected Strike"],"picked":"Heavy Blade","floor":18},{"not_picked":["Wild Strike","Dropkick"],"picked":"Flame Barrier+1","floor":19},{"not_picked":["Whirlwind","Warcry","Clash"],"picked":"SKIP","floor":22}],"player_experience":1087180,"relics_obtained":[{"floor":4,"key":"Vajra"},{"floor":9,"key":"Paper Frog"},{"floor":13,"key":"Strawberry"}],"event_choices":[{"damage_healed":0,"gold_gain":0,"player_choice":"Box","damage_taken":0,"relics_obtained":["Potion Belt"],"max_hp_gain":0,"max_hp_loss":0,"event_name":"Big Fish","floor":2,"gold_loss":0,"cards_obtained":["Regret"]},{"cards_removed":["Regret"],"damage_healed":0,"gold_gain":0,"player_choice":"Card Removal","damage_taken":7,"max_hp_gain":0,"max_hp_loss":0,"event_name":"Golden Wing","floor":3,"gold_loss":0},{"damage_healed":0,"gold_gain":175,"player_choice":"AGREE","damage_taken":0,"max_hp_gain":0,"max_hp_loss":0,"event_name":"Liars Game","floor":12,"gold_loss":0,"cards_obtained":["Doubt"]},{"damage_healed":0,"gold_gain":0,"player_choice":"Take Wound","damage_taken":0,"relics_obtained":["Golden Idol"],"max_hp_gain":0,"max_hp_loss":0,"event_name":"Golden Idol","floor":14,"gold_loss":0,"cards_obtained":["Injury"]},{"damage_healed":0,"gold_gain":275,"player_choice":"Desecrate","damage_taken":0,"max_hp_gain":0,"max_hp_loss":0,"event_name":"Golden Shrine","floor":21,"gold_loss":0,"cards_obtained":["Regret"]}],"is_beta":false,"boss_relics":[{"not_picked":["Snecko Eye","Lizard Tail"],"picked":"Empty Cage"}],"items_purged_floors":[20],"is_endless":false,"potions_floor_spawned":[7,11,22],"killed_by":"Gremlin Leader","ascension_level":0}