{"gold_per_floor":[116,116,116,116,134,134,162,162,188,206,238,238,251,281,281,378,378,392,15,26,46,62,88,88,38,38,52,52],"floor_reached":28,"playtime":3051,"items_purged":["Regret","Normality"],"score":456,"play_id":"91faef0c-b03a-4404-9016-179510665dba","local_time":"20190323210920","is_ascension_mode":true,"campfire_choices":[{"data":"Inflame","floor":6,"key":"SMITH"},{"data":"True Grit","floor":8,"key":"SMITH"},{"data":"1","floor":12,"key":"LIFT"},{"data":"2","floor":15,"key":"LIFT"},{"data":"3","floor":24,"key":"LIFT"}],"neow_cost":"NONE","seed_source_timestamp":680625915362676,"circlet_count":0,"master_deck":["Strike_R+1","Strike_R","Strike_R","Strike_R","Strike_R","Defend_R","Defend_R","Defend_R","Defend_R+1","Bash","Headbutt","Flash of Steel","Fiend Fire","Inflame+1","True Grit+1","True Grit","Anger","Impervious","Doubt","Metallicize","Feel No Pain","Sadistic Nature","Shrug It Off","Heavy Blade+1","Ghostly Armor+1","Warcry"],"relics":["Burning Blood","NeowsBlessing","PreservedInsect","Smiling Mask","Centennial Puzzle","Girya","Darkstone Periapt","Calling Bell","Boot","Mummified Hand","Unceasing Top","Blood Vial"],"potions_floor_usage":[23,23,23,23,23,23],"damage_taken":[{"damage":0,"enemies":"Jaw Worm","floor":1,"turns":1},{"damage":0,"enemies":"2 Louse","floor":5,"turns":1},{"damage":0,"enemies":"Lagavulin","floor":7,"turns":1},{"damage":0,"enemies":"Cultist","floor":10,"turns":3},{"damage":20,"enemies":"3 Sentries","floor":11,"turns":6},{"damage":0,"enemies":"2 Fungi Beasts","floor":13,"turns":4},{"damage":0,"enemies":"Lagavulin","floor":14,"turns":4},{"damage":41,"enemies":"The Guardian","floor":16,"turns":12},{"damage":39,"enemies":"Chosen","floor":18,"turns":5},{"damage":7,"enemies":"Spheric Guardian","floor":20,"turns":4},{"damage":14,"enemies":"Centurion and Healer","floor":21,"turns":4},{"damage":23,"enemies":"Snake Plant","floor":22,"turns":4},{"damage":26,"enemies":"Book of Stabbing","floor":23,"turns":5},{"damage":13,"enemies":"Cultist and Chosen","floor":27,"turns":7},{"damage":28,"enemies":"Snecko","floor":28,"turns":3}],"seed_played":"1186740063794347052","potions_obtained":[{"floor":5,"key":"Explosive Potion"},{"floor":10,"key":"EntropicBrew"},{"floor":11,"key":"BloodPotion"},{"floor":21,"key":"Fire Potion"}],"is_trial":false,"path_per_floor":["?","?","?","M"],"character_chosen":"IRONCLAD","items_purchased":["Feel No Pain","Sadistic Nature","Shrug It Off"],"campfire_rested":0,"item_purchase_floors":[19,19,19],"current_hp_per_floor":[78,62,55,55,61,61,67,67,67,73,59,59,65,71,71,36,87,54,54,53,45,28,17,17,17,17,12,0],"gold":52,"neow_bonus":"THREE_ENEMY_KILL","is_prod":false,"is_daily":false,"chose_seed":false,"campfire_upgraded":2,"win_rate":0,"timestamp":1553389760,"path_taken":["M","?","?","?","M","R","E","R","T","M","E","R","M","E","R","BOSS","M","$","?","M","M","E","R","$","T","M","M"],"build_version":"2019-01-23","purchased_purges":2,"victory":false,"max_hp_per_floor":[80,80,80,80,80,80,80,80,80,80,80,80,80,80,80,80,98,98,98,98,98,98,98,98,98,98,98,98],"card_choices":[{"not_picked":["Body Slam","Bloodletting"],"picked":"Headbutt","floor":1},{"not_picked":["Wild Strike","Whirlwind"],"picked":"Inflame","floor":5},{"not_picked":["Sword Boomerang","Sentinel"],"picked":"True Grit","floor":7},{"not_picked":["Rage","Cleave","Sword Boomerang"],"picked":"SKIP","floor":10},{"not_picked":["Searing Blow","Hemokinesis"],"picked":"True Grit","floor":11},{"not_picked":["Infernal Blade","Fire Breathing"],"picked":"Anger","floor":13},{"not_picked":["Rupture","Cleave","Rampage"],"picked":"SKIP","floor":14},{"not_picked":["Berserk","Exhume"],"picked":"Impervious","floor":16},{"not_picked":["Perfected Strike","Twin Strike"],"picked":"Metallicize","floor":18},{"not_picked":["Rage","Body Slam+1"],"picked":"Heavy Blade+1","floor":20},{"not_picked":["Sword Boomerang","Clash"],"picked":"Ghostly Armor+1","floor":21},{"not_picked":["Shrug It Off","Armaments"],"picked":"Warcry","floor":22},{"not_picked":["Havoc","Wild Strike","Sever Soul"],"picked":"SKIP","floor":23},{"not_picked":["Fiend Fire","Cleave+1","Twin Strike"],"picked":"SKIP","floor":27}],"player_experience":953085,"relics_obtained":[{"floor":7,"key":"Smiling Mask"},{"floor":9,"key":"Centennial Puzzle"},{"floor":11,"key":"Girya"},{"floor":14,"key":"Darkstone Periapt"},{"floor":17,"key":"Boot"},{"floor":17,"key":"Mummified Hand"},{"floor":17,"key":"Unceasing Top"},{"floor":23,"key":"Blood Vial"}],"event_choices":[{"damage_healed":0,"gold_gain":0,"player_choice":"Entered Light","damage_taken":16,"max_hp_gain":0,"max_hp_loss":0,"event_name":"Shining Light","floor":2,"gold_loss":0,"cards_upgraded":["Strike_R","Defend_R"]},{"damage_healed":0,"gold_gain":0,"player_choice":"Success","damage_taken":7,"relics_obtained":["PreservedInsect"],"max_hp_gain":0,"max_hp_loss":0,"event_name":"Scrap Ooze","floor":3,"gold_loss":0},{"damage_healed":0,"gold_gain":0,"player_choice":"2 cards matched","damage_taken":0,"max_hp_gain":0,"max_hp_loss":0,"event_name":"Match and Keep!","floor":4,"gold_loss":0,"cards_obtained":["Flash of Steel","Fiend Fire"]}],"is_beta":false,"boss_relics":[{"not_picked":["Ectoplasm","Pandora\u0027s Box"],"picked":"Calling Bell"}],"items_purged_floors":[19,25],"is_endless":false,"potions_floor_spawned":[5,10,11,14,21],"killed_by":"Snecko","ascension_level":8}