{"gold_per_floor":[114,114,389,2,2,37,51,51,51,71,84,144,161,174,174,270,270,287,300,155,171,188,188,214,226,250,250,265,21,34,62,62,160,160,170,184,184,233,233,233,251,270,270,270,300,310,310,326,326,326],"floor_reached":51,"playtime":2311,"items_purged":["Regret","Regret"],"score":1115,"play_id":"0d76ef57-bec3-49bd-bf53-510480427a63","local_time":"20181012173437","is_ascension_mode":true,"campfire_choices":[{"data":"Tactician","floor":8.0,"key":"SMITH"},{"floor":15.0,"key":"REST"},{"floor":23.0,"key":"REST"},{"floor":32,"key":"REST"},{"floor":40,"key":"DIG"},{"floor":47,"key":"DIG"},{"floor":49,"key":"REST"}],"neow_cost":"CURSE","seed_source_timestamp":3881403462996,"circlet_count":0,"master_deck":["Defend_G","Defend_G","Defend_G","Defend_G","Defend_G","Strike_G","Strike_G","Strike_G","Strike_G","Strike_G","Survivor","Neutralize","Dagger Throw","Quick Slash","Dagger Throw","Tactician","All Out Attack","Tactician+1","Reflex","Calculated Gamble","Underhanded Strike","Envenom","Terror","Expertise","Dagger Throw","Underhanded Strike","Backflip","Underhanded Strike","Choke+1","Well Laid Plans","Dagger Throw","Predator","Dodge and Roll+1","Acrobatics","All Out Attack+1","PiercingWail","Tactician+1","Underhanded Strike+1","Acrobatics","Quick Slash","Dagger Throw","Expertise+1","Prepared+1","Reflex+1","Adrenaline","Footwork+1","Dagger Throw+1","Quick Slash","Dagger Throw","Distraction+1","Expertise","Writhe","Dagger Throw+1","Acrobatics+1","Distraction+1","Backflip","Prepared+1"],"special_seed":0,"relics":["Ring of the Snake","Prayer Wheel","Letter Opener","Tingsha","Lantern","Dodecahedron","HoveringKite","PreservedInsect","Boot","MutagenicStrength","Shovel","Sozu","Tough Bandages","Smiling Mask","Molten Egg 2","Singing Bowl","Pen Nib"],"potions_floor_usage":[31,33,36],"damage_taken":[{"damage":0.0,"enemies":"Small Slimes","floor":1.0,"turns":3.0},{"damage":24.0,"enemies":"Lagavulin","floor":6.0,"turns":5.0},{"damage":0.0,"enemies":"Cultist","floor":7.0,"turns":3.0},{"damage":4.0,"enemies":"Jaw Worm","floor":10.0,"turns":2.0},{"damage":0.0,"enemies":"Gremlin Gang","floor":11.0,"turns":1.0},{"damage":0.0,"enemies":"Red Slaver","floor":13.0,"turns":2.0},{"damage":0.0,"enemies":"Blue Slaver","floor":14.0,"turns":1.0},{"damage":34.0,"enemies":"The Guardian","floor":16.0,"turns":9.0},{"damage":8.0,"enemies":"Chosen","floor":18.0,"turns":3.0},{"damage":7.0,"enemies":"3 Byrds","floor":19.0,"turns":4.0},{"damage":1.0,"enemies":"Centurion and Healer","floor":21.0,"turns":2.0},{"damage":8.0,"enemies":"Shelled Parasite and Fungi","floor":22.0,"turns":2.0},{"damage":36.0,"enemies":"Book of Stabbing","floor":24.0,"turns":4.0},{"damage":2.0,"enemies":"Snecko","floor":25.0,"turns":4.0},{"damage":8.0,"enemies":"Centurion and Healer","floor":28.0,"turns":4.0},{"damage":0.0,"enemies":"Chosen and Byrds","floor":30.0,"turns":3.0},{"damage":0,"enemies":"Gremlin Leader","floor":31,"turns":2},{"damage":14,"enemies":"Champ","floor":33,"turns":7},{"damage":0,"enemies":"3 Darklings","floor":35,"turns":2},{"damage":2,"enemies":"Orb Walker","floor":36,"turns":3},{"damage":7,"enemies":"Mysterious Sphere","floor":38,"turns":3},{"damage":12,"enemies":"Maw","floor":41,"turns":6},{"damage":0,"enemies":"Spire Growth","floor":42,"turns":2},{"damage":0,"enemies":"2 Orb Walkers","floor":45,"turns":2},{"damage":0,"enemies":"Sphere and 2 Shapes","floor":46,"turns":2},{"damage":18,"enemies":"Maw","floor":48,"turns":4},{"damage":34,"enemies":"Awakened One","floor":50,"turns":11}],"seed_played":"-4980615995146794853","potions_obtained":[{"floor":1.0,"key":"Explosive Potion"},{"floor":7.0,"key":"Swift Potion"},{"floor":13.0,"key":"FearPotion"},{"floor":16.0,"key":"EssenceOfSteel"},{"floor":19.0,"key":"Fire Potion"},{"floor":24.0,"key":"Block Potion"},{"floor":25.0,"key":"Explosive Potion"},{"floor":30.0,"key":"Fire Potion"}],"is_trial":false,"path_per_floor":["M","?","?","$","?","E","M","R","T","M","M","?","M","M","R","B",null,"M","M","$","M","M","R","E","M","T","?","M","$","M","E","R","B",null,"M","M","?","?","?","R","M","M","T","?","E","M","R","M","R","B"],"character_chosen":"THE_SILENT","items_purchased":["Tingsha","Dagger Throw","SteroidPotion","Well Laid Plans","Acrobatics","Quick Slash","Dagger Throw"],"campfire_rested":4,"item_purchase_floors":[4,4,4,20,29,29,29],"current_hp_per_floor":[63,63,63,63,63,39,39,39,39,35,35,35,35,35,56,22,58,50,43,43,42,34,55,19,17,17,17,9,9,9,9,30,16,57,57,55,55,48,48,48,36,36,36,54,54,54,54,36,57,23],"gold":326,"neow_bonus":"ONE_RARE_RELIC","is_prod":false,"is_daily":false,"chose_seed":false,"campfire_upgraded":1,"win_rate":0,"timestamp":1539380077,"path_taken":["M","?","?","$","?","E","M","R","T","M","M","?","M","M","R","BOSS","M","?","$","M","M","R","E","M","T","?","M","?","?","E","R","BOSS","M","M","?","?","?","R","M","?","T","?","E","M","R","M","R","BOSS"],"build_version":"2018-10-11","purchased_purges":2,"victory":true,"max_hp_per_floor":[70,70,70,70,70,70,70,70,70,70,70,70,70,70,70,70,70,70,70,70,70,70,70,70,70,70,70,70,70,70,70,70,70,70,70,70,70,70,70,70,70,70,70,70,70,70,70,70,70,70],"card_choices":[{"not_picked":["Sucker Punch","Blur"],"picked":"Dagger Throw","floor":1.0},{"not_picked":["Outmaneuver","Poisoned Stab"],"picked":"Quick Slash","floor":1.0},{"not_picked":["Dodge and Roll","Outmaneuver"],"picked":"Tactician","floor":6.0},{"not_picked":["Riddle With Holes","Calculated Gamble"],"picked":"All Out Attack","floor":7.0},{"not_picked":["Deadly Poison","Flying Knee"],"picked":"Tactician","floor":7.0},{"not_picked":["Dodge and Roll","Blur"],"picked":"Reflex","floor":10.0},{"not_picked":["Distraction","Deflect"],"picked":"Calculated Gamble","floor":10.0},{"not_picked":["Catalyst","Masterful Stab"],"picked":"Underhanded Strike","floor":11.0},{"not_picked":["Outmaneuver","Riddle With Holes"],"picked":"Envenom","floor":11.0},{"not_picked":["Poisoned Stab","Noxious Fumes"],"picked":"Terror","floor":13.0},{"not_picked":["Poisoned Stab","Sucker Punch","Terror"],"picked":"SKIP","floor":13.0},{"not_picked":["Outmaneuver","Blade Dance"],"picked":"Expertise","floor":14.0},{"not_picked":["Poisoned Stab","Quick Slash"],"picked":"Dagger Throw","floor":14.0},{"not_picked":["PiercingWail","Crippling Poison"],"picked":"Underhanded Strike","floor":18.0},{"not_picked":["PiercingWail+1","Caltrops"],"picked":"Backflip","floor":18.0},{"not_picked":["Poisoned Stab","Skewer"],"picked":"Underhanded Strike","floor":19.0},{"not_picked":["Slice+1","Bouncing Flask"],"picked":"Choke+1","floor":19.0},{"not_picked":["Storm of Steel","Setup"],"picked":"Dagger Throw","floor":21.0},{"not_picked":["Bane+1","Blur"],"picked":"Predator","floor":21.0},{"not_picked":["Bouncing Flask","Finisher"],"picked":"Dodge and Roll+1","floor":22.0},{"not_picked":["Dagger Spray","Bullet Time"],"picked":"Footwork","floor":22.0},{"not_picked":["Prepared+1","Cloak And Dagger"],"picked":"Acrobatics","floor":24.0},{"not_picked":["Slice","Well Laid Plans"],"picked":"All Out Attack+1","floor":25.0},{"not_picked":["Distraction","Bouncing Flask"],"picked":"PiercingWail","floor":25.0},{"not_picked":["Grand Finale","Deflect"],"picked":"Tactician+1","floor":28.0},{"not_picked":["Deadly Poison","Cloak And Dagger"],"picked":"Underhanded Strike+1","floor":28.0},{"not_picked":["Riddle With Holes","Dodge and Roll"],"picked":"Expertise+1","floor":30.0},{"not_picked":["Flechettes+1","Blade Dance+1"],"picked":"Prepared+1","floor":30.0},{"not_picked":["Slice","Acrobatics"],"picked":"Reflex","floor":31},{"not_picked":["Wraith Form v2","Tools of the Trade"],"picked":"Adrenaline","floor":33},{"not_picked":["Choke","Flying Knee"],"picked":"Footwork+1","floor":35},{"not_picked":["Poisoned Stab+1","Calculated Gamble"],"picked":"Dagger Throw+1","floor":35},{"not_picked":["Poisoned Stab+1","Infinite Blades+1"],"picked":"Quick Slash","floor":36},{"not_picked":["Crippling Poison","Outmaneuver+1","Slice"],"picked":"SKIP","floor":36},{"not_picked":["Dagger Spray","PiercingWail"],"picked":"Dagger Throw","floor":38},{"not_picked":["Eviscerate+1","Unload"],"picked":"Distraction+1","floor":41},{"not_picked":["All Out Attack","Deadly Poison","Outmaneuver+1"],"picked":"SKIP","floor":41},{"not_picked":["Concentrate+1","Acrobatics+1"],"picked":"Expertise","floor":42},{"not_picked":["Blade Dance","Deflect","Deadly Poison+1"],"picked":"SKIP","floor":42},{"not_picked":["Poisoned Stab+1","Finisher+1"],"picked":"Dagger Throw+1","floor":45},{"not_picked":["Flying Knee+1","PiercingWail+1"],"picked":"Acrobatics+1","floor":46},{"not_picked":["Dodge and Roll","Backflip"],"picked":"Distraction+1","floor":46},{"not_picked":["Deflect+1","Backstab+1"],"picked":"Backflip","floor":48},{"not_picked":["Well Laid Plans","Catalyst+1"],"picked":"Prepared+1","floor":48}],"player_experience":326223,"relics_obtained":[{"floor":6.0,"key":"Lantern"},{"floor":9.0,"key":"Dodecahedron"},{"floor":24.0,"key":"PreservedInsect"},{"floor":26.0,"key":"Boot"},{"floor":31,"key":"Shovel"},{"floor":38,"key":"Tough Bandages"},{"floor":40,"key":"Smiling Mask"},{"floor":43,"key":"Molten Egg 2"},{"floor":45,"key":"Singing Bowl"},{"floor":47,"key":"Pen Nib"}],"event_choices":[{"event_name":"Big Fish","player_choice":"Box","floor":2.0,"damage_taken":0.0},{"event_name":"Golden Shrine","player_choice":"Desecrate","floor":3.0,"damage_taken":0.0},{"event_name":"Living Wall","player_choice":"Forget","floor":5.0,"damage_taken":0.0},{"event_name":"Golden Wing","player_choice":"Gained Gold","floor":12.0,"damage_taken":0.0},{"event_name":"Drug Dealer","player_choice":"Inject Mutagens","floor":27.0,"damage_taken":0.0},{"event_name":"Accursed Blacksmith","player_choice":"Forge","floor":37,"damage_taken":0},{"event_name":"Mysterious Sphere","player_choice":"Fight","floor":38,"damage_taken":0},{"event_name":"Falling","player_choice":"Removed Power","floor":39,"damage_taken":0},{"event_name":"Winding Halls","player_choice":"Writhe","floor":44,"damage_taken":0}],"is_beta":true,"boss_relics":[{"not_picked":["Runic Dome","White Beast Statue"],"picked":"HoveringKite"},{"not_picked":["Calling Bell","Lizard Tail"],"picked":"Sozu"}],"items_purged_floors":[20,29],"is_endless":false,"potions_floor_spawned":[1,7,13,16,19,24,25,28,30,38,41,42],"ascension_level":6}