{"gold_per_floor":[114,64,139,151,161,186,186,186,186,205,205,70,70,86,86,187,187,200,215,235,254,254,281,292,319,319,346,363,383,383,414,414,511,511,531,54,102,102,112,112,112,131,184,109,209,209,225,257,257,257],"floor_reached":51,"playtime":4803,"items_purged":["Pain"],"score":990,"play_id":"e529b5b7-6a63-47a8-9d89-e51f00de0836","local_time":"20190324231353","is_ascension_mode":true,"campfire_choices":[{"data":"1","floor":7,"key":"LIFT"},{"data":"2","floor":11,"key":"LIFT"},{"data":"3","floor":13,"key":"LIFT"},{"floor":15,"key":"REST"},{"data":"After Image","floor":30,"key":"SMITH"},{"data":"After Image","floor":32,"key":"SMITH"},{"data":"Noxious Fumes","floor":40,"key":"SMITH"},{"data":"Footwork","floor":46,"key":"SMITH"},{"data":"A Thousand Cuts","floor":49,"key":"SMITH"}],"neow_cost":"NONE","seed_source_timestamp":772730313177910,"circlet_count":0,"master_deck":["Defend_G","Defend_G","Defend_G","Defend_G","Strike_G","Strike_G","Strike_G","Strike_G","Survivor","Neutralize","Blade Dance","Cloak And Dagger","Infinite Blades","Leg Sweep","After Image+1","Backflip","After Image+1","Dodge and Roll+1","Dagger Spray+1","Caltrops+1","Well Laid Plans","Dodge and Roll+1","Footwork+1","PiercingWail","Night Terror","Noxious Fumes+1","PiercingWail","Escape Plan","Footwork+1","Well Laid Plans+1","A Thousand Cuts+1"],"relics":["Ring of the Snake","Girya","Philosopher\u0027s Stone","Nloth\u0027s Gift","Ninja Scroll","Bottled Flame","Ancient Tea Set","Pantograph","White Beast Statue","Bronze Scales","Bottled Tornado","Prayer Wheel","WarpedTongs","Snake Skull","Turnip","Dodecahedron"],"potions_floor_usage":[16,16,27,37,37,47,48],"damage_taken":[{"damage":1,"enemies":"Small Slimes","floor":1,"turns":6},{"damage":2,"enemies":"2 Louse","floor":4,"turns":4},{"damage":1,"enemies":"Cultist","floor":5,"turns":4},{"damage":42,"enemies":"3 Sentries","floor":6,"turns":16},{"damage":0,"enemies":"Gremlin Gang","floor":10,"turns":6},{"damage":0,"enemies":"Blue Slaver","floor":14,"turns":3},{"damage":31,"enemies":"Slime Boss","floor":16,"turns":18},{"damage":0,"enemies":"Shell Parasite","floor":18,"turns":6},{"damage":1,"enemies":"3 Byrds","floor":19,"turns":6},{"damage":8,"enemies":"Snake Plant","floor":20,"turns":6},{"damage":2,"enemies":"Cultist and Chosen","floor":21,"turns":6},{"damage":9,"enemies":"Gremlin Leader","floor":23,"turns":7},{"damage":0,"enemies":"Centurion and Healer","floor":24,"turns":5},{"damage":9,"enemies":"Book of Stabbing","floor":25,"turns":6},{"damage":10,"enemies":"Gremlin Leader","floor":27,"turns":7},{"damage":0,"enemies":"Shelled Parasite and Fungi","floor":28,"turns":5},{"damage":0,"enemies":"Chosen and Byrds","floor":29,"turns":4},{"damage":11,"enemies":"Slavers","floor":31,"turns":6},{"damage":32,"enemies":"Automaton","floor":33,"turns":15},{"damage":0,"enemies":"Orb Walker","floor":35,"turns":4},{"damage":37,"enemies":"2 Orb Walkers","floor":37,"turns":6},{"damage":0,"enemies":"3 Shapes","floor":39,"turns":5},{"damage":12,"enemies":"Maw","floor":42,"turns":8},{"damage":0,"enemies":"Mind Bloom Boss Battle","floor":45,"turns":7},{"damage":8,"enemies":"Writhing Mass","floor":47,"turns":9},{"damage":5,"enemies":"Giant Head","floor":48,"turns":9},{"damage":25,"enemies":"Time Eater","floor":50,"turns":11}],"seed_played":"-8616658422402717589","potions_obtained":[{"floor":1,"key":"PowerPotion"},{"floor":6,"key":"SteroidPotion"},{"floor":14,"key":"Poison Potion"},{"floor":18,"key":"SkillPotion"},{"floor":19,"key":"PowerPotion"},{"floor":25,"key":"GhostInAJar"},{"floor":29,"key":"AttackPotion"},{"floor":37,"key":"SkillPotion"},{"floor":39,"key":"LiquidBronze"},{"floor":47,"key":"SmokeBomb"},{"floor":48,"key":"Dexterity Potion"}],"is_trial":false,"path_per_floor":["?","?","?","M","M","?","?","?","M","?","M","?"],"character_chosen":"THE_SILENT","items_purchased":["After Image","Noxious Fumes","Bronze Scales","Bottled Tornado"],"campfire_rested":1,"item_purchase_floors":[12,36,36,36],"current_hp_per_floor":[69,69,58,56,55,13,13,13,13,13,13,13,13,13,36,5,59,59,58,50,48,48,39,39,30,30,20,20,20,20,9,9,2,58,58,58,21,21,21,21,21,9,9,9,34,34,26,21,21,21],"gold":257,"neow_bonus":"TEN_PERCENT_HP_BONUS","is_prod":false,"is_daily":false,"chose_seed":false,"campfire_upgraded":5,"win_rate":0,"timestamp":1553483633,"path_taken":["M","?","?","M","M","E","R","?","T","?","R","$","R","M","R","BOSS","M","?","M","M","?","E","M","E","T","E","M","M","R","E","R","BOSS","M","$","?","?","?","R","?","?","T","$","?","R","M","E","R","BOSS"],"build_version":"2019-01-23","purchased_purges":1,"victory":true,"max_hp_per_floor":[77,77,77,77,77,77,77,77,77,77,77,77,77,77,77,77,77,77,77,77,77,77,77,77,77,77,77,77,77,77,77,77,77,77,77,77,77,77,77,77,77,77,77,77,77,77,77,77,77,77],"card_choices":[{"not_picked":["Prepared","Acrobatics","Underhanded Strike"],"picked":"SKIP","floor":1},{"not_picked":["Bane","Bouncing Flask"],"picked":"Blade Dance","floor":4},{"not_picked":["Deflect","Flying Knee"],"picked":"Cloak And Dagger","floor":5},{"not_picked":["Blur","Leg Sweep"],"picked":"Infinite Blades","floor":6},{"not_picked":["Prepared","Sucker Punch"],"picked":"Leg Sweep","floor":10},{"not_picked":["Dagger Spray","Skewer"],"picked":"Backflip","floor":14},{"not_picked":["Die Die Die","Glass Knife"],"picked":"After Image","floor":16},{"not_picked":["Concentrate","Expertise"],"picked":"Dodge and Roll+1","floor":18},{"not_picked":["Bane","Dash"],"picked":"Dagger Spray+1","floor":19},{"not_picked":["Blade Dance","Backflip"],"picked":"Caltrops+1","floor":20},{"not_picked":["Outmaneuver","Prepared+1","Deadly Poison"],"picked":"SKIP","floor":21},{"not_picked":["Backflip+1","Wraith Form v2"],"picked":"Well Laid Plans","floor":23},{"not_picked":["Dash","Poisoned Stab"],"picked":"Dodge and Roll+1","floor":24},{"not_picked":["Acrobatics","Burst","Dodge and Roll"],"picked":"SKIP","floor":25},{"not_picked":["Cloak And Dagger","Quick Slash","Dodge and Roll"],"picked":"SKIP","floor":27},{"not_picked":["Bouncing Flask","Underhanded Strike","Slice"],"picked":"SKIP","floor":28},{"not_picked":["Terror+1","Predator"],"picked":"Footwork","floor":29},{"not_picked":["Doppelganger","Deflect"],"picked":"PiercingWail","floor":31},{"not_picked":["Blade Dance","Dodge and Roll+1"],"picked":"Night Terror","floor":35},{"not_picked":["Expertise+1","All Out Attack","Dagger Spray+1"],"picked":"SKIP","floor":39},{"not_picked":["Dodge and Roll","Sucker Punch","Bouncing Flask+1"],"picked":"SKIP","floor":39},{"not_picked":["Concentrate","Flying Knee"],"picked":"PiercingWail","floor":42},{"not_picked":["Quick Slash+1","Poisoned Stab+1"],"picked":"Escape Plan","floor":42},{"not_picked":["Corpse Explosion","Deflect"],"picked":"Footwork+1","floor":45},{"not_picked":["Blade Dance+1","Underhanded Strike"],"picked":"Well Laid Plans+1","floor":47},{"not_picked":["Predator+1","Prepared+1","Calculated Gamble+1"],"picked":"SKIP","floor":47},{"not_picked":["Deflect+1","PiercingWail"],"picked":"A Thousand Cuts","floor":48}],"player_experience":968961,"relics_obtained":[{"floor":6,"key":"Girya"},{"floor":9,"key":"Tough Bandages"},{"floor":23,"key":"Ninja Scroll"},{"floor":25,"key":"Bottled Flame"},{"floor":27,"key":"Ancient Tea Set"},{"floor":31,"key":"Pantograph"},{"floor":37,"key":"Prayer Wheel"},{"floor":43,"key":"Snake Skull"},{"floor":45,"key":"Turnip"},{"floor":48,"key":"Dodecahedron"}],"event_choices":[{"cards_removed":["Strike_G"],"damage_healed":0,"gold_gain":0,"player_choice":"Card Removal","damage_taken":0,"max_hp_gain":0,"max_hp_loss":0,"event_name":"The Cleric","floor":2,"gold_loss":50},{"damage_healed":0,"gold_gain":75,"player_choice":"Gather Gold","damage_taken":11,"max_hp_gain":0,"max_hp_loss":0,"event_name":"World of Goop","floor":3,"gold_loss":0},{"cards_removed":["Defend_G"],"damage_healed":0,"gold_gain":0,"player_choice":"Card Removal","damage_taken":0,"max_hp_gain":0,"max_hp_loss":0,"event_name":"Wheel of Change","floor":8,"gold_loss":0},{"damage_healed":0,"gold_gain":0,"player_choice":"Traded Relic","damage_taken":0,"relics_obtained":["Nloth\u0027s Gift"],"max_hp_gain":0,"max_hp_loss":0,"event_name":"N\u0027loth","floor":22,"relics_lost":["Tough Bandages"],"gold_loss":0},{"damage_healed":0,"gold_gain":0,"player_choice":"Fight","damage_taken":0,"max_hp_gain":0,"max_hp_loss":0,"event_name":"Mysterious Sphere","floor":37,"gold_loss":0},{"damage_healed":0,"gold_gain":0,"player_choice":"0 cards matched","damage_taken":0,"max_hp_gain":0,"max_hp_loss":0,"event_name":"Match and Keep!","floor":38,"gold_loss":0,"cards_obtained":[]},{"damage_healed":0,"gold_gain":0,"player_choice":"Rummage","damage_taken":0,"relics_obtained":["WarpedTongs"],"max_hp_gain":0,"max_hp_loss":0,"event_name":"Accursed Blacksmith","floor":41,"gold_loss":0,"cards_obtained":["Pain"]},{"damage_healed":0,"gold_gain":0,"player_choice":"Fight","damage_taken":0,"max_hp_gain":0,"max_hp_loss":0,"event_name":"MindBloom","floor":45,"gold_loss":0}],"is_beta":false,"boss_relics":[{"not_picked":["Busted Crown","Orrery"],"picked":"Philosopher\u0027s Stone"},{"not_picked":["Runic Dome","Calling Bell"],"picked":"White Beast Statue"}],"items_purged_floors":[44],"is_endless":false,"potions_floor_spawned":[1,6,14,18,19,24,25,29,31,35,37,39,42,45,47,48],"ascension_level":8}