{"path_per_floor":["M","M","$","M","M","R","E","R","T","M","?","R","M","?","R","B",null,"M","$","?","M","?","R"],"character_chosen":"THE_SILENT","items_purchased":["Noxious Fumes","Ice Cream","Venomology"],"gold_per_floor":[365,381,37,55,25,25,52,52,52,63,63,63,80,155,155,254,254,194,47,47,47,47,47],"floor_reached":24,"campfire_rested":2,"playtime":1123,"current_hp_per_floor":[59,58,58,58,56,56,46,46,56,55,55,55,60,49,70,33,73,46,46,33,24,24,47],"items_purged":[],"gold":47,"score":194,"play_id":"77796d4f-2679-4ca2-a3a3-8f13d1318816","is_prod":false,"is_daily":false,"is_ascension_mode":false,"campfire_upgraded":3,"path_taken":["M","M","$","M","M","R","E","R","T","M","?","R","M","?","R","BOSS","M","$","?","M","?","R","E"],"build_version":"2018-02-15-PROD1","purchased_purges":0,"victory":false,"master_deck":["Defend_G","Defend_G","Defend_G","Defend_G","Defend_G","Strike_G","Strike_G","Strike_G","Strike_G","Strike_G","Survivor","Neutralize","Catalyst","Blur","Noxious Fumes+1","Prepared","Deadly Poison","Night Terror+1","Noxious Fumes+1","Deadly Poison","Wraith Form","Well Laid Plans+1","Venomology","Poisoned Stab"],"max_hp_per_floor":[63,63,63,63,63,63,63,63,73,73,73,73,73,73,73,73,73,73,73,78,78,78,78],"relics":["Ring of the Snake","Ice Cream","Bronze Scales","Pear","Ectoplasm"],"card_choices":[{"not_picked":["Sucker Punch","Poisoned Stab"],"picked":"Catalyst"},{"not_picked":["Predator","Acrobatics"],"picked":"Blur"},{"not_picked":["Blade Dance","Dagger Throw"],"picked":"Prepared"},{"not_picked":["Malaise","Poisoned Stab"],"picked":"Deadly Poison"},{"not_picked":["Eviscerate","Prepared"],"picked":"Night Terror"},{"not_picked":["Dagger Throw","Acrobatics"],"picked":"Noxious Fumes"},{"not_picked":["Predator","Outmaneuver"],"picked":"Deadly Poison"},{"not_picked":["Unload","Tactician"],"picked":"Wraith Form"},{"not_picked":["Bane","Poisoned Stab"],"picked":"Well Laid Plans"},{"not_picked":["Prepared","Backflip"],"picked":"Poisoned Stab"}],"player_experience":150683,"potions_floor_usage":[7,13,13,24],"damage_taken":[{"damage":4,"enemies":"2 Louse","floor":1,"turns":3},{"damage":1,"enemies":"Cultist","floor":2,"turns":5},{"damage":0,"enemies":"Small Slimes","floor":4,"turns":4},{"damage":2,"enemies":"Looter","floor":5,"turns":4},{"damage":10,"enemies":"Gremlin Nob","floor":7,"turns":4},{"damage":1,"enemies":"Blue Slaver","floor":10,"turns":4},{"damage":7,"enemies":"2 Fungi Beasts","floor":13,"turns":4},{"damage":37,"enemies":"Slime Boss","floor":16,"turns":7},{"damage":27,"enemies":"2 Thieves","floor":18,"turns":4},{"damage":9,"enemies":"Shell Parasite","floor":21,"turns":5},{"damage":38,"enemies":"Slavers","floor":24,"turns":3}],"event_choices":[{"event_name":"The Lab","player_choice":"Got Potions","floor":11,"damage_taken":0},{"event_name":"World of Goop","player_choice":"Gather Gold","floor":14,"damage_taken":0},{"event_name":"Forgotten Altar","player_choice":"Shed Blood","floor":20,"damage_taken":0},{"event_name":"Addict","player_choice":"Ignored","floor":22,"damage_taken":0}],"boss_relics":[{"not_picked":["Snecko Eye","Eternal Feather"],"picked":"Ectoplasm"}],"potions_floor_spawned":[4,10,13,16],"seed_played":"-2100234687914275042","killed_by":"Slavers","ascension_level":0,"is_trial":false}