{"gold_per_floor":[114,114,139,154,169,229,244,259,284,284,41,56,86,101,101,201,201,216,216,231,231,45,45,75,90,90,105,135,135,135,135,135,235,235,250,250,265,8,23,23,0,30,30,30,73,103,118,133,133,133],"floor_reached":51,"playtime":6723,"items_purged":[],"score":907,"play_id":"2e3290ee-22b3-4d8a-91a7-7e43b814f0ce","local_time":"20190329101347","daily_mods":["Cursed Run","Diverse","Night Terrors"],"is_ascension_mode":false,"campfire_choices":[{"floor":10.0,"key":"REST"},{"floor":15.0,"key":"REST"},{"data":"Turbo","floor":23.0,"key":"SMITH"},{"floor":29.0,"key":"REST"},{"data":"Limit Break","floor":32.0,"key":"SMITH"},{"floor":40,"key":"REST"},{"floor":44,"key":"REST"},{"floor":49,"key":"REST"}],"neow_cost":"","seed_source_timestamp":0,"circlet_count":0,"master_deck":["Strike_R+1","Strike_R+1","Strike_R+1","Strike_R+1","Strike_R+1","Defend_R+1","Defend_R+1","Defend_R+1","Defend_R+1","Bash","Rampage","Clumsy","Tempest+1","Hologram","Malaise","Noxious Fumes","Regret","Turbo+1","Chrysalis","Entrench","Genetic Algorithm","Poisoned Stab","Feel No Pain","Regret","Limit Break+1","Blur+1","Flying Knee","Writhe","Panache","Noxious Fumes","Masterful Stab","Parasite","Inflame+1","Turbo+1","Armaments+1","Doubt","Decay","All For One","Outmaneuver+1","Choke","Good Instincts+1","Anger","Whirlwind","Hello World","Iron Wave+1","Double Energy+1","Regret","Iron Wave","Backflip","Adrenaline","Flame Barrier+1","Poisoned Stab","Heavy Blade","Normality"],"special_seed":17981,"relics":["Cursed Key","Darkstone Periapt","Du-Vu Doll","Oddly Smooth Stone","Tiny Chest","PreservedInsect","Dream Catcher","Eternal Feather","Dodecahedron","Bag of Preparation","Self Forming Clay","Bottled Lightning","Lantern","Black Star","Boot","Red Mask","Shuriken","Bag of Marbles","Ancient Tea Set","Dead Branch","War Paint","Strawberry"],"potions_floor_usage":[42,46,46],"damage_taken":[{"damage":2.0,"enemies":"2 Louse","floor":1.0,"turns":2.0},{"damage":0.0,"enemies":"Jaw Worm","floor":4.0,"turns":2.0},{"damage":0.0,"enemies":"Cultist","floor":5.0,"turns":2.0},{"damage":12.0,"enemies":"Lagavulin","floor":6.0,"turns":4.0},{"damage":21.0,"enemies":"Large Slime","floor":7.0,"turns":6.0},{"damage":4.0,"enemies":"2 Fungi Beasts","floor":8.0,"turns":3.0},{"damage":18.0,"enemies":"Blue Slaver","floor":12.0,"turns":3.0},{"damage":35.0,"enemies":"Gremlin Nob","floor":13.0,"turns":4.0},{"damage":12.0,"enemies":"Red Slaver","floor":14.0,"turns":4.0},{"damage":23.0,"enemies":"Hexaghost","floor":16.0,"turns":10.0},{"damage":18.0,"enemies":"Shell Parasite","floor":18.0,"turns":6.0},{"damage":9.0,"enemies":"Spheric Guardian","floor":20.0,"turns":6.0},{"damage":7.0,"enemies":"Gremlin Leader","floor":24.0,"turns":7.0},{"damage":24.0,"enemies":"Snecko","floor":25.0,"turns":5.0},{"damage":8.0,"enemies":"Cultist and Chosen","floor":27.0,"turns":6.0},{"damage":24.0,"enemies":"Book of Stabbing","floor":28.0,"turns":4.0},{"damage":91.0,"enemies":"Champ","floor":33.0,"turns":10.0},{"damage":21,"enemies":"3 Shapes","floor":35,"turns":3},{"damage":33,"enemies":"3 Darklings","floor":37,"turns":5},{"damage":18,"enemies":"4 Shapes","floor":39,"turns":1},{"damage":34,"enemies":"Reptomancer","floor":42,"turns":4},{"damage":17,"enemies":"2 Orb Walkers","floor":45,"turns":4},{"damage":34,"enemies":"Nemesis","floor":46,"turns":3},{"damage":5,"enemies":"Jaw Worm Horde","floor":47,"turns":3},{"damage":6,"enemies":"Sphere and 2 Shapes","floor":48,"turns":2},{"damage":62,"enemies":"Donu and Deca","floor":50,"turns":5}],"seed_played":"-7145575593227264435","potions_obtained":[{"floor":1.0,"key":"SkillPotion"},{"floor":5.0,"key":"Fire Potion"},{"floor":6.0,"key":"Dexterity Potion"},{"floor":16.0,"key":"Swift Potion"},{"floor":18.0,"key":"Swift Potion"},{"floor":27.0,"key":"Fire Potion"},{"floor":33.0,"key":"FearPotion"},{"floor":39,"key":"Strength Potion"},{"floor":45,"key":"AttackPotion"},{"floor":46,"key":"FearPotion"},{"floor":47,"key":"SteroidPotion"}],"is_trial":false,"path_per_floor":["M","?","T","M","M","E","M","M","T","R","$","M","E","M","R","B",null,"M","?","M","?","$","R","E","M","T","M","E","R","?","T","R","B",null,"M","?","M","$","M","R","?","E","T","R","?","E","M","M","R","B",null],"character_chosen":"IRONCLAD","items_purchased":["Turbo","Chrysalis","Panache","Whirlwind","Boot","Hello World"],"campfire_rested":6,"item_purchase_floors":[11,11,22,38,38,38],"current_hp_per_floor":[78,62,68,68,68,56,35,31,37,87,87,69,34,22,82,65,88,70,88,79,85,85,94,87,63,69,61,37,95,95,101,101,16,107,86,86,53,53,35,102,102,68,74,103,86,59,54,48,105,49],"gold":133,"neow_bonus":"","is_prod":false,"is_daily":true,"chose_seed":false,"campfire_upgraded":2,"win_rate":0,"timestamp":1553854427,"path_taken":["M","?","?","M","M","E","M","?","T","R","$","M","E","M","R","BOSS","M","?","?","?","$","R","E","M","T","M","E","R","?","?","R","BOSS","M","?","M","$","?","R","?","E","T","R","?","E","M","M","R","BOSS"],"build_version":"2019-01-23","purchased_purges":0,"victory":true,"max_hp_per_floor":[80,80,86,86,86,86,86,86,92,87,87,87,87,87,82,88,88,88,88,88,94,94,94,94,94,100,100,100,95,95,101,101,107,107,107,107,107,107,107,102,102,102,108,103,103,110,110,110,105,111],"card_choices":[{"not_picked":["Recycle","Compile Driver"],"picked":"Rampage","floor":1.0},{"not_picked":["Pommel Strike","Anger"],"picked":"Tempest","floor":4.0},{"not_picked":["Dagger Spray","Quick Slash"],"picked":"Storm","floor":5.0},{"not_picked":["Sentinel","Wild Strike"],"picked":"Hologram","floor":6.0},{"not_picked":["Hologram","Clothesline"],"picked":"Malaise","floor":7.0},{"not_picked":["Flying Knee","Self Repair"],"picked":"Noxious Fumes","floor":8.0},{"not_picked":["Sever Soul","Rage"],"picked":"Entrench","floor":12.0},{"not_picked":["Reinforced Body","Warcry"],"picked":"Genetic Algorithm","floor":13.0},{"not_picked":["Reckless Charge","Rampage"],"picked":"Poisoned Stab","floor":14.0},{"not_picked":["Iron Wave","Tempest"],"picked":"Feel No Pain","floor":15.0},{"not_picked":["Core Surge","Die Die Die"],"picked":"Limit Break","floor":16.0},{"not_picked":["Evolve","Shrug It Off+1"],"picked":"Blur+1","floor":18.0},{"not_picked":["Blade Dance","Bane"],"picked":"Flying Knee","floor":20.0},{"not_picked":["Pommel Strike","Dodge and Roll"],"picked":"Noxious Fumes","floor":24.0},{"not_picked":["Sword Boomerang","Endless Agony"],"picked":"Masterful Stab","floor":25.0},{"not_picked":["Doom and Gloom","Headbutt+1"],"picked":"Inflame+1","floor":27.0},{"not_picked":["Uppercut+1","Prepared"],"picked":"Turbo+1","floor":28.0},{"not_picked":["Body Slam","Cold Snap+1"],"picked":"Armaments+1","floor":29.0},{"not_picked":["Tools of the Trade","Biased Cognition"],"picked":"All For One","floor":33.0},{"not_picked":["Force Field+1","Iron Wave+1"],"picked":"Outmaneuver+1","floor":35},{"not_picked":["Flying Knee+1","Bane+1"],"picked":"Anger","floor":37},{"not_picked":["Sever Soul+1","Footwork"],"picked":"Iron Wave+1","floor":39},{"not_picked":["All Out Attack+1","Wild Strike+1"],"picked":"Double Energy+1","floor":40},{"not_picked":["Blizzard+1","Warcry","Finisher"],"picked":"SKIP","floor":42},{"not_picked":["Setup+1","Sword Boomerang"],"picked":"Iron Wave","floor":44},{"not_picked":["Flame Barrier","Rebound"],"picked":"Backflip","floor":45},{"not_picked":["Dagger Spray","Self Repair+1"],"picked":"Adrenaline","floor":46},{"not_picked":["Infinite Blades+1","Backflip"],"picked":"Flame Barrier+1","floor":47},{"not_picked":["Backflip+1","Dagger Spray+1"],"picked":"Poisoned Stab","floor":48},{"not_picked":["Deflect+1","Second Wind"],"picked":"Heavy Blade","floor":49}],"player_experience":275525,"relics_obtained":[{"floor":3.0,"key":"Oddly Smooth Stone"},{"floor":6.0,"key":"Tiny Chest"},{"floor":9.0,"key":"PreservedInsect"},{"floor":13.0,"key":"Dream Catcher"},{"floor":24.0,"key":"Bag of Preparation"},{"floor":26.0,"key":"Self Forming Clay"},{"floor":28.0,"key":"Bottled Lightning"},{"floor":31.0,"key":"Lantern"},{"floor":42,"key":"Shuriken"},{"floor":42,"key":"Bag of Marbles"},{"floor":43,"key":"Ancient Tea Set"},{"floor":45,"key":"Dead Branch"},{"floor":46,"key":"War Paint"},{"floor":46,"key":"Strawberry"}],"event_choices":[{"damage_healed":0.0,"max_hp_gain":0.0,"max_hp_loss":0.0,"gold_gain":0.0,"event_name":"Shining Light","player_choice":"Entered Light","floor":2.0,"gold_loss":0.0,"damage_taken":16.0,"cards_upgraded":["Defend_R","Strike_R"]},{"cards_removed":["Storm"],"damage_healed":18.0,"max_hp_gain":0.0,"max_hp_loss":0.0,"gold_gain":0.0,"event_name":"Bonfire Elementals","player_choice":"Offered Uncommon","floor":19.0,"gold_loss":0.0,"damage_taken":0.0},{"damage_healed":0.0,"max_hp_gain":0.0,"max_hp_loss":0.0,"gold_gain":0.0,"event_name":"The Mausoleum","player_choice":"Opened","floor":21.0,"gold_loss":0.0,"damage_taken":0.0,"relics_obtained":["Dodecahedron"],"cards_obtained":["Writhe"]},{"damage_healed":0.0,"max_hp_gain":0.0,"max_hp_loss":0.0,"gold_gain":0.0,"event_name":"Back to Basics","player_choice":"Simplicity","floor":30.0,"gold_loss":0.0,"damage_taken":0.0,"cards_upgraded":["Strike_R","Strike_R","Strike_R","Strike_R","Defend_R","Defend_R","Defend_R"]},{"damage_healed":0,"gold_gain":0,"player_choice":"2 cards matched","damage_taken":0,"max_hp_gain":0,"max_hp_loss":0,"event_name":"Match and Keep!","floor":36,"gold_loss":0,"cards_obtained":["Choke","Good Instincts"]},{"damage_healed":0,"gold_gain":0,"player_choice":"Paid","damage_taken":0,"relics_obtained":["Red Mask"],"max_hp_gain":0,"max_hp_loss":0,"event_name":"Tomb of Lord Red Mask","floor":41,"gold_loss":23},{"damage_healed":0,"gold_gain":0,"player_choice":"Fight","damage_taken":0,"max_hp_gain":0,"max_hp_loss":0,"event_name":"Mysterious Sphere","floor":45,"gold_loss":0}],"is_beta":false,"boss_relics":[{"not_picked":["Empty Cage","Tiny House"],"picked":"Eternal Feather"},{"not_picked":["White Beast Statue","Runic Cube"],"picked":"Black Star"}],"items_purged_floors":[],"is_endless":false,"potions_floor_spawned":[1,5,6,16,18,27,33,39,45,46,47],"ascension_level":0}