{"gold_per_floor":[117,117,135,135,145,165,165,177,177,177,130,147,147,177,177,177],"floor_reached":16,"playtime":1040,"items_purged":[],"score":102,"play_id":"4d41e68a-eff1-410d-bfee-ae7a3fa999b1","local_time":"20181230230507","is_ascension_mode":false,"campfire_choices":[{"floor":10,"key":"REST"},{"floor":13,"key":"REST"},{"floor":15,"key":"REST"}],"neow_cost":"NONE","seed_source_timestamp":30798407749894,"circlet_count":0,"master_deck":["Defend_G","Defend_G","Defend_G","Defend_G","Defend_G","Strike_G","Strike_G","Strike_G","Strike_G","Strike_G","Survivor","Neutralize","Backstab","Outmaneuver","Tools of the Trade","Decay","Caltrops","Deflect","Endless Agony","Terror+1","Footwork","Bullet Time+1"],"relics":["Ring of the Snake","Toxic Egg 2","The Specimen","Thread and Needle"],"potions_floor_usage":[16],"damage_taken":[{"damage":5,"enemies":"Small Slimes","floor":1,"turns":4},{"damage":5,"enemies":"2 Louse","floor":3,"turns":3},{"damage":3,"enemies":"Cultist","floor":5,"turns":4},{"damage":36,"enemies":"Exordium Thugs","floor":6,"turns":8},{"damage":7,"enemies":"Looter","floor":8,"turns":4},{"damage":18,"enemies":"3 Louse","floor":12,"turns":4},{"damage":33,"enemies":"Lagavulin","floor":14,"turns":9},{"damage":58,"enemies":"Hexaghost","floor":16,"turns":16}],"seed_played":"-2763631479071110310","potions_obtained":[{"floor":6,"key":"FearPotion"},{"floor":8,"key":"Regen Potion"},{"floor":14,"key":"Strength Potion"}],"is_trial":false,"path_per_floor":["M","?","M","?","M","M","T","M","T","R","?","M","R","E","R","B"],"character_chosen":"THE_SILENT","items_purchased":[],"campfire_rested":3,"item_purchase_floors":[],"current_hp_per_floor":[72,72,67,67,64,28,28,21,21,44,44,26,49,16,39,0],"gold":177,"neow_bonus":"TEN_PERCENT_HP_BONUS","is_prod":false,"is_daily":false,"chose_seed":false,"campfire_upgraded":0,"win_rate":0.0,"timestamp":1546239907,"path_taken":["M","?","M","?","M","?","?","M","T","R","?","M","R","E","R","BOSS"],"build_version":"2018-12-20","purchased_purges":0,"victory":false,"max_hp_per_floor":[77,77,77,77,77,77,77,77,77,77,77,77,77,77,77,77],"card_choices":[{"not_picked":["Quick Slash","Slice"],"picked":"Backstab","floor":1},{"not_picked":["Sucker Punch","Footwork"],"picked":"Outmaneuver","floor":3},{"not_picked":["Dash","Dagger Throw"],"picked":"Deflect","floor":5},{"not_picked":["PiercingWail","Deflect"],"picked":"Endless Agony","floor":6},{"not_picked":["Deadly Poison+1","Crippling Poison+1"],"picked":"Terror+1","floor":8},{"not_picked":["Eviscerate","Sucker Punch"],"picked":"Footwork","floor":12},{"not_picked":["Deadly Poison+1","Dagger Spray"],"picked":"Bullet Time+1","floor":14}],"player_experience":1416,"relics_obtained":[{"floor":7,"key":"Toxic Egg 2"},{"floor":9,"key":"The Specimen"},{"floor":14,"key":"Thread and Needle"}],"event_choices":[{"damage_healed":0,"gold_gain":0,"player_choice":"Leave","damage_taken":0,"max_hp_gain":0,"max_hp_loss":0,"event_name":"The Cleric","floor":2,"gold_loss":0},{"damage_healed":0,"gold_gain":0,"player_choice":"3 cards matched","damage_taken":0,"max_hp_gain":0,"max_hp_loss":0,"event_name":"Match and Keep!","floor":4,"gold_loss":0,"cards_obtained":["Tools of the Trade","Decay","Caltrops"]},{"damage_healed":0,"gold_gain":0,"player_choice":"Left Gold","damage_taken":0,"max_hp_gain":0,"max_hp_loss":0,"event_name":"World of Goop","floor":11,"gold_loss":47}],"is_beta":false,"boss_relics":[],"items_purged_floors":[],"is_endless":false,"potions_floor_spawned":[6,8,14],"killed_by":"Hexaghost","ascension_level":0}