{"gold_per_floor":[111,111,131,131,149,149,160,160,160,187,207,157,169,227,227,329,329,344,344,361,374,390,390,422,435,435,446,459,459],"floor_reached":29,"playtime":2098,"items_purged":[],"score":276,"play_id":"5ab215b0-01d7-4377-a0c9-b880bcf30fc2","local_time":"20190208213349","is_ascension_mode":false,"campfire_choices":[{"data":"Anger","floor":6,"key":"SMITH"},{"data":"Cleave","floor":8,"key":"SMITH"},{"floor":15,"key":"REST"},{"data":"Feed","floor":23,"key":"SMITH"}],"neow_cost":"NONE","seed_source_timestamp":117502453563016,"circlet_count":0,"master_deck":["Strike_R","Strike_R+1","Strike_R+1","Strike_R","Defend_R","Defend_R","Defend_R","Defend_R","Reaper","Anger+1","Pummel","Cleave+1","Clash","True Grit+1","Anger","Feed","Feed+1","J.A.X.+1","Dual Wield+1","True Grit+1","Metallicize"],"relics":["Burning Blood","Bag of Preparation","Potion Belt","Toxic Egg 2","Whetstone","Lizard Tail","Kunai","Mercury Hourglass"],"potions_floor_usage":[16,16,16,24,24],"damage_taken":[{"damage":7,"enemies":"2 Louse","floor":1,"turns":4},{"damage":1,"enemies":"Cultist","floor":3,"turns":4},{"damage":6,"enemies":"Jaw Worm","floor":5,"turns":4},{"damage":9,"enemies":"Exordium Wildlife","floor":7,"turns":5},{"damage":17,"enemies":"Gremlin Nob","floor":10,"turns":4},{"damage":14,"enemies":"Blue Slaver","floor":11,"turns":3},{"damage":5,"enemies":"Looter","floor":13,"turns":3},{"damage":40,"enemies":"Lagavulin Event","floor":14,"turns":6},{"damage":38,"enemies":"Slime Boss","floor":16,"turns":9},{"damage":16,"enemies":"Chosen","floor":18,"turns":5},{"damage":18,"enemies":"Shell Parasite","floor":20,"turns":4},{"damage":22,"enemies":"Chosen and Byrds","floor":21,"turns":5},{"damage":28,"enemies":"Snecko","floor":22,"turns":5},{"damage":131,"enemies":"Slavers","floor":24,"turns":8},{"damage":45,"enemies":"Snake Plant","floor":25,"turns":5},{"damage":18,"enemies":"Cultist and Chosen","floor":27,"turns":4},{"damage":21,"enemies":"Centurion and Healer","floor":28,"turns":5},{"damage":24,"enemies":"Snake Plant","floor":29,"turns":2}],"seed_played":"6365797307062182652","potions_obtained":[{"floor":3,"key":"Weak Potion"},{"floor":10,"key":"Energy Potion"},{"floor":11,"key":"SkillPotion"},{"floor":14,"key":"Weak Potion"},{"floor":20,"key":"Regen Potion"},{"floor":22,"key":"Poison Potion"},{"floor":25,"key":"SpeedPotion"},{"floor":27,"key":"SkillPotion"}],"is_trial":false,"path_per_floor":["?","M","T","?","?","?"],"character_chosen":"IRONCLAD","items_purchased":[],"campfire_rested":1,"item_purchase_floors":[],"current_hp_per_floor":[80,80,80,80,80,80,80,80,80,69,64,64,65,34,58,38,83,76,76,69,73,61,61,54,18,18,16,19,0],"gold":459,"neow_bonus":"ONE_RANDOM_RARE_CARD","is_prod":false,"is_daily":false,"chose_seed":false,"campfire_upgraded":3,"win_rate":0,"timestamp":1549679629,"path_taken":["M","?","?","?","M","R","M","R","T","E","M","?","M","?","R","BOSS","M","?","M","M","M","R","E","M","T","M","M","M"],"build_version":"2019-01-23","purchased_purges":0,"victory":false,"max_hp_per_floor":[80,80,80,80,80,80,80,80,80,80,80,80,80,80,80,83,83,86,86,89,95,98,98,102,102,102,105,109,109],"card_choices":[{"not_picked":["Inflame","Twin Strike"],"picked":"Anger","floor":1},{"not_picked":["Intimidate","Burning Pact","Flame Barrier"],"picked":"SKIP","floor":3},{"not_picked":["Clothesline","Thunderclap"],"picked":"Cleave","floor":5},{"not_picked":["Body Slam","Havoc"],"picked":"Clash","floor":7},{"not_picked":["Uppercut","Clothesline","Body Slam"],"picked":"SKIP","floor":10},{"not_picked":["Anger","Pommel Strike"],"picked":"True Grit+1","floor":11},{"not_picked":["Twin Strike","Feel No Pain"],"picked":"Anger","floor":13},{"not_picked":["Twin Strike","Cleave"],"picked":"Feed","floor":14},{"not_picked":["Barricade","Juggernaut"],"picked":"Feed","floor":16},{"not_picked":["Heavy Blade","Wild Strike","Uppercut"],"picked":"SKIP","floor":18},{"not_picked":["Blood for Blood","Twin Strike"],"picked":"Dual Wield+1","floor":20},{"not_picked":["Uppercut","Intimidate+1","Wild Strike"],"picked":"SKIP","floor":21},{"not_picked":["Bloodletting+1","Intimidate+1","Wild Strike"],"picked":"SKIP","floor":22},{"not_picked":["Spot Weakness+1","Exhume+1","Carnage"],"picked":"SKIP","floor":24},{"not_picked":["Intimidate+1","Thunderclap","Burning Pact+1"],"picked":"SKIP","floor":25},{"not_picked":["Battle Trance+1","Warcry+1"],"picked":"True Grit+1","floor":27},{"not_picked":["Heavy Blade","Flex+1"],"picked":"Metallicize","floor":28}],"player_experience":344136,"relics_obtained":[{"floor":4,"key":"Bag of Preparation"},{"floor":9,"key":"Potion Belt"},{"floor":10,"key":"Toxic Egg 2"},{"floor":14,"key":"Whetstone"},{"floor":24,"key":"Kunai"},{"floor":26,"key":"Mercury Hourglass"}],"event_choices":[{"damage_healed":0,"gold_gain":0,"cards_transformed":["Bash"],"player_choice":"Transformed","damage_taken":0,"max_hp_gain":0,"max_hp_loss":0,"event_name":"Transmorgrifier","floor":2,"gold_loss":0,"cards_obtained":["Pummel"]},{"cards_removed":["Strike_R"],"damage_healed":0,"gold_gain":0,"player_choice":"Card Removal","damage_taken":0,"max_hp_gain":0,"max_hp_loss":0,"event_name":"The Cleric","floor":12,"gold_loss":50},{"damage_healed":0,"gold_gain":0,"player_choice":"Searched \u00271\u0027 times","damage_taken":0,"max_hp_gain":0,"max_hp_loss":0,"event_name":"Dead Adventurer","floor":14,"gold_loss":0},{"damage_healed":0,"gold_gain":0,"player_choice":"Obtain J.A.X.","damage_taken":0,"max_hp_gain":0,"max_hp_loss":0,"event_name":"Drug Dealer","floor":19,"gold_loss":0,"cards_obtained":["J.A.X."]}],"is_beta":false,"boss_relics":[{"not_picked":["Coffee Dripper","Velvet Choker"],"picked":"Lizard Tail"}],"items_purged_floors":[],"is_endless":false,"potions_floor_spawned":[3,10,11,14,20,22,25,27],"killed_by":"Snake Plant","ascension_level":0}