{"gold_per_floor":[112,187,187,203,219,219,247,247,326,340,340,380,401,442,442,442],"floor_reached":16,"playtime":1164,"items_purged":[],"score":138,"play_id":"d3489303-33c5-405d-aa47-9536e48a09d5","local_time":"20190203100633","is_ascension_mode":true,"campfire_choices":[{"data":"Self Repair","floor":6,"key":"SMITH"},{"floor":8,"key":"REST"},{"floor":15,"key":"REST"}],"neow_cost":"NONE","seed_source_timestamp":472329239304089,"circlet_count":0,"master_deck":["Strike_B","Strike_B","Strike_B","Strike_B","Defend_B","Defend_B","Defend_B","Defend_B","Zap+1","Dualcast","Self Repair+1","Gash","Ball Lightning","Gash","Steam","Gash","Loop"],"relics":["Cracked Core","Vajra","Ornamental Fan","Golden Idol","Gambling Chip","Pear"],"potions_floor_usage":[12,12,13],"damage_taken":[{"damage":7,"enemies":"Jaw Worm","floor":1,"turns":3},{"damage":7,"enemies":"Small Slimes","floor":4,"turns":3},{"damage":6,"enemies":"Cultist","floor":5,"turns":3},{"damage":34,"enemies":"Gremlin Nob","floor":7,"turns":4},{"damage":7,"enemies":"Looter","floor":10,"turns":2},{"damage":24,"enemies":"Lagavulin","floor":12,"turns":7},{"damage":9,"enemies":"Exordium Wildlife","floor":13,"turns":3},{"damage":19,"enemies":"Gremlin Nob","floor":14,"turns":4},{"damage":48,"enemies":"The Guardian","floor":16,"turns":8}],"seed_played":"-1151874435125813455","potions_obtained":[{"floor":1,"key":"SkillPotion"},{"floor":7,"key":"LiquidBronze"},{"floor":10,"key":"Block Potion"},{"floor":12,"key":"AttackPotion"}],"is_trial":false,"path_per_floor":["?","?","M","?"],"character_chosen":"DEFECT","items_purchased":[],"campfire_rested":2,"item_purchase_floors":[],"current_hp_per_floor":[68,57,50,50,51,51,27,49,49,52,34,20,21,22,47,0],"gold":442,"neow_bonus":"UPGRADE_CARD","is_prod":false,"is_daily":false,"chose_seed":false,"campfire_upgraded":1,"win_rate":0,"timestamp":1549206393,"path_taken":["M","?","?","?","M","R","E","R","T","M","?","E","M","E","R","BOSS"],"build_version":"2019-01-23","purchased_purges":0,"victory":false,"max_hp_per_floor":[75,75,75,75,75,75,75,75,75,75,75,75,75,85,85,85],"card_choices":[{"not_picked":["Sweeping Beam","Redo"],"picked":"Self Repair","floor":1},{"not_picked":["Coolheaded","Glacier"],"picked":"Gash","floor":4},{"not_picked":["Beam Cell","Compile Driver"],"picked":"Ball Lightning","floor":5},{"not_picked":["Force Field","Rip and Tear"],"picked":"Gash","floor":7},{"not_picked":["Coolheaded","Compile Driver"],"picked":"Steam","floor":10},{"not_picked":["Core Surge","Coolheaded"],"picked":"Gash","floor":12},{"not_picked":["Barrage","Leap"],"picked":"Loop","floor":13},{"not_picked":["Leap","Reprogram","Sweeping Beam"],"picked":"SKIP","floor":14}],"player_experience":195060,"relics_obtained":[{"floor":7,"key":"Vajra"},{"floor":9,"key":"Ornamental Fan"},{"floor":12,"key":"Gambling Chip"},{"floor":14,"key":"Pear"}],"event_choices":[{"damage_healed":0,"gold_gain":75,"player_choice":"Gather Gold","damage_taken":11,"max_hp_gain":0,"max_hp_loss":0,"event_name":"World of Goop","floor":2,"gold_loss":0},{"damage_healed":0,"gold_gain":0,"player_choice":"Damaged","damage_taken":7,"max_hp_gain":0,"max_hp_loss":0,"event_name":"Wheel of Change","floor":3,"gold_loss":0},{"damage_healed":0,"gold_gain":0,"player_choice":"Take Damage","damage_taken":18,"relics_obtained":["Golden Idol"],"max_hp_gain":0,"max_hp_loss":0,"event_name":"Golden Idol","floor":11,"gold_loss":0}],"is_beta":false,"boss_relics":[],"items_purged_floors":[],"is_endless":false,"potions_floor_spawned":[1,7,10,12],"killed_by":"The Guardian","ascension_level":3}