{"gold_per_floor":[115,133,133,146,71,71,97,157,157,184,203,203,203,237,237,333,333,323,323,67,77,89,105,105,116,116,132,148,0,0,0,0,101,101,117,137,66,66,66,66,92,92,92,122,122,122,122,122,122,122,122,122,22,47,47],"floor_reached":55,"playtime":4113,"items_purged":["Pain","Enlightenment"],"score":788,"play_id":"88514e2a-88e8-4b89-8752-5fd2d2e74bac","local_time":"20190105003723","is_ascension_mode":true,"campfire_choices":[{"data":"Neutralize","floor":6.0,"key":"SMITH"},{"data":"Tools of the Trade","floor":12.0,"key":"SMITH"},{"floor":15.0,"key":"REST"},{"floor":30.0,"key":"REST"},{"data":"Envenom","floor":32.0,"key":"SMITH"},{"data":"A Thousand Cuts","floor":40.0,"key":"SMITH"},{"floor":45.0,"key":"DIG"},{"floor":47.0,"key":"DIG"},{"floor":49.0,"key":"RECALL"},{"data":"Accuracy","floor":52.0,"key":"SMITH"}],"neow_cost":"NONE","seed_source_timestamp":0,"circlet_count":0,"master_deck":["Defend_G","Defend_G","Defend_G","Defend_G","Defend_G","Strike_G+1","Strike_G","Strike_G","Strike_G","Strike_G+1","Survivor","Neutralize+1","Cloak And Dagger","Tools of the Trade+1","Blade Dance","Envenom+1","A Thousand Cuts+1","Accuracy+1","Cloak And Dagger+1","Backflip+1","Escape Plan+1","Dodge and Roll+1","Accuracy","Burst","Burst","PiercingWail+1"],"special_seed":0,"relics":["Ring of the Snake","NeowsBlessing","WarpedTongs","Pear","Incense Burner","Oddly Smooth Stone","Juzu Bracelet","Bottled Flame","Whetstone","Sozu","Kunai","Regal Pillow","Ornamental Fan","Lizard Tail","Shovel","Letter Opener","Potion Belt","Pantograph","Question Card","Meat on the Bone","Boot"],"potions_floor_usage":[55],"damage_taken":[{"damage":0.0,"enemies":"Cultist","floor":1.0,"turns":1.0},{"damage":0.0,"enemies":"2 Louse","floor":2.0,"turns":1.0},{"damage":1.0,"enemies":"Jaw Worm","floor":4.0,"turns":1.0},{"damage":25.0,"enemies":"Gremlin Nob","floor":7.0,"turns":4.0},{"damage":12.0,"enemies":"Lagavulin Event","floor":8.0,"turns":11.0},{"damage":8.0,"enemies":"3 Sentries","floor":10.0,"turns":9.0},{"damage":0.0,"enemies":"Looter","floor":11.0,"turns":3.0},{"damage":0.0,"enemies":"Lagavulin","floor":14.0,"turns":11.0},{"damage":33.0,"enemies":"The Guardian","floor":16.0,"turns":16.0},{"damage":7.0,"enemies":"2 Thieves","floor":18.0,"turns":4.0},{"damage":0.0,"enemies":"Spheric Guardian","floor":21.0,"turns":5.0},{"damage":22.0,"enemies":"Snake Plant","floor":22.0,"turns":6.0},{"damage":11.0,"enemies":"Shelled Parasite and Fungi","floor":23.0,"turns":6.0},{"damage":9.0,"enemies":"Snecko","floor":25.0,"turns":6.0},{"damage":12.0,"enemies":"Snake Plant","floor":27.0,"turns":4.0},{"damage":1.0,"enemies":"Cultist and Chosen","floor":28.0,"turns":6.0},{"damage":5.0,"enemies":"Automaton","floor":33.0,"turns":10.0},{"damage":14.0,"enemies":"Orb Walker","floor":35.0,"turns":4.0},{"damage":4.0,"enemies":"3 Darklings","floor":36.0,"turns":7.0},{"damage":17.0,"enemies":"Reptomancer","floor":41.0,"turns":8.0},{"damage":25.0,"enemies":"Nemesis","floor":44.0,"turns":10.0},{"damage":20.0,"enemies":"Awakened One","floor":50.0,"turns":18.0},{"damage":62.0,"enemies":"Shield and Spear","floor":54.0,"turns":16.0},{"damage":98,"enemies":"The Heart","floor":55,"turns":11}],"seed_played":"-5335764157285978251","potions_obtained":[{"floor":1.0,"key":"GamblersBrew"},{"floor":4.0,"key":"Poison Potion"},{"floor":14.0,"key":"Regen Potion"},{"floor":16.0,"key":"Swift Potion"}],"is_trial":false,"path_per_floor":["M","M","?","M","$","R","E","?","T","E","M","R","T","E","R","B",null,"M","?","$","M","M","M","?","M","T","M","M","$","R","T","R","B",null,"M","M","$","?","?","R","E","T","T","E","R","?","R","?","R","B",null,"R","$","E","B"],"character_chosen":"THE_SILENT","items_purchased":["Kunai","Regal Pillow","Accuracy"],"campfire_rested":2,"item_purchase_floors":[20,29,37],"current_hp_per_floor":[70,70,70,69,69,69,54,42,42,34,34,34,34,34,58,25,80,73,58,58,58,50,39,39,30,30,18,17,17,57,57,57,52,85,71,67,67,67,67,67,50,50,50,25,25,25,25,25,25,42,81,81,81,31,0],"gold":47,"neow_bonus":"THREE_ENEMY_KILL","is_prod":false,"is_daily":false,"chose_seed":false,"campfire_upgraded":5,"win_rate":0,"timestamp":1546677443,"path_taken":["M","?","?","?","?","R","E","?","T","E","M","R","?","E","R","BOSS","M","?","$","M","M","M","?","M","T","M","M","$","R","?","R","BOSS","M","M","$","?","?","R","E","?","T","E","R","?","R","?","R","BOSS","R","$","E","BOSS"],"build_version":"2019-01-03v4","purchased_purges":2,"victory":false,"max_hp_per_floor":[70,70,70,70,70,70,80,80,80,80,80,80,80,80,80,80,80,80,85,85,85,85,85,85,85,85,85,85,85,85,85,85,85,85,85,85,85,81,81,81,81,81,81,81,81,81,81,81,81,81,81,81,81,81,81],"card_choices":[{"not_picked":["Dash","PiercingWail","Calculated Gamble"],"picked":"SKIP","floor":1.0},{"not_picked":["Flying Knee","PiercingWail","Predator"],"picked":"SKIP","floor":2.0},{"not_picked":["Dagger Spray","Terror"],"picked":"Cloak And Dagger","floor":4.0},{"not_picked":["Deadly Poison","Flechettes"],"picked":"Tools of the Trade","floor":7.0},{"not_picked":["Finisher","Flying Knee"],"picked":"Blade Dance","floor":8.0},{"not_picked":["PiercingWail","Caltrops","Calculated Gamble"],"picked":"SKIP","floor":10.0},{"not_picked":["Heel Hook","Predator","Blade Dance"],"picked":"SKIP","floor":11.0},{"not_picked":["Heel Hook","Flying Knee"],"picked":"Envenom","floor":14.0},{"not_picked":["Tools of the Trade","Glass Knife"],"picked":"A Thousand Cuts","floor":16.0},{"not_picked":["Dagger Throw","Flying Knee","Quick Slash+1"],"picked":"SKIP","floor":18.0},{"not_picked":["Leg Sweep","Endless Agony"],"picked":"Accuracy","floor":21.0},{"not_picked":["Dagger Throw","Wraith Form v2","Dodge and Roll"],"picked":"SKIP","floor":22.0},{"not_picked":["Reflex","Terror"],"picked":"Cloak And Dagger+1","floor":23.0},{"not_picked":["Deadly Poison","Leg Sweep","Dash"],"picked":"SKIP","floor":25.0},{"not_picked":["Poisoned Stab","Heel Hook+1"],"picked":"Backflip+1","floor":27.0},{"not_picked":["Dagger Throw+1","Underhanded Strike+1"],"picked":"Escape Plan+1","floor":28.0},{"not_picked":["Blade Dance","Acrobatics+1"],"picked":"Dodge and Roll+1","floor":35.0},{"not_picked":["Calculated Gamble+1","Quick Slash+1","Dodge and Roll+1"],"picked":"SKIP","floor":36.0},{"not_picked":["Dagger Throw+1","Skewer+1","Slice+1"],"picked":"SKIP","floor":41.0},{"not_picked":["Outmaneuver+1","Deadly Poison"],"picked":"Burst","floor":44.0},{"not_picked":["Mind Blast","The Bomb","Violence"],"picked":"Enlightenment","floor":48.0},{"not_picked":["Dagger Spray+1","Distraction+1","Footwork"],"picked":"PiercingWail+1","floor":54.0}],"player_experience":83612,"relics_obtained":[{"floor":7.0,"key":"Pear"},{"floor":8.0,"key":"Incense Burner"},{"floor":9.0,"key":"Oddly Smooth Stone"},{"floor":10.0,"key":"Juzu Bracelet"},{"floor":13.0,"key":"Bottled Flame"},{"floor":14.0,"key":"Whetstone"},{"floor":31.0,"key":"Ornamental Fan"},{"floor":41.0,"key":"Shovel"},{"floor":42.0,"key":"Letter Opener"},{"floor":43.0,"key":"Potion Belt"},{"floor":44.0,"key":"Pantograph"},{"floor":45.0,"key":"Question Card"},{"floor":47.0,"key":"Meat on the Bone"},{"floor":54.0,"key":"Boot"}],"event_choices":[{"damage_healed":0.0,"max_hp_gain":0.0,"max_hp_loss":0.0,"gold_gain":0.0,"event_name":"Accursed Blacksmith","player_choice":"Rummage","floor":3.0,"gold_loss":0.0,"damage_taken":0.0,"relics_obtained":["WarpedTongs"],"cards_obtained":["Pain"]},{"damage_healed":0.0,"max_hp_gain":0.0,"max_hp_loss":0.0,"gold_gain":0.0,"event_name":"Dead Adventurer","player_choice":"Searched \u00271\u0027 times","floor":8.0,"gold_loss":0.0,"damage_taken":0.0},{"damage_healed":0.0,"max_hp_gain":5.0,"max_hp_loss":0.0,"gold_gain":0.0,"event_name":"Forgotten Altar","player_choice":"Shed Blood","floor":19.0,"gold_loss":0.0,"damage_taken":20.0},{"damage_healed":0.0,"max_hp_gain":0.0,"max_hp_loss":0.0,"gold_gain":0.0,"event_name":"Ghosts","player_choice":"Ignored","floor":24.0,"gold_loss":0.0,"damage_taken":0.0},{"damage_healed":0.0,"max_hp_gain":0.0,"max_hp_loss":4.0,"gold_gain":0.0,"event_name":"Winding Halls","player_choice":"Max HP","floor":38.0,"gold_loss":0.0,"damage_taken":0.0},{"damage_healed":0.0,"max_hp_gain":0.0,"max_hp_loss":0.0,"gold_gain":0.0,"event_name":"Mysterious Sphere","player_choice":"Ignored","floor":39.0,"gold_loss":0.0,"damage_taken":0.0},{"damage_healed":0.0,"max_hp_gain":0.0,"max_hp_loss":0.0,"gold_gain":0.0,"event_name":"Duplicator","player_choice":"Copied","floor":46.0,"gold_loss":0.0,"damage_taken":0.0,"cards_obtained":["Burst"]},{"damage_healed":0.0,"max_hp_gain":0.0,"max_hp_loss":0.0,"gold_gain":0.0,"event_name":"SensoryStone","player_choice":"Memory 1","floor":48.0,"gold_loss":0.0,"damage_taken":0.0}],"is_beta":false,"boss_relics":[{"not_picked":["Velvet Choker","Empty Cage"],"picked":"Sozu"},{"not_picked":["Calling Bell","Orrery"],"picked":"Lizard Tail"}],"items_purged_floors":[5,53],"is_endless":false,"potions_floor_spawned":[1,4,14,16,21,22,27,35,54],"killed_by":"The Heart","ascension_level":2}