{"gold_per_floor":[116,116,75,88,107,137,137,150,150,113,131,131,131,166,166,245,245,263,263],"floor_reached":19,"playtime":928,"items_purged":[],"score":420,"play_id":"ff4b8826-0665-46d4-83ed-fe638755eac7","local_time":"20190406203546","is_ascension_mode":true,"campfire_choices":[{"data":"Noxious Fumes","floor":7.0,"key":"SMITH"},{"data":"Footwork","floor":12.0,"key":"SMITH"},{"data":"Neutralize","floor":15.0,"key":"SMITH"}],"neow_cost":"NONE","seed_source_timestamp":665352340276600,"circlet_count":0,"master_deck":["AscendersBane","Defend_G","Defend_G","Defend_G","Defend_G","Defend_G","Strike_G","Strike_G","Strike_G","Survivor","Neutralize+1","Footwork+1","Noxious Fumes+1","Backflip","Leg Sweep","Endless Agony","Crippling Poison","Well Laid Plans+1","PiercingWail","Malaise","Catalyst+1"],"special_seed":0,"relics":["Ring of the Snake","NeowsBlessing","Frozen Egg 2","Sundial","Coffee Dripper"],"potions_floor_usage":[19],"damage_taken":[{"damage":0.0,"enemies":"Jaw Worm","floor":1.0,"turns":1.0},{"damage":0.0,"enemies":"Cultist","floor":4.0,"turns":1.0},{"damage":0.0,"enemies":"2 Louse","floor":5.0,"turns":1.0},{"damage":25.0,"enemies":"3 Sentries","floor":6.0,"turns":10.0},{"damage":2.0,"enemies":"Large Slime","floor":8.0,"turns":7.0},{"damage":3.0,"enemies":"Gremlin Gang","floor":11.0,"turns":5.0},{"damage":21.0,"enemies":"Gremlin Nob","floor":14.0,"turns":7.0},{"damage":0.0,"enemies":"Hexaghost","floor":16.0,"turns":14.0},{"damage":3.0,"enemies":"Shell Parasite","floor":18.0,"turns":7.0},{"damage":46,"enemies":"Masked Bandits","floor":19,"turns":5}],"seed_played":"-5738074156769766519","potions_obtained":[{"floor":4.0,"key":"Strength Potion"},{"floor":5.0,"key":"Fire Potion"},{"floor":6.0,"key":"SpeedPotion"},{"floor":16.0,"key":"PowerPotion"}],"is_trial":false,"path_per_floor":["M","?","$","M","M","E","R","M","T","$","M","R","?","E","R","B",null,"M","?"],"character_chosen":"THE_SILENT","items_purchased":["Noxious Fumes","Well Laid Plans+1"],"campfire_rested":0,"item_purchase_floors":[3,10],"current_hp_per_floor":[59,59,59,59,59,34,34,32,32,32,29,29,29,8,8,8,52,49,3],"gold":263,"neow_bonus":"THREE_ENEMY_KILL","is_prod":false,"is_daily":false,"chose_seed":false,"campfire_upgraded":3,"win_rate":0,"timestamp":1554608146,"path_taken":["M","?","$","?","?","E","R","M","T","$","M","R","?","E","R","BOSS","M","?"],"build_version":"2019-01-23","purchased_purges":0,"victory":false,"max_hp_per_floor":[66,66,66,66,66,66,66,66,66,66,66,66,66,66,66,66,66,66,66],"card_choices":[{"not_picked":["Outmaneuver","Choke"],"picked":"Footwork","floor":1.0},{"not_picked":["Poisoned Stab","Backstab"],"picked":"Backflip","floor":4.0},{"not_picked":["Deadly Poison","Quick Slash"],"picked":"Leg Sweep","floor":5.0},{"not_picked":["Expertise","Crippling Poison"],"picked":"Endless Agony","floor":6.0},{"not_picked":["Concentrate","Distraction"],"picked":"Crippling Poison","floor":8.0},{"not_picked":["Bane","Heel Hook"],"picked":"PiercingWail","floor":11.0},{"not_picked":["Dodge and Roll","Bane","Heel Hook"],"picked":"SKIP","floor":14.0},{"not_picked":["Storm of Steel","A Thousand Cuts+1"],"picked":"Malaise","floor":16.0},{"not_picked":["Distraction","Backflip"],"picked":"Catalyst+1","floor":18.0}],"player_experience":482919,"relics_obtained":[{"floor":6.0,"key":"Frozen Egg 2"},{"floor":9.0,"key":"Sundial"}],"event_choices":[{"cards_removed":["Strike_G"],"damage_healed":0.0,"max_hp_gain":0.0,"max_hp_loss":0.0,"gold_gain":0.0,"event_name":"Purifier","player_choice":"Purged","floor":2.0,"gold_loss":0.0,"damage_taken":0.0},{"cards_removed":["Strike_G"],"damage_healed":0.0,"max_hp_gain":0.0,"max_hp_loss":0.0,"gold_gain":0.0,"event_name":"Living Wall","player_choice":"Forget","floor":13.0,"gold_loss":0.0,"damage_taken":0.0},{"damage_healed":0,"gold_gain":0,"player_choice":"Fought Bandits","damage_taken":0,"max_hp_gain":0,"max_hp_loss":0,"event_name":"Masked Bandits","floor":19,"gold_loss":0}],"is_beta":false,"boss_relics":[{"not_picked":["Fusion Hammer","Ectoplasm"],"picked":"Coffee Dripper"}],"items_purged_floors":[],"is_endless":false,"potions_floor_spawned":[4,5,6,16],"killed_by":"Masked Bandits","ascension_level":17}