{"gold_per_floor":[116,116,45,45,55,55,84,97,176,188,188,188,205,215,215,310,360,376,376,388,404,418,418,418,418],"floor_reached":25,"playtime":1015,"items_purged":[],"score":251,"play_id":"d79405f4-d9fd-485e-80b0-957aedb46096","local_time":"20180829201248","is_ascension_mode":true,"campfire_choices":[{"floor":6,"key":"REST"},{"floor":12,"key":"REST"},{"floor":15,"key":"REST"},{"floor":23,"key":"REST"}],"neow_cost":"NONE","seed_source_timestamp":1109798005912,"circlet_count":0,"master_deck":["Defend_B","Defend_B","Defend_B","Defend_B+1","Zap","Dualcast","Sweeping Beam","Self Repair","BootSequence","Coolheaded","Capacitor","Darkness","Steam","Streamline","Electrodynamics","Ball Lightning","Consume","Defragment","Coolheaded","Glacier","Steam","Bite","Bite","Bite","Bite","Bite"],"relics":["Cracked Core","Ancient Tea Set","Oddly Smooth Stone","Centennial Puzzle","Bottled Lightning","Tiny House"],"potions_floor_usage":[8,16,16,16,16,16,22],"damage_taken":[{"damage":5,"enemies":"2 Louse","floor":1,"turns":3},{"damage":12,"enemies":"Small Slimes","floor":5,"turns":4},{"damage":12,"enemies":"3 Sentries","floor":7,"turns":6},{"damage":0,"enemies":"Jaw Worm","floor":8,"turns":4},{"damage":2,"enemies":"Large Slime","floor":10,"turns":6},{"damage":14,"enemies":"Exordium Thugs","floor":13,"turns":5},{"damage":16,"enemies":"3 Louse","floor":14,"turns":3},{"damage":34,"enemies":"Slime Boss","floor":16,"turns":11},{"damage":1,"enemies":"3 Byrds","floor":18,"turns":2},{"damage":32,"enemies":"Spheric Guardian","floor":20,"turns":6},{"damage":32,"enemies":"Shelled Parasite and Fungi","floor":21,"turns":6},{"damage":23,"enemies":"3 Cultists","floor":22,"turns":6},{"damage":46,"enemies":"Snake Plant","floor":25,"turns":5}],"seed_played":"-2452482982041424259","potions_obtained":[{"floor":1,"key":"Swift Potion"},{"floor":5,"key":"FearPotion"},{"floor":7,"key":"EntropicBrew"},{"floor":17,"key":"Fire Potion"},{"floor":22,"key":"SpeedPotion"}],"is_trial":false,"path_per_floor":["M","?","$","?","M","R","E","M","T","M","?","R","M","M","R","B",null,"M","?","M","M","M","R","?"],"character_chosen":"DEFECT","items_purchased":["Self Repair"],"campfire_rested":4,"item_purchase_floors":[3],"current_hp_per_floor":[70,55,55,13,8,30,25,32,32,30,30,52,45,36,58,24,80,80,80,55,30,14,38,38,0],"gold":418,"neow_bonus":"RANDOM_COMMON_RELIC","is_prod":false,"is_daily":false,"chose_seed":false,"campfire_upgraded":0,"win_rate":0,"timestamp":1535595168,"path_taken":["M","?","$","?","M","R","E","M","T","M","?","R","M","M","R","BOSS","M","?","M","M","M","R","?","M"],"build_version":"2018-08-23v2","purchased_purges":0,"victory":false,"max_hp_per_floor":[75,75,75,75,75,75,75,75,75,75,75,75,75,75,75,75,80,80,80,80,80,80,80,56,56],"card_choices":[{"not_picked":["Recycle","Rebound"],"picked":"Sweeping Beam","floor":1},{"not_picked":["Melter","Streamline"],"picked":"BootSequence","floor":5},{"not_picked":["Rebound","Conserve Battery"],"picked":"Coolheaded","floor":7},{"not_picked":["Sunder","Conserve Battery"],"picked":"Capacitor","floor":8},{"not_picked":["Sweeping Beam","Consume"],"picked":"Darkness","floor":10},{"not_picked":["Hologram","Auto Shields"],"picked":"Steam","floor":13},{"not_picked":["Rebound","Darkness"],"picked":"Streamline","floor":14},{"not_picked":["Fission","Rainbow"],"picked":"Electrodynamics","floor":16},{"not_picked":["Steam Power","Heatsinks"],"picked":"Ball Lightning","floor":17},{"not_picked":["Rebound","Recycle"],"picked":"Consume","floor":18},{"not_picked":["Hologram","Reinforced Body"],"picked":"Coolheaded","floor":20},{"not_picked":["Melter","Leap"],"picked":"Glacier","floor":21},{"not_picked":["Redo","Cold Snap"],"picked":"Steam","floor":22}],"player_experience":413006,"relics_obtained":[{"floor":7,"key":"Centennial Puzzle"},{"floor":9,"key":"Bottled Lightning"}],"event_choices":[{"event_name":"Shining Light","player_choice":"Entered Light","floor":2,"damage_taken":0},{"event_name":"Scrap Ooze","player_choice":"success","floor":4,"damage_taken":42},{"event_name":"Purifier","player_choice":"One Purge","floor":11,"damage_taken":0},{"event_name":"The Library","player_choice":"Read","floor":19,"damage_taken":0},{"event_name":"Vampires","player_choice":"Became a vampire","floor":24,"damage_taken":0}],"is_beta":false,"boss_relics":[{"not_picked":["Fusion Hammer","Runic Dome"],"picked":"Tiny House"}],"items_purged_floors":[],"is_endless":false,"potions_floor_spawned":[1,5,7,22],"killed_by":"Snake Plant","ascension_level":2}