{"gold_per_floor":[118,118,137,148,161,161,187,187,187,200,225,225,237,222,222,324,324,334,7,27,43,61,61,87,102,129,141,153,165,177,114,126,239,251,283,311,323,335,7,7],"floor_reached":40,"playtime":1868,"items_purged":["Decay"],"score":485,"play_id":"c812980b-860c-46b1-a732-bfa0a7049373","local_time":"20180922235832","is_ascension_mode":true,"campfire_choices":[{"data":"Noxious Fumes","floor":6,"key":"SMITH"},{"floor":8,"key":"REST"},{"floor":15,"key":"REST"},{"data":"Distraction","floor":23,"key":"SMITH"},{"data":"Night Terror","floor":27,"key":"SMITH"},{"data":"Bouncing Flask","floor":29,"key":"SMITH"},{"floor":32,"key":"REST"}],"neow_cost":"PERCENT_DAMAGE","seed_source_timestamp":27695257000033,"circlet_count":0,"master_deck":["Defend_G","Defend_G","Defend_G","Defend_G","Defend_G","Strike_G","Strike_G","Strike_G","Strike_G","Strike_G","Survivor","Neutralize","Poisoned Stab","Bane","Noxious Fumes+1","Bane","Night Terror+1","Deflect","Deflect","Acrobatics","Deadly Poison","Bane","Corpse Explosion","Dagger Throw+1","Poisoned Stab","Footwork","Backflip+1","Well Laid Plans+1","Distraction+1","Crippling Poison","Quick Slash","Bullet Time","Calculated Gamble","Bouncing Flask+1","Escape Plan","A Thousand Cuts","Dagger Spray+1","Choke","Noxious Fumes+1","Choke+1","Riddle With Holes+1","Dagger Spray+1","Prepared+1","Malaise","Deflect+1","Injury"],"relics":["Ring of the Snake","Gambling Chip","Ancient Tea Set","Mango","Kunai","Matryoshka","Prayer Wheel","Cursed Key","Mummified Hand","Question Card","MawBank","Regal Pillow","Orrery","Boot","The Courier","Tingsha"],"potions_floor_usage":[16,16,20,25,28,40,40],"damage_taken":[{"damage":0,"enemies":"Small Slimes","floor":1,"turns":4},{"damage":2,"enemies":"2 Louse","floor":3,"turns":3},{"damage":0,"enemies":"Jaw Worm","floor":4,"turns":3},{"damage":6,"enemies":"Large Slime","floor":5,"turns":4},{"damage":16,"enemies":"Lagavulin","floor":7,"turns":6},{"damage":7,"enemies":"Gremlin Gang","floor":10,"turns":4},{"damage":31,"enemies":"Gremlin Nob","floor":11,"turns":5},{"damage":1,"enemies":"Looter","floor":13,"turns":2},{"damage":2,"enemies":"Exordium Thugs","floor":14,"turns":4},{"damage":22,"enemies":"The Guardian","floor":16,"turns":11},{"damage":1,"enemies":"Shell Parasite","floor":18,"turns":5},{"damage":0,"enemies":"Spheric Guardian","floor":20,"turns":5},{"damage":1,"enemies":"3 Cultists","floor":21,"turns":3},{"damage":5,"enemies":"Chosen and Byrds","floor":22,"turns":4},{"damage":31,"enemies":"Book of Stabbing","floor":24,"turns":5},{"damage":1,"enemies":"Cultist and Chosen","floor":25,"turns":3},{"damage":1,"enemies":"Gremlin Leader","floor":28,"turns":5},{"damage":56,"enemies":"Champ","floor":33,"turns":13},{"damage":21,"enemies":"3 Darklings","floor":35,"turns":5},{"damage":18,"enemies":"Orb Walker","floor":36,"turns":4},{"damage":68,"enemies":"Nemesis","floor":40,"turns":4}],"seed_played":"-4284677559222619431","potions_obtained":[{"floor":1,"key":"FearPotion"},{"floor":10,"key":"GhostInAJar"},{"floor":14,"key":"AttackPotion"},{"floor":16,"key":"Block Potion"},{"floor":18,"key":"SmokeBomb"},{"floor":20,"key":"Fire Potion"}],"is_trial":false,"path_per_floor":["M","?","M","M","M","R","E","R","T","M","E","?","M","M","R","B",null,"M","$","M","M","M","R","E","M","T","R","E","R","?","?","R","B",null,"M","M","?","T","$"],"character_chosen":"THE_SILENT","items_purchased":["Mummified Hand","Footwork","Tingsha","AttackPotion"],"campfire_rested":3,"item_purchase_floors":[19,19,39,39],"current_hp_per_floor":[49,49,47,47,41,41,39,64,64,57,26,14,13,11,36,14,84,83,83,83,82,77,77,46,45,45,45,44,44,36,36,76,20,84,63,45,45,45,45,0],"gold":7,"neow_bonus":"ONE_RARE_RELIC","is_prod":false,"is_daily":false,"chose_seed":false,"campfire_upgraded":4,"win_rate":0,"timestamp":1537675112,"path_taken":["M","?","M","M","M","R","E","R","T","M","E","?","M","M","R","BOSS","M","$","M","?","M","R","E","M","T","R","E","R","?","?","R","BOSS","M","M","?","?","$","E"],"build_version":"2018-09-20","purchased_purges":1,"victory":false,"max_hp_per_floor":[70,70,70,70,70,70,84,84,84,84,84,84,84,84,84,84,84,84,84,84,84,84,84,84,84,84,84,84,84,84,84,84,84,84,84,84,80,80,80,80],"card_choices":[{"not_picked":["All Out Attack","Dash"],"picked":"Poisoned Stab","floor":1},{"not_picked":["Quick Slash","Distraction"],"picked":"Bane","floor":3},{"not_picked":["Eviscerate","Deflect"],"picked":"Noxious Fumes","floor":4},{"not_picked":["Calculated Gamble","Prepared"],"picked":"Bane","floor":5},{"not_picked":["Acrobatics","Die Die Die"],"picked":"Night Terror","floor":7},{"not_picked":["Caltrops","Tactician","Dash"],"picked":"SKIP","floor":10},{"not_picked":["Outmaneuver","Dodge and Roll"],"picked":"Deflect","floor":11},{"not_picked":["Prepared","Quick Slash"],"picked":"Deflect","floor":13},{"not_picked":["Quick Slash","Leg Sweep"],"picked":"Acrobatics","floor":13},{"not_picked":["Outmaneuver","Dagger Spray"],"picked":"Deadly Poison","floor":14},{"not_picked":["Phantasmal Killer","Acrobatics"],"picked":"Bane","floor":14},{"not_picked":["Glass Knife","Doppelganger"],"picked":"Corpse Explosion","floor":16},{"not_picked":["Setup","Flying Knee"],"picked":"Dagger Throw+1","floor":18},{"not_picked":["Predator+1","Masterful Stab+1"],"picked":"Poisoned Stab","floor":18},{"not_picked":["Outmaneuver","Dodge and Roll"],"picked":"Backflip+1","floor":20},{"not_picked":["Poisoned Stab","Blade Dance"],"picked":"Well Laid Plans+1","floor":20},{"not_picked":["Deadly Poison+1","Cloak And Dagger"],"picked":"Distraction","floor":21},{"not_picked":["Die Die Die","Cloak And Dagger"],"picked":"Crippling Poison","floor":21},{"not_picked":["Sucker Punch","Underhanded Strike"],"picked":"Quick Slash","floor":22},{"not_picked":["Tactician","Endless Agony+1"],"picked":"Bullet Time","floor":22},{"not_picked":["Acrobatics","Expertise+1"],"picked":"Calculated Gamble","floor":24},{"not_picked":["Backflip","Dagger Spray","Slice"],"picked":"Bouncing Flask","floor":25},{"not_picked":["Underhanded Strike","Poisoned Stab+1","Cloak And Dagger"],"picked":"Escape Plan","floor":25},{"not_picked":["Storm of Steel","Die Die Die","Phantasmal Killer"],"picked":"A Thousand Cuts","floor":33},{"not_picked":["Prepared","Flying Knee","Acrobatics"],"picked":"Dagger Spray+1","floor":34},{"not_picked":["Quick Slash","Accuracy","Expertise"],"picked":"Choke","floor":34},{"not_picked":["Eviscerate","All Out Attack+1","Flying Knee"],"picked":"Noxious Fumes+1","floor":34},{"not_picked":["Finisher","Slice+1","Cloak And Dagger+1"],"picked":"Choke+1","floor":34},{"not_picked":["Grand Finale","Quick Slash","Flying Knee"],"picked":"Riddle With Holes+1","floor":34},{"not_picked":["Bane+1","Accuracy","Deflect+1"],"picked":"Dagger Spray+1","floor":35},{"not_picked":["Cloak And Dagger+1","Blade Dance+1","Dagger Spray+1"],"picked":"Prepared+1","floor":35},{"not_picked":["Prepared","Acrobatics","Deadly Poison"],"picked":"Malaise","floor":36},{"not_picked":["Dagger Throw+1","Sucker Punch","PiercingWail"],"picked":"Deflect+1","floor":36}],"player_experience":273224,"relics_obtained":[{"floor":7,"key":"Mango"},{"floor":9,"key":"Kunai"},{"floor":11,"key":"Matryoshka"},{"floor":24,"key":"Question Card"},{"floor":26,"key":"MawBank"},{"floor":26,"key":"Regal Pillow"},{"floor":38,"key":"Boot"},{"floor":38,"key":"The Courier"}],"event_choices":[{"event_name":"Big Fish","player_choice":"Box","floor":2,"damage_taken":0},{"event_name":"Scrap Ooze","player_choice":"success","floor":12,"damage_taken":12},{"event_name":"Wheel of Change","player_choice":"Damage","floor":30,"damage_taken":0},{"event_name":"Beggar","player_choice":"Gave Gold","floor":31,"damage_taken":0},{"event_name":"Winding Halls","player_choice":"Max HP","floor":37,"damage_taken":0}],"is_beta":true,"boss_relics":[{"not_picked":["Velvet Choker","Lizard Tail"],"picked":"Cursed Key"},{"not_picked":["Tiny House","Snecko Eye"],"picked":"Orrery"}],"items_purged_floors":[39],"is_endless":false,"potions_floor_spawned":[1,10,14,16,18,20,24],"killed_by":"Nemesis","ascension_level":1}