{"gold_per_floor":[113,123,48,65,85,85,85,118,118,143,143,243,262,3,3,3],"floor_reached":16,"playtime":897,"items_purged":["Decay","Strike_B"],"score":187,"play_id":"eac5ea15-9c63-483b-8b90-3756e8f157ac","local_time":"20190404193315","is_ascension_mode":true,"campfire_choices":[{"data":"Zap","floor":6,"key":"SMITH"},{"data":"Sweeping Beam","floor":11,"key":"SMITH"},{"data":"Steam","floor":15,"key":"SMITH"}],"neow_cost":"CURSE","seed_source_timestamp":0,"circlet_count":0,"master_deck":["AscendersBane","Strike_B","Strike_B","Strike_B","Defend_B","Defend_B","Defend_B","Defend_B","Zap+1","Dualcast","Echo Form","Sweeping Beam+1","Steam+1","Self Repair+1","Chill","Cold Snap"],"special_seed":0,"relics":["Cracked Core","Strawberry","Pantograph","Dead Branch","Membership Card"],"potions_floor_usage":[16,16],"damage_taken":[{"damage":13.0,"enemies":"Jaw Worm","floor":1.0,"turns":4.0},{"damage":4.0,"enemies":"2 Louse","floor":2.0,"turns":2.0},{"damage":0,"enemies":"Cultist","floor":4,"turns":3},{"damage":4,"enemies":"Red Slaver","floor":5,"turns":5},{"damage":31,"enemies":"3 Sentries","floor":8,"turns":9},{"damage":27,"enemies":"Lagavulin","floor":10,"turns":9},{"damage":0,"enemies":"Looter","floor":13,"turns":4},{"damage":60,"enemies":"Slime Boss","floor":16,"turns":9}],"seed_played":"4444725075862045096","potions_obtained":[{"floor":1.0,"key":"SpeedPotion"},{"floor":2.0,"key":"Swift Potion"}],"is_trial":false,"path_per_floor":["?","?","M","$"],"character_chosen":"DEFECT","items_purchased":["Membership Card"],"campfire_rested":0,"item_purchase_floors":[14],"current_hp_per_floor":[51,47,47,47,50,50,50,36,36,19,19,19,29,29,29,0],"gold":3,"neow_bonus":"THREE_RARE_CARDS","is_prod":false,"is_daily":false,"chose_seed":false,"campfire_upgraded":3,"win_rate":0,"timestamp":1554420795,"path_taken":["M","M","$","M","M","R","?","E","T","E","R","?","?","?","R","BOSS"],"build_version":"2019-01-23","purchased_purges":2,"victory":false,"max_hp_per_floor":[71,71,71,71,71,71,71,78,78,78,78,78,78,78,78,78],"card_choices":[{"not_picked":["Fission","Thunder Strike"],"picked":"Echo Form","floor":0.0},{"not_picked":["Tempest","Steam"],"picked":"Sweeping Beam","floor":1.0},{"not_picked":["Stack","Turbo"],"picked":"Steam","floor":2.0},{"not_picked":["Hologram","Redo"],"picked":"Self Repair","floor":4},{"not_picked":["Leap","Conserve Battery"],"picked":"Chill","floor":5},{"not_picked":["Melter","Rebound"],"picked":"Cold Snap","floor":8},{"not_picked":["Go for the Eyes","Melter","Skim"],"picked":"SKIP","floor":10},{"not_picked":["Turbo","Hello World","Go for the Eyes"],"picked":"SKIP","floor":13}],"player_experience":1485699,"relics_obtained":[{"floor":8,"key":"Strawberry"},{"floor":9,"key":"Pantograph"},{"floor":10,"key":"Dead Branch"}],"event_choices":[{"damage_healed":0,"gold_gain":0,"player_choice":"Grow","damage_taken":0,"max_hp_gain":0,"max_hp_loss":0,"event_name":"Living Wall","floor":7,"gold_loss":0,"cards_upgraded":["Self Repair"]},{"damage_healed":0,"gold_gain":100,"player_choice":"Pray","damage_taken":0,"max_hp_gain":0,"max_hp_loss":0,"event_name":"Golden Shrine","floor":12,"gold_loss":0}],"is_beta":false,"boss_relics":[],"items_purged_floors":[3,14],"is_endless":false,"potions_floor_spawned":[1,2],"killed_by":"Slime Boss","ascension_level":14}