{"gold_per_floor":[109,109,119,119,134,134,159,179,179,209,220,236,69,80,80,175,175,186,186,206,206,218,218,252,0,48,48],"floor_reached":27,"playtime":1714,"items_purged":["Strike_R","Strike_R"],"score":356,"play_id":"7d6a671b-f99c-4387-816e-530d89defaab","local_time":"20190322160305","is_ascension_mode":true,"campfire_choices":[{"data":"Bash","floor":6,"key":"SMITH"},{"data":"True Grit","floor":15,"key":"SMITH"},{"floor":23,"key":"REST"}],"neow_cost":"NONE","seed_source_timestamp":577185419556134,"circlet_count":0,"master_deck":["Strike_R","Strike_R","Strike_R","Defend_R+1","Defend_R","Defend_R","Defend_R","Bash+1","Shrug It Off+1","Iron Wave","Headbutt","Rage","Juggernaut+1","Armaments","Shrug It Off","Shrug It Off","True Grit+1","Feed","Inflame+1","Body Slam","Armaments+1","Feed"],"relics":["Burning Blood","War Paint","Darkstone Periapt","Frozen Egg 2","Ancient Tea Set","Fusion Hammer","MutagenicStrength","Smiling Mask","DollysMirror","Boot"],"potions_floor_usage":[27,27],"damage_taken":[{"damage":12,"enemies":"2 Louse","floor":1,"turns":5},{"damage":9,"enemies":"Jaw Worm","floor":3,"turns":4},{"damage":0,"enemies":"Cultist","floor":5,"turns":3},{"damage":29,"enemies":"3 Sentries","floor":7,"turns":12},{"damage":7,"enemies":"Exordium Thugs","floor":8,"turns":6},{"damage":11,"enemies":"Gremlin Nob","floor":10,"turns":4},{"damage":3,"enemies":"Looter","floor":11,"turns":3},{"damage":10,"enemies":"Exordium Wildlife","floor":12,"turns":5},{"damage":0,"enemies":"2 Fungi Beasts","floor":14,"turns":4},{"damage":30,"enemies":"Slime Boss","floor":16,"turns":9},{"damage":0,"enemies":"3 Byrds","floor":18,"turns":4},{"damage":4,"enemies":"Shell Parasite","floor":20,"turns":7},{"damage":9,"enemies":"Centurion and Healer","floor":22,"turns":6},{"damage":79,"enemies":"Slavers","floor":24,"turns":8},{"damage":40,"enemies":"Snecko","floor":27,"turns":8}],"seed_played":"-7431825191101308781","potions_obtained":[{"floor":7,"key":"LiquidBronze"},{"floor":10,"key":"SkillPotion"},{"floor":11,"key":"Dexterity Potion"}],"is_trial":false,"path_per_floor":["?","?","M","?","?","M"],"character_chosen":"IRONCLAD","items_purchased":["Shrug It Off","True Grit","DollysMirror"],"campfire_rested":1,"item_purchase_floors":[13,13,25],"current_hp_per_floor":[74,74,71,71,77,77,54,53,53,48,51,47,47,53,53,29,73,82,82,88,69,69,99,26,26,26,0],"gold":48,"neow_bonus":"TEN_PERCENT_HP_BONUS","is_prod":false,"is_daily":false,"chose_seed":false,"campfire_upgraded":2,"win_rate":0,"timestamp":1553284985,"path_taken":["M","?","M","?","M","R","E","M","T","E","M","M","$","?","R","BOSS","M","?","M","?","?","R","E","$","T","M"],"build_version":"2019-01-23","purchased_purges":2,"victory":false,"max_hp_per_floor":[88,88,88,88,88,88,88,88,88,88,88,88,88,88,88,88,88,91,91,95,100,103,103,103,103,103,103],"card_choices":[{"not_picked":["Heavy Blade","Anger"],"picked":"Shrug It Off","floor":1},{"not_picked":["Thunderclap","Whirlwind","Cleave"],"picked":"SKIP","floor":3},{"not_picked":["Pommel Strike","Twin Strike"],"picked":"Iron Wave","floor":5},{"not_picked":["Twin Strike","Sword Boomerang"],"picked":"Headbutt","floor":7},{"not_picked":["Intimidate","Clash"],"picked":"Rage","floor":8},{"not_picked":["True Grit","Heavy Blade"],"picked":"Juggernaut+1","floor":10},{"not_picked":["Burning Pact","Sentinel"],"picked":"Armaments","floor":11},{"not_picked":["Sever Soul","Feel No Pain+1"],"picked":"Shrug It Off","floor":12},{"not_picked":["Thunderclap","Heavy Blade","Cleave"],"picked":"SKIP","floor":14},{"not_picked":["Exhume","Demon Form+1"],"picked":"Feed","floor":16},{"not_picked":["Headbutt","Whirlwind"],"picked":"Inflame+1","floor":18},{"not_picked":["Blood for Blood+1","Anger+1"],"picked":"Body Slam","floor":20},{"not_picked":["Cleave+1","Wild Strike+1"],"picked":"Armaments+1","floor":22},{"not_picked":["Fire Breathing+1","Pummel","Armaments"],"picked":"SKIP","floor":24}],"player_experience":885610,"relics_obtained":[{"floor":7,"key":"Darkstone Periapt"},{"floor":9,"key":"Frozen Egg 2"},{"floor":10,"key":"Ancient Tea Set"},{"floor":24,"key":"Smiling Mask"},{"floor":26,"key":"Boot"}],"event_choices":[{"damage_healed":0,"gold_gain":0,"player_choice":"Box","damage_taken":0,"relics_obtained":["War Paint"],"max_hp_gain":0,"max_hp_loss":0,"event_name":"Big Fish","floor":2,"gold_loss":0,"cards_obtained":["Regret"]},{"cards_removed":["Regret"],"damage_healed":0,"gold_gain":0,"player_choice":"Purged","damage_taken":0,"max_hp_gain":0,"max_hp_loss":0,"event_name":"Purifier","floor":4,"gold_loss":0},{"damage_healed":0,"gold_gain":0,"player_choice":"Inject Mutagens","damage_taken":0,"relics_obtained":["MutagenicStrength"],"max_hp_gain":0,"max_hp_loss":0,"event_name":"Drug Dealer","floor":19,"gold_loss":0},{"damage_healed":0,"gold_gain":0,"player_choice":"Shed Blood","damage_taken":24,"max_hp_gain":5,"max_hp_loss":0,"event_name":"Forgotten Altar","floor":21,"gold_loss":0}],"is_beta":false,"boss_relics":[{"not_picked":["Coffee Dripper","Astrolabe"],"picked":"Fusion Hammer"}],"items_purged_floors":[13,25],"is_endless":false,"potions_floor_spawned":[7,10,11,12,24],"killed_by":"Snecko","ascension_level":7}