{"gold_per_floor":[118,118,129,49,69,69,99,99,99,99,110,110,86,46,46,120,120,136,88,88,88],"floor_reached":21,"playtime":789,"items_purged":[],"score":358,"play_id":"4c6e10e9-e32c-4968-b0a5-68d4c8a009c3","local_time":"20190411144839","is_ascension_mode":true,"campfire_choices":[{"data":"Noxious Fumes","floor":6.0,"key":"SMITH"},{"data":"Footwork","floor":10.0,"key":"SMITH"},{"data":"Neutralize","floor":12.0,"key":"SMITH"},{"data":"Burst","floor":15.0,"key":"SMITH"}],"neow_cost":"NONE","seed_source_timestamp":152770361225700,"circlet_count":0,"master_deck":["AscendersBane","Defend_G","Defend_G","Defend_G","Defend_G","Defend_G","Strike_G","Strike_G","Strike_G","Strike_G","Strike_G","Survivor","Neutralize+1","Poisoned Stab","Footwork+1","Noxious Fumes+1","Deadly Poison","Acrobatics","Predator","Burst+1","Malaise","Bouncing Flask","Catalyst"],"special_seed":0,"relics":["Ring of the Snake","Pantograph","Bottled Tornado","Snecko Eye"],"potions_floor_usage":[19,19],"damage_taken":[{"damage":1.0,"enemies":"Small Slimes","floor":1.0,"turns":5.0},{"damage":7.0,"enemies":"Jaw Worm","floor":3.0,"turns":4.0},{"damage":0.0,"enemies":"2 Louse","floor":5.0,"turns":3.0},{"damage":36.0,"enemies":"3 Sentries","floor":7.0,"turns":8.0},{"damage":4.0,"enemies":"Blue Slaver","floor":11.0,"turns":4.0},{"damage":9.0,"enemies":"Exordium Thugs","floor":13.0,"turns":5.0},{"damage":3.0,"enemies":"Looter","floor":14.0,"turns":4.0},{"damage":31.0,"enemies":"Hexaghost","floor":16.0,"turns":9.0},{"damage":4.0,"enemies":"Shell Parasite","floor":18.0,"turns":8.0},{"damage":10,"enemies":"2 Thieves","floor":19,"turns":5},{"damage":27,"enemies":"3 Cultists","floor":21,"turns":3}],"seed_played":"-7186681157885834944","potions_obtained":[{"floor":0.0,"key":"Fruit Juice"},{"floor":0.0,"key":"Weak Potion"},{"floor":0.0,"key":"Dexterity Potion"},{"floor":13.0,"key":"SpeedPotion"},{"floor":16.0,"key":"Energy Potion"}],"is_trial":false,"path_per_floor":["M","?","M","$","M","R","E","?","T","R","M","R","M","M","R","B",null,"M","M","?","M"],"character_chosen":"THE_SILENT","items_purchased":["Noxious Fumes"],"campfire_rested":0,"item_purchase_floors":[4],"current_hp_per_floor":[63,63,56,56,56,56,20,25,25,25,21,21,12,9,9,3,58,54,44,22,0],"gold":88,"neow_bonus":"THREE_SMALL_POTIONS","is_prod":false,"is_daily":false,"chose_seed":false,"campfire_upgraded":4,"win_rate":0,"timestamp":1555019319,"path_taken":["M","?","M","$","M","R","E","?","T","R","M","R","M","M","R","BOSS","M","M","?","M"],"build_version":"2019-01-23","purchased_purges":0,"victory":false,"max_hp_per_floor":[71,71,71,71,71,71,71,76,76,76,76,76,76,76,76,76,76,76,76,81,81],"card_choices":[{"not_picked":["Bane","Deflect"],"picked":"Poisoned Stab","floor":1.0},{"not_picked":["Escape Plan","Slice"],"picked":"Footwork","floor":3.0},{"not_picked":["Infinite Blades","Outmaneuver"],"picked":"Deadly Poison","floor":5.0},{"not_picked":["Cloak And Dagger","Sucker Punch"],"picked":"Acrobatics","floor":7.0},{"not_picked":["Endless Agony","Bane","Dagger Throw"],"picked":"SKIP","floor":11.0},{"not_picked":["Cloak And Dagger","Deflect"],"picked":"Predator","floor":13.0},{"not_picked":["Backflip","Outmaneuver"],"picked":"Burst","floor":14.0},{"not_picked":["A Thousand Cuts","Doppelganger"],"picked":"Malaise","floor":16.0},{"not_picked":["Backflip","Poisoned Stab"],"picked":"Bouncing Flask","floor":18.0},{"not_picked":["Concentrate","Choke+1"],"picked":"Catalyst","floor":19}],"player_experience":525715,"relics_obtained":[{"floor":7.0,"key":"Pantograph"},{"floor":9.0,"key":"Bottled Tornado"}],"event_choices":[{"damage_healed":0.0,"max_hp_gain":0.0,"max_hp_loss":0.0,"gold_gain":0.0,"event_name":"Scrap Ooze","player_choice":"Fled","floor":2.0,"gold_loss":0.0,"damage_taken":0.0},{"damage_healed":0.0,"max_hp_gain":5.0,"max_hp_loss":0.0,"gold_gain":0.0,"event_name":"Big Fish","player_choice":"Donut","floor":8.0,"gold_loss":0.0,"damage_taken":0.0},{"damage_healed":0,"gold_gain":0,"player_choice":"Shed Blood","damage_taken":27,"max_hp_gain":5,"max_hp_loss":0,"event_name":"Forgotten Altar","floor":20,"gold_loss":0}],"is_beta":false,"boss_relics":[{"not_picked":["Cursed Key","Pandora\u0027s Box"],"picked":"Snecko Eye"}],"items_purged_floors":[],"is_endless":false,"potions_floor_spawned":[7,13,16],"killed_by":"3 Cultists","ascension_level":20}