{"gold_per_floor":[110,128,128,138,138,138,163,238,238,255,255,50,70,97,97,196,196,210,194,211,243,243,243],"floor_reached":23,"playtime":1577,"items_purged":[],"score":261,"play_id":"43a5b457-e6aa-4438-9123-1b091eb7fe86","local_time":"20190321233053","is_ascension_mode":true,"campfire_choices":[{"data":"Bash","floor":6,"key":"SMITH"},{"floor":11,"key":"REST"},{"data":"Pommel Strike","floor":15,"key":"SMITH"}],"neow_cost":"NONE","seed_source_timestamp":517790591563582,"circlet_count":0,"master_deck":["Strike_R","Strike_R","Strike_R","Strike_R","Strike_R","Defend_R","Defend_R","Defend_R","Defend_R","Bash+1","Warcry","Disarm","Thunderclap","Iron Wave","Pommel Strike+1","Thunderclap","Twin Strike","Reaper","True Grit","Spot Weakness","Warcry","Iron Wave"],"relics":["Burning Blood","Paper Frog","Kunai","Self Forming Clay","Dream Catcher","Mummified Hand","White Beast Statue","Red Mask"],"potions_floor_usage":[13,14,18,18,20,21,21,23,23],"damage_taken":[{"damage":0,"enemies":"2 Louse","floor":1,"turns":4},{"damage":8,"enemies":"Jaw Worm","floor":2,"turns":4},{"damage":5,"enemies":"Small Slimes","floor":4,"turns":5},{"damage":49,"enemies":"3 Sentries","floor":7,"turns":13},{"damage":5,"enemies":"Looter","floor":10,"turns":4},{"damage":13,"enemies":"Large Slime","floor":13,"turns":7},{"damage":11,"enemies":"Gremlin Nob","floor":14,"turns":4},{"damage":28,"enemies":"The Guardian","floor":16,"turns":15},{"damage":0,"enemies":"Chosen","floor":18,"turns":4},{"damage":28,"enemies":"2 Thieves","floor":19,"turns":4},{"damage":27,"enemies":"3 Cultists","floor":20,"turns":5},{"damage":44,"enemies":"Masked Bandits","floor":21,"turns":4},{"damage":21,"enemies":"Slavers","floor":23,"turns":3}],"seed_played":"968729153157146013","potions_obtained":[{"floor":0,"key":"SkillPotion"},{"floor":0,"key":"Poison Potion"},{"floor":0,"key":"EssenceOfSteel"},{"floor":1,"key":"SteroidPotion"},{"floor":7,"key":"Weak Potion"},{"floor":13,"key":"Explosive Potion"},{"floor":14,"key":"EssenceOfSteel"},{"floor":18,"key":"Poison Potion"},{"floor":19,"key":"Ancient Potion"},{"floor":20,"key":"Poison Potion"},{"floor":21,"key":"SpeedPotion"}],"is_trial":false,"path_per_floor":["?","?","?","$","?","?"],"character_chosen":"IRONCLAD","items_purchased":["Dream Catcher","Pommel Strike"],"campfire_rested":1,"item_purchase_floors":[12,12],"current_hp_per_floor":[78,76,73,74,79,79,36,25,25,26,51,51,44,39,39,17,68,74,56,47,32,16,0],"gold":243,"neow_bonus":"THREE_SMALL_POTIONS","is_prod":false,"is_daily":false,"chose_seed":false,"campfire_upgraded":2,"win_rate":0,"timestamp":1553225453,"path_taken":["M","M","?","M","?","R","E","?","T","M","R","?","M","E","R","BOSS","M","M","M","?","?","E"],"build_version":"2019-01-23","purchased_purges":0,"victory":false,"max_hp_per_floor":[80,80,80,80,85,85,85,85,85,85,85,85,85,85,85,85,85,85,85,85,85,90,90],"card_choices":[{"not_picked":["Sever Soul","Flex"],"picked":"Warcry","floor":1},{"not_picked":["Feel No Pain","Havoc"],"picked":"Disarm","floor":2},{"not_picked":["Perfected Strike","Sentinel"],"picked":"Thunderclap","floor":4},{"not_picked":["Intimidate","Cleave","Sword Boomerang"],"picked":"SKIP","floor":7},{"not_picked":["Armaments","True Grit"],"picked":"Iron Wave","floor":10},{"not_picked":["Feel No Pain","Flex"],"picked":"Thunderclap","floor":13},{"not_picked":["Dark Embrace","Hemokinesis"],"picked":"Twin Strike","floor":14},{"not_picked":["Berserk","Dark Embrace"],"picked":"Reaper","floor":16},{"not_picked":["Evolve","Twin Strike"],"picked":"True Grit","floor":18},{"not_picked":["Blood for Blood","Anger"],"picked":"Spot Weakness","floor":19},{"not_picked":["Havoc+1","Sever Soul"],"picked":"Warcry","floor":20},{"not_picked":["Carnage","Cleave"],"picked":"Iron Wave","floor":21}],"player_experience":862192,"relics_obtained":[{"floor":7,"key":"Kunai"},{"floor":9,"key":"Self Forming Clay"},{"floor":14,"key":"Mummified Hand"},{"floor":21,"key":"Red Mask"}],"event_choices":[{"damage_healed":0,"gold_gain":0,"player_choice":"Success","damage_taken":3,"relics_obtained":["Paper Frog"],"max_hp_gain":0,"max_hp_loss":0,"event_name":"Scrap Ooze","floor":3,"gold_loss":0},{"damage_healed":0,"gold_gain":0,"player_choice":"Donut","damage_taken":0,"max_hp_gain":5,"max_hp_loss":0,"event_name":"Big Fish","floor":5,"gold_loss":0},{"damage_healed":0,"gold_gain":75,"player_choice":"Gather Gold","damage_taken":11,"max_hp_gain":0,"max_hp_loss":0,"event_name":"World of Goop","floor":8,"gold_loss":0},{"damage_healed":0,"gold_gain":0,"player_choice":"Fought Bandits","damage_taken":0,"max_hp_gain":0,"max_hp_loss":0,"event_name":"Masked Bandits","floor":21,"gold_loss":0},{"damage_healed":0,"gold_gain":0,"player_choice":"Shed Blood","damage_taken":21,"max_hp_gain":5,"max_hp_loss":0,"event_name":"Forgotten Altar","floor":22,"gold_loss":0}],"is_beta":false,"boss_relics":[{"not_picked":["Ectoplasm","Pandora\u0027s Box"],"picked":"White Beast Statue"}],"items_purged_floors":[],"is_endless":false,"potions_floor_spawned":[1,7,13,14,18,19,20,21],"killed_by":"Slavers","ascension_level":6}