{"gold_per_floor":[116,116,136,136,146,171,191,204,251,282,294,306,332,37,37,141,141,159,186,196,196,125,125,138,166,216,45,57,57,83,100,100,203,203,221,221,321,321,333,358,373,383,383,417,189,206,206,239,239,239],"floor_reached":51,"playtime":2974,"items_purged":["Strike_B"],"score":1022,"play_id":"9273ab52-83d6-4bb3-a7e7-abbbc297ea25","local_time":"20181027021242","is_ascension_mode":true,"campfire_choices":[{"floor":11.0,"key":"REST"},{"data":"Seek","floor":15.0,"key":"SMITH"},{"data":"Seek","floor":23.0,"key":"SMITH"},{"data":"Hologram","floor":29.0,"key":"SMITH"},{"data":"Turbo","floor":32.0,"key":"SMITH"},{"data":"Seek","floor":47.0,"key":"SMITH"},{"data":"Hologram","floor":49.0,"key":"SMITH"}],"neow_cost":"TEN_PERCENT_HP_LOSS","seed_source_timestamp":672364950876174,"circlet_count":0,"master_deck":["Strike_B","Strike_B","Strike_B","Defend_B","Defend_B","Defend_B","Zap+1","Dualcast","All For One","Gash","Skim","Seek+1","Steam","Skim","Gash","Hologram","Seek+1","Steam","Turbo+1","Hologram+1","Hologram+1","Auto Shields+1","Self Repair","Violence","Scrape","Hologram+1","Conserve Battery","Conserve Battery+1","Gash+1","Hologram","Seek+1","Gash+1"],"special_seed":0,"relics":["FrozenCore","FaceOfCleric","Meat on the Bone","Odd Mushroom","MawBank","Bottled Lightning","Runic Dome","Red Mask","Orichalcum","Juzu Bracelet","Happy Flower","Gambling Chip","Girya","Bottled Flame","Potion Belt","Toxic Egg 2"],"potions_floor_usage":[50,50,50,50,50],"damage_taken":[{"damage":2.0,"enemies":"Jaw Worm","floor":1.0,"turns":3.0},{"damage":0.0,"enemies":"Cultist","floor":3.0,"turns":2.0},{"damage":0.0,"enemies":"Small Slimes","floor":5.0,"turns":3.0},{"damage":35.0,"enemies":"Lagavulin","floor":6.0,"turns":5.0},{"damage":25.0,"enemies":"The Mushroom Lair","floor":7.0,"turns":4.0},{"damage":19.0,"enemies":"Exordium Wildlife","floor":8.0,"turns":4.0},{"damage":8.0,"enemies":"Exordium Thugs","floor":10.0,"turns":4.0},{"damage":2.0,"enemies":"Large Slime","floor":13.0,"turns":4.0},{"damage":23.0,"enemies":"The Guardian","floor":16.0,"turns":6.0},{"damage":5.0,"enemies":"Spheric Guardian","floor":18.0,"turns":3.0},{"damage":60.0,"enemies":"Masked Bandits","floor":19.0,"turns":4.0},{"damage":10.0,"enemies":"Shell Parasite","floor":20.0,"turns":4.0},{"damage":13.0,"enemies":"Centurion and Healer","floor":24.0,"turns":6.0},{"damage":10.0,"enemies":"Book of Stabbing","floor":25.0,"turns":4.0},{"damage":0.0,"enemies":"Snecko","floor":28.0,"turns":2.0},{"damage":13.0,"enemies":"Gremlin Leader","floor":30.0,"turns":5.0},{"damage":0.0,"enemies":"3 Cultists","floor":31.0,"turns":4.0},{"damage":27.0,"enemies":"Collector","floor":33.0,"turns":6.0},{"damage":3.0,"enemies":"3 Darklings","floor":35.0,"turns":4.0},{"damage":0.0,"enemies":"Mind Bloom Boss Battle","floor":37.0,"turns":4.0},{"damage":0.0,"enemies":"Orb Walker","floor":39.0,"turns":1.0},{"damage":0.0,"enemies":"Giant Head","floor":40.0,"turns":5.0},{"damage":0.0,"enemies":"Jaw Worm Horde","floor":41.0,"turns":1.0},{"damage":0.0,"enemies":"Spire Growth","floor":42.0,"turns":1.0},{"damage":2.0,"enemies":"Reptomancer","floor":44.0,"turns":3.0},{"damage":0.0,"enemies":"3 Darklings","floor":46.0,"turns":1.0},{"damage":0.0,"enemies":"Nemesis","floor":48.0,"turns":1.0},{"damage":8,"enemies":"Awakened One","floor":50,"turns":3}],"seed_played":"-7096931658862421260","potions_obtained":[{"floor":1.0,"key":"SkillPotion"},{"floor":5.0,"key":"Dexterity Potion"},{"floor":8.0,"key":"Weak Potion"},{"floor":10.0,"key":"FearPotion"},{"floor":13.0,"key":"Regen Potion"},{"floor":18.0,"key":"Weak Potion"},{"floor":24.0,"key":"Fire Potion"},{"floor":31.0,"key":"SkillPotion"},{"floor":37.0,"key":"Weak Potion"},{"floor":42.0,"key":"Fire Potion"},{"floor":44.0,"key":"Dexterity Potion"},{"floor":48.0,"key":"SteroidPotion"}],"is_trial":false,"path_per_floor":["M","?","M","?","M","E","?","M","T","M","R","$","M","$","R","B",null,"M","?","M","?","$","R","M","E","T","$","M","R","E","M","R","B",null,"M","?","?","?","M","E","M","M","T","E","$","M","R","E","R","B"],"character_chosen":"DEFECT","items_purchased":["Bottled Lightning","Hologram","Hologram","Dexterity Potion","Violence","FocusPotion","FocusPotion"],"campfire_rested":1,"item_purchase_floors":[14,14,22,22,27,45,45],"current_hp_per_floor":[66,66,67,67,68,34,22,16,16,21,43,43,42,42,42,32,76,72,37,40,33,33,33,33,36,36,36,56,56,51,52,52,38,85,86,86,87,87,88,89,90,91,91,90,90,91,91,92,92,85],"gold":239,"neow_bonus":"THREE_RARE_CARDS","is_prod":false,"is_daily":false,"chose_seed":false,"campfire_upgraded":6,"win_rate":0,"timestamp":1540620762,"path_taken":["M","?","?","?","?","E","?","?","T","M","R","$","M","$","R","BOSS","M","?","M","?","$","R","M","E","T","$","M","R","E","M","R","BOSS","M","?","?","?","M","E","M","M","T","E","$","M","R","E","R","BOSS"],"build_version":"2018-10-25v2","purchased_purges":1,"victory":true,"max_hp_per_floor":[68,68,69,69,70,71,72,73,73,74,74,74,75,75,75,76,76,77,78,79,79,79,79,80,81,81,81,82,82,83,84,84,85,85,86,86,87,87,88,89,90,91,91,92,92,93,93,94,94,95],"card_choices":[{"not_picked":["Core Surge","Amplify"],"picked":"All For One","floor":0.0},{"not_picked":["Sunder","Sweeping Beam"],"picked":"Gash","floor":1.0},{"not_picked":["Heatsinks","Undo"],"picked":"Skim","floor":3.0},{"not_picked":["Sunder","Consume","Redo"],"picked":"SKIP","floor":5.0},{"not_picked":["Double Energy","Consume"],"picked":"Seek","floor":6.0},{"not_picked":["Stack","Leap"],"picked":"Steam","floor":8.0},{"not_picked":["Storm","Lockon"],"picked":"Skim","floor":10.0},{"not_picked":["Hologram","Skim"],"picked":"Gash","floor":13.0},{"not_picked":["Creative AI","Machine Learning"],"picked":"Seek","floor":16.0},{"not_picked":["Go for the Eyes","Compile Driver"],"picked":"Steam","floor":18.0},{"not_picked":["Loop+1","Rip and Tear"],"picked":"Turbo","floor":19.0},{"not_picked":["Scrape","Aggregate"],"picked":"Hologram","floor":20.0},{"not_picked":["Compile Driver","Tempest"],"picked":"Auto Shields+1","floor":24.0},{"not_picked":["Rebound","Multi-Cast"],"picked":"Self Repair","floor":25.0},{"not_picked":["Cold Snap","Steam Power"],"picked":"Scrape","floor":28.0},{"not_picked":["Double Energy+1","Skim+1"],"picked":"Hologram+1","floor":30.0},{"not_picked":["Sweeping Beam","Ball Lightning"],"picked":"Conserve Battery","floor":31.0},{"not_picked":["Ball Lightning","Compile Driver+1"],"picked":"Conserve Battery+1","floor":35.0},{"not_picked":["Go for the Eyes","Ball Lightning"],"picked":"Gash+1","floor":37.0},{"not_picked":["Glacier","Skim+1"],"picked":"Hologram","floor":39.0},{"not_picked":["Ball Lightning","Steam","Chaos+1"],"picked":"SKIP","floor":40.0},{"not_picked":["Scrape","Reprogram+1","Static Discharge+1"],"picked":"SKIP","floor":41.0},{"not_picked":["Leap+1","Ball Lightning+1"],"picked":"Seek","floor":42.0},{"not_picked":["Sweeping Beam","Static Discharge+1"],"picked":"Gash+1","floor":44.0},{"not_picked":["Rip and Tear+1","Hello World","Compile Driver"],"picked":"SKIP","floor":46.0},{"not_picked":["Undo","Redo","Steam+1"],"picked":"SKIP","floor":48.0}],"player_experience":405348,"relics_obtained":[{"floor":6.0,"key":"Meat on the Bone"},{"floor":7.0,"key":"Odd Mushroom"},{"floor":9.0,"key":"MawBank"},{"floor":19.0,"key":"Red Mask"},{"floor":25.0,"key":"Orichalcum"},{"floor":26.0,"key":"Juzu Bracelet"},{"floor":30.0,"key":"Happy Flower"},{"floor":37.0,"key":"Gambling Chip"},{"floor":40.0,"key":"Girya"},{"floor":43.0,"key":"Bottled Flame"},{"floor":44.0,"key":"Potion Belt"},{"floor":48.0,"key":"Toxic Egg 2"}],"event_choices":[{"damage_healed":0.0,"max_hp_gain":0.0,"max_hp_loss":0.0,"gold_gain":0.0,"event_name":"FaceTrader","player_choice":"Trade","floor":2.0,"gold_loss":0.0,"damage_taken":0.0,"relics_obtained":["FaceOfCleric"]},{"damage_healed":0.0,"max_hp_gain":0.0,"max_hp_loss":0.0,"gold_gain":0.0,"event_name":"Accursed Blacksmith","player_choice":"Forge","floor":4.0,"gold_loss":0.0,"damage_taken":0.0,"cards_upgraded":["Zap"]},{"damage_healed":0.0,"max_hp_gain":0.0,"max_hp_loss":0.0,"gold_gain":0.0,"event_name":"Mushrooms","player_choice":"Fought Mushrooms","floor":7.0,"gold_loss":0.0,"damage_taken":0.0},{"damage_healed":0.0,"max_hp_gain":0.0,"max_hp_loss":0.0,"gold_gain":0.0,"event_name":"Masked Bandits","player_choice":"Fought Bandits","floor":19.0,"gold_loss":0.0,"damage_taken":0.0},{"damage_healed":0.0,"max_hp_gain":0.0,"max_hp_loss":0.0,"gold_gain":0.0,"event_name":"Wheel of Change","player_choice":"Damaged","floor":21.0,"gold_loss":0.0,"damage_taken":7.0},{"damage_healed":0.0,"max_hp_gain":0.0,"max_hp_loss":0.0,"gold_gain":0.0,"event_name":"Match and Keep!","player_choice":"0 cards matched","floor":36.0,"gold_loss":0.0,"damage_taken":0.0,"cards_obtained":[]},{"damage_healed":0.0,"max_hp_gain":0.0,"max_hp_loss":0.0,"gold_gain":0.0,"event_name":"MindBloom","player_choice":"Fight","floor":37.0,"gold_loss":0.0,"damage_taken":0.0},{"cards_removed":["Defend_B"],"damage_healed":0.0,"max_hp_gain":0.0,"max_hp_loss":0.0,"gold_gain":0.0,"event_name":"Falling","player_choice":"Removed Skill","floor":38.0,"gold_loss":0.0,"damage_taken":0.0}],"is_beta":true,"boss_relics":[{"not_picked":["Ectoplasm","White Beast Statue"],"picked":"Runic Dome"},{"not_picked":["Coffee Dripper","Calling Bell"],"picked":"FrozenCore"}],"items_purged_floors":[45],"is_endless":false,"potions_floor_spawned":[1,5,8,10,13,18,24,31,37,42,44,46,48],"ascension_level":3}