{"gold_per_floor":[212,177,352,427,437,437,49,67,144,96,96,130,0,19,19,114,114,125,125,107,0,14,14],"floor_reached":23,"playtime":712,"items_purged":["Doubt"],"score":246,"play_id":"4f043463-91e2-48f4-b102-0ccf405263f3","local_time":"20181027234755","is_ascension_mode":true,"campfire_choices":[{"data":"Pommel Strike","floor":6,"key":"SMITH"},{"floor":15,"key":"REST"}],"neow_cost":"NONE","seed_source_timestamp":1490657774436543,"circlet_count":0,"master_deck":["Strike_R","Strike_R","Strike_R","Strike_R","Strike_R","Defend_R","Defend_R","Defend_R","Defend_R","Bash","Pommel Strike","Pommel Strike+1","Metallicize","True Grit","Anger","Body Slam","Bandage Up","Wild Strike","Shrug It Off","Immolate","Perfected Strike","Wild Strike"],"relics":["Burning Blood","Shuriken","Tiny Chest","Kunai","Question Card","Runic Cube"],"potions_floor_usage":[16,22],"damage_taken":[{"damage":6,"enemies":"Cultist","floor":1,"turns":3},{"damage":19,"enemies":"Jaw Worm","floor":5,"turns":3},{"damage":2,"enemies":"2 Louse","floor":8,"turns":3},{"damage":27,"enemies":"Lagavulin","floor":12,"turns":5},{"damage":18,"enemies":"Large Slime","floor":14,"turns":5},{"damage":22,"enemies":"Slime Boss","floor":16,"turns":12},{"damage":21,"enemies":"Spheric Guardian","floor":18,"turns":4},{"damage":31,"enemies":"2 Thieves","floor":20,"turns":4},{"damage":28,"enemies":"Sentry and Sphere","floor":22,"turns":6},{"damage":27,"enemies":"Book of Stabbing","floor":23,"turns":4}],"seed_played":"-964662930904283837","potions_obtained":[{"floor":5,"key":"Fire Potion"},{"floor":16,"key":"SteroidPotion"},{"floor":20,"key":"AttackPotion"}],"is_trial":false,"path_per_floor":["M","?","?","?","M","R","$","M","T","$","T","E","$","M","R","B",null,"M","?","M","?","M"],"character_chosen":"IRONCLAD","items_purchased":["Shuriken","Metallicize","Anger","Bandage Up","Wild Strike"],"campfire_rested":1,"item_purchase_floors":[7,7,10,13,13],"current_hp_per_floor":[72,80,80,69,56,56,56,60,60,60,60,39,39,31,55,43,71,60,60,39,39,21,0],"gold":14,"neow_bonus":"HUNDRED_GOLD","is_prod":false,"is_daily":false,"chose_seed":false,"campfire_upgraded":1,"win_rate":0,"timestamp":1540705675,"path_taken":["M","?","?","?","?","R","$","M","T","$","?","E","?","M","R","BOSS","M","?","M","?","M","E"],"build_version":"2018-10-25v2","purchased_purges":1,"victory":false,"max_hp_per_floor":[80,80,80,80,80,80,80,80,80,80,80,80,80,80,80,80,80,80,80,80,80,80,80],"card_choices":[{"not_picked":["Iron Wave","Infernal Blade"],"picked":"Pommel Strike","floor":1},{"not_picked":["Seeing Red","True Grit"],"picked":"Pommel Strike","floor":5},{"not_picked":["Battle Trance","Combust"],"picked":"True Grit","floor":8},{"not_picked":["Uppercut","Infernal Blade"],"picked":"Body Slam","floor":12},{"not_picked":["Bludgeon","Cleave","Havoc"],"picked":"Shrug It Off","floor":14},{"not_picked":["Bludgeon","Exhume","Berserk"],"picked":"Immolate","floor":16},{"not_picked":["Sever Soul","True Grit","Second Wind+1"],"picked":"Perfected Strike","floor":18},{"not_picked":["Cleave","True Grit+1","Shockwave"],"picked":"Wild Strike","floor":20},{"not_picked":["Dropkick+1","Infernal Blade","Fire Breathing","Hemokinesis"],"picked":"SKIP","floor":22}],"player_experience":914254,"relics_obtained":[{"floor":9,"key":"Tiny Chest"},{"floor":11,"key":"Kunai"},{"floor":12,"key":"Question Card"}],"event_choices":[{"damage_healed":20,"gold_gain":0,"player_choice":"Healed","damage_taken":0,"max_hp_gain":0,"max_hp_loss":0,"event_name":"The Cleric","floor":2,"gold_loss":35},{"damage_healed":0,"gold_gain":175,"player_choice":"AGREE","damage_taken":0,"max_hp_gain":0,"max_hp_loss":0,"event_name":"Liars Game","floor":3,"gold_loss":0,"cards_obtained":["Doubt"]},{"damage_healed":0,"gold_gain":75,"player_choice":"Gather Gold","damage_taken":11,"max_hp_gain":0,"max_hp_loss":0,"event_name":"World of Goop","floor":4,"gold_loss":0},{"damage_healed":0,"gold_gain":0,"player_choice":"Ignored","damage_taken":0,"max_hp_gain":0,"max_hp_loss":0,"event_name":"Ghosts","floor":19,"gold_loss":0},{"damage_healed":0,"gold_gain":0,"player_choice":"Paid Fearfully","damage_taken":0,"max_hp_gain":0,"max_hp_loss":0,"event_name":"Masked Bandits","floor":21,"gold_loss":107}],"is_beta":false,"boss_relics":[{"not_picked":["Empty Cage","Velvet Choker"],"picked":"Runic Cube"}],"items_purged_floors":[7],"is_endless":false,"potions_floor_spawned":[5,16,20],"killed_by":"Book of Stabbing","ascension_level":6}