{"gold_per_floor":[114,82,97,6,21,36,66,12,12,12,12,12,42,57,57,157,157,172,172,187,132,132,162,177,177,177,177,177,56,71,101,101,201,201,216,231,231,246,276,306,321,351,401,431,446,471,489,489,489,489],"floor_reached":51,"playtime":2108,"items_purged":[],"score":1110,"play_id":"5d44be24-447c-43dd-85ac-6f733a875ac8","local_time":"20180911222428","daily_mods":["Allstar","Time Dilation","Vintage"],"is_ascension_mode":false,"campfire_choices":[{"data":"Magnetism","floor":11,"key":"SMITH"},{"data":"Cloak And Dagger","floor":15,"key":"SMITH"},{"data":"Cloak And Dagger","floor":25,"key":"SMITH"},{"data":"RitualDagger","floor":27,"key":"SMITH"},{"data":"Madness","floor":32,"key":"SMITH"},{"data":"Backstab","floor":49,"key":"SMITH"}],"neow_cost":"","seed_source_timestamp":0,"circlet_count":0,"master_deck":["Defend_G","Defend_G","Defend_G","Defend_G","Defend_G","Strike_G","Strike_G","Strike_G","Strike_G","Strike_G","Survivor","Neutralize","Violence","Swift Strike","Master of Strategy","Finesse","Magnetism+1","Flash of Steel","Dagger Spray","Cloak And Dagger+1","Regret","Cloak And Dagger+1","Adrenaline+1","RitualDagger+1","PiercingWail+1","Blade Dance+1","Madness+1","Escape Plan","Backstab+1","Expertise+1","Writhe","Backstab+1","Doubt","Noxious Fumes","RitualDagger+1"],"special_seed":17786,"relics":["Ring of the Snake","Bag of Preparation","Boot","Oddly Smooth Stone","Vajra","Kunai","Shuriken","The Courier","Bronze Scales","Ginger","Orichalcum","Lizard Tail","Lantern","PreservedInsect","Tiny Chest","Smiling Mask","Anchor","Sundial","MutagenicStrength","Singing Bowl","Pen Nib","Bottled Flame","Cursed Key","Ornamental Fan","Centennial Puzzle","Mercury Hourglass","Bottled Lightning","WingedGreaves","Snake Skull","Blood Vial","Juzu Bracelet","Happy Flower","Regal Pillow","Strawberry","Bird Faced Urn"],"potions_floor_usage":[7,24,33,38,50,50],"damage_taken":[{"damage":2,"enemies":"Jaw Worm","floor":1,"turns":4},{"damage":0,"enemies":"Small Slimes","floor":3,"turns":2},{"damage":0,"enemies":"Cultist","floor":5,"turns":2},{"damage":0,"enemies":"Red Slaver","floor":6,"turns":3},{"damage":4,"enemies":"3 Sentries","floor":7,"turns":9},{"damage":6,"enemies":"Gremlin Nob","floor":13,"turns":3},{"damage":0,"enemies":"Large Slime","floor":14,"turns":3},{"damage":18,"enemies":"The Guardian","floor":16,"turns":8},{"damage":0,"enemies":"Chosen","floor":18,"turns":2},{"damage":4,"enemies":"Spheric Guardian","floor":20,"turns":3},{"damage":2,"enemies":"Gremlin Leader","floor":23,"turns":3},{"damage":0,"enemies":"Chosen and Byrds","floor":24,"turns":2},{"damage":4,"enemies":"Cultist and Chosen","floor":30,"turns":2},{"damage":0,"enemies":"Book of Stabbing","floor":31,"turns":1},{"damage":14,"enemies":"Collector","floor":33,"turns":6},{"damage":0,"enemies":"Orb Walker","floor":35,"turns":1},{"damage":0,"enemies":"3 Shapes","floor":36,"turns":2},{"damage":0,"enemies":"3 Darklings","floor":38,"turns":1},{"damage":0,"enemies":"Spire Growth","floor":39,"turns":4},{"damage":0,"enemies":"2 Orb Walkers","floor":40,"turns":1},{"damage":0,"enemies":"Sphere and 2 Shapes","floor":41,"turns":1},{"damage":0,"enemies":"Giant Head","floor":42,"turns":1},{"damage":0,"enemies":"Nemesis","floor":44,"turns":1},{"damage":0,"enemies":"Reptomancer","floor":45,"turns":1},{"damage":0,"enemies":"Mysterious Sphere","floor":47,"turns":1},{"damage":2,"enemies":"Awakened One","floor":50,"turns":6}],"seed_played":"104536176025665139","potions_obtained":[{"floor":5,"key":"Fire Potion"},{"floor":6,"key":"Dexterity Potion"},{"floor":13,"key":"GhostInAJar"},{"floor":16,"key":"AttackPotion"},{"floor":24,"key":"GhostInAJar"},{"floor":33,"key":"Regen Potion"},{"floor":36,"key":"Block Potion"},{"floor":38,"key":"Fruit Juice"},{"floor":39,"key":"Ancient Potion"}],"is_trial":false,"path_per_floor":["M","?","M","$","M","M","E","$","T","$","R","?","E","M","R","B",null,"M","?","M","?","?","E","M","R","T","R","?","$","M","E","R","B",null,"M","M","?","M","M","E","M","E","T","E","M","T","?","?","R","B"],"character_chosen":"THE_SILENT","items_purchased":["Flash of Steel","Cloak And Dagger","Blade Dance","Madness"],"campfire_rested":0,"item_purchase_floors":[4,8,29,29],"current_hp_per_floor":[68,68,68,68,68,68,64,64,64,64,64,64,58,58,58,40,70,70,64,60,60,60,58,58,58,58,58,58,58,54,54,54,42,72,72,72,72,77,77,77,77,77,77,77,77,84,84,84,84,82],"gold":489,"neow_bonus":"","is_prod":false,"is_daily":true,"chose_seed":false,"campfire_upgraded":6,"win_rate":0,"timestamp":1536726268,"path_taken":["M","?","M","?","?","M","E","?","T","$","R","?","E","M","R","BOSS","M","?","M","?","?","E","?","R","T","R","?","?","M","E","R","BOSS","M","?","?","?","M","E","M","E","T","E","M","?","?","?","R","BOSS"],"build_version":"2018-09-06","purchased_purges":0,"victory":true,"max_hp_per_floor":[70,70,70,70,70,70,70,70,70,70,70,70,70,70,70,70,70,70,70,70,70,70,70,70,70,70,70,70,70,70,70,70,72,72,72,72,72,77,77,77,77,77,77,77,77,84,84,84,84,84],"card_choices":[{"not_picked":["Outmaneuver","Deadly Poison"],"picked":"Dagger Spray","floor":7},{"not_picked":["Flying Knee","Deadly Poison"],"picked":"Cloak And Dagger","floor":13},{"not_picked":["Corpse Explosion","A Thousand Cuts"],"picked":"Adrenaline","floor":16},{"not_picked":["Underhanded Strike","Reflex+1"],"picked":"PiercingWail+1","floor":23},{"not_picked":["Choke","Crippling Poison"],"picked":"Escape Plan","floor":31},{"not_picked":["Wraith Form v2","Phantasmal Killer","A Thousand Cuts"],"picked":"Singing Bowl","floor":33},{"not_picked":["Setup","Dodge and Roll"],"picked":"Backstab","floor":40},{"not_picked":["Flying Knee","Well Laid Plans"],"picked":"Expertise+1","floor":42},{"not_picked":["Prepared+1","Underhanded Strike"],"picked":"Backstab+1","floor":44},{"not_picked":["Backflip","Deflect+1"],"picked":"Noxious Fumes","floor":47}],"player_experience":503936,"relics_obtained":[{"floor":1,"key":"Bag of Preparation"},{"floor":3,"key":"Boot"},{"floor":5,"key":"Oddly Smooth Stone"},{"floor":6,"key":"Vajra"},{"floor":7,"key":"Kunai"},{"floor":9,"key":"Shuriken"},{"floor":13,"key":"Bronze Scales"},{"floor":14,"key":"Ginger"},{"floor":16,"key":"Orichalcum"},{"floor":18,"key":"Lantern"},{"floor":20,"key":"PreservedInsect"},{"floor":23,"key":"Smiling Mask"},{"floor":24,"key":"Anchor"},{"floor":26,"key":"Sundial"},{"floor":30,"key":"Singing Bowl"},{"floor":31,"key":"Pen Nib"},{"floor":33,"key":"Bottled Flame"},{"floor":35,"key":"Ornamental Fan"},{"floor":36,"key":"Centennial Puzzle"},{"floor":38,"key":"Mercury Hourglass"},{"floor":39,"key":"Bottled Lightning"},{"floor":40,"key":"WingedGreaves"},{"floor":41,"key":"Snake Skull"},{"floor":42,"key":"Blood Vial"},{"floor":43,"key":"Juzu Bracelet"},{"floor":44,"key":"Happy Flower"},{"floor":45,"key":"Regal Pillow"},{"floor":46,"key":"Strawberry"},{"floor":47,"key":"Bird Faced Urn"}],"event_choices":[{"event_name":"World of Goop","player_choice":"Left","floor":2,"damage_taken":0},{"event_name":"Big Fish","player_choice":"Box","floor":12,"damage_taken":0},{"event_name":"Nest","player_choice":"Joined the Cult","floor":19,"damage_taken":0},{"event_name":"Addict","player_choice":"Obtained Relic","floor":21,"damage_taken":0},{"event_name":"Upgrade Shrine","player_choice":"Upgraded","floor":22,"damage_taken":0},{"event_name":"Drug Dealer","player_choice":"Inject Mutagens","floor":28,"damage_taken":0},{"event_name":"Upgrade Shrine","player_choice":"Upgraded","floor":37,"damage_taken":0},{"event_name":"Mysterious Sphere","player_choice":"Fight","floor":47,"damage_taken":0},{"event_name":"Duplicator","player_choice":"One dupe","floor":48,"damage_taken":0}],"is_beta":false,"boss_relics":[{"not_picked":["Runic Dome","Snecko Eye"],"picked":"Lizard Tail"},{"not_picked":["Tiny House","Runic Pyramid"],"picked":"Cursed Key"}],"items_purged_floors":[],"is_endless":false,"potions_floor_spawned":[5,6,13,16,23,24,33,36,38,39,40],"ascension_level":0}