{"gold_per_floor":[16,28,38,12,31,56,56,66,89,105,118,132,132,167,167,267,267,281,281,7,20,20,20,20],"floor_reached":24,"playtime":6854,"items_purged":[],"score":277,"play_id":"83432b96-de88-44a1-a7fb-0952f214d4e7","local_time":"20190411081940","is_ascension_mode":true,"campfire_choices":[{"floor":7.0,"key":"REST"},{"floor":13.0,"key":"REST"},{"floor":15.0,"key":"REST"},{"floor":23,"key":"REST"}],"neow_cost":"NO_GOLD","seed_source_timestamp":0,"circlet_count":0,"master_deck":["Strike_R","Strike_R","Strike_R","Strike_R+1","Strike_R+1","Defend_R","Defend_R","Defend_R","Defend_R","Bash","Entrench","Pommel Strike","Body Slam","Shrug It Off","Armaments","Inflame","Shockwave","Limit Break","True Grit","Shrug It Off","Limit Break","Demon Form","Thunderclap","Dropkick","Rage"],"special_seed":0,"relics":["Burning Blood","Potion Belt","Whetstone","Sozu","Brimstone"],"potions_floor_usage":[],"damage_taken":[{"damage":1.0,"enemies":"Cultist","floor":1.0,"turns":3.0},{"damage":13.0,"enemies":"Jaw Worm","floor":2.0,"turns":6.0},{"damage":3.0,"enemies":"2 Louse","floor":3.0,"turns":2.0},{"damage":13.0,"enemies":"Red Slaver","floor":5.0,"turns":6.0},{"damage":77.0,"enemies":"Lagavulin","floor":6.0,"turns":14.0},{"damage":8.0,"enemies":"Exordium Wildlife","floor":8.0,"turns":7.0},{"damage":0.0,"enemies":"Large Slime","floor":10.0,"turns":6.0},{"damage":5.0,"enemies":"Red Slaver","floor":11.0,"turns":5.0},{"damage":7.0,"enemies":"2 Fungi Beasts","floor":12.0,"turns":4.0},{"damage":19.0,"enemies":"3 Sentries","floor":14.0,"turns":11.0},{"damage":51.0,"enemies":"The Guardian","floor":16.0,"turns":14.0},{"damage":41.0,"enemies":"Spheric Guardian","floor":18.0,"turns":6.0},{"damage":38,"enemies":"Shell Parasite","floor":21,"turns":5},{"damage":41,"enemies":"Book of Stabbing","floor":24,"turns":4}],"seed_played":"6997927726255606085","potions_obtained":[{"floor":2.0,"key":"Energy Potion"},{"floor":3.0,"key":"PowerPotion"},{"floor":8.0,"key":"Regen Potion"},{"floor":10.0,"key":"Block Potion"},{"floor":12.0,"key":"EssenceOfSteel"},{"floor":14.0,"key":"Explosive Potion"}],"is_trial":false,"path_per_floor":["M","M","M","$","M","E","R","M","T","M","M","M","R","E","R","B",null,"M","?","$","M","?","R","E"],"character_chosen":"IRONCLAD","items_purchased":["Shrug It Off","Brimstone","Dropkick"],"campfire_rested":4,"item_purchase_floors":[4,20,20],"current_hp_per_floor":[96,89,92,92,85,14,42,40,40,46,61,60,88,75,96,51,96,61,42,42,10,10,40,0],"gold":20,"neow_bonus":"TWENTY_PERCENT_HP_BONUS","is_prod":false,"is_daily":false,"chose_seed":false,"campfire_upgraded":0,"win_rate":0,"timestamp":1554967180,"path_taken":["M","M","M","?","M","E","R","?","T","M","M","M","R","E","R","BOSS","M","?","$","M","?","R","E"],"build_version":"2019-01-23","purchased_purges":0,"victory":false,"max_hp_per_floor":[96,96,96,96,96,96,96,96,96,96,96,96,96,96,96,96,96,96,101,101,101,101,101,101],"card_choices":[{"not_picked":["Clash","Fire Breathing"],"picked":"Entrench","floor":1.0},{"not_picked":["Disarm","Perfected Strike"],"picked":"Pommel Strike","floor":2.0},{"not_picked":["Headbutt","Rampage"],"picked":"Body Slam","floor":3.0},{"not_picked":["Carnage","Iron Wave"],"picked":"Armaments","floor":5.0},{"not_picked":["Perfected Strike","Flex"],"picked":"Inflame","floor":6.0},{"not_picked":["Body Slam","Searing Blow"],"picked":"Shockwave","floor":8.0},{"not_picked":["Armaments","Burning Pact"],"picked":"Limit Break","floor":10.0},{"not_picked":["Heavy Blade","Rampage"],"picked":"True Grit","floor":11.0},{"not_picked":["Warcry","Bloodletting"],"picked":"Shrug It Off","floor":12.0},{"not_picked":["Thunderclap","Clash"],"picked":"Limit Break","floor":14.0},{"not_picked":["Dark Embrace","Exhume"],"picked":"Demon Form","floor":16.0},{"not_picked":["True Grit","Anger"],"picked":"Thunderclap","floor":18.0},{"not_picked":["Clothesline","Body Slam"],"picked":"Rage","floor":21}],"player_experience":399366,"relics_obtained":[{"floor":6.0,"key":"Potion Belt"},{"floor":14.0,"key":"Whetstone"}],"event_choices":[{"damage_healed":0.0,"max_hp_gain":5.0,"max_hp_loss":0.0,"gold_gain":0.0,"event_name":"Forgotten Altar","player_choice":"Shed Blood","floor":19.0,"gold_loss":0.0,"damage_taken":24.0},{"damage_healed":0,"gold_gain":0,"player_choice":"Got Potions","damage_taken":0,"max_hp_gain":0,"max_hp_loss":0,"event_name":"Lab","floor":22,"gold_loss":0}],"is_beta":false,"boss_relics":[{"not_picked":["Black Blood","Runic Cube"],"picked":"Sozu"}],"items_purged_floors":[],"is_endless":false,"potions_floor_spawned":[2,3,8,10,12,14,21],"killed_by":"Book of Stabbing","ascension_level":4}