{"gold_per_floor":[109,34,34,34,44,75,88,88,142,162,172,172,207,207,207,330,330,350,364,364,397,418,418,453,453,533,658,658,698,698,716,716,844,844,862,880,895,895,918,918,954,954,979,1031,1063,1100,1132,424,424,424],"floor_reached":50,"playtime":3611,"items_purged":["Strike_B","Strike_B"],"score":652,"play_id":"9e3aa39f-4146-4ccd-b331-38a4584d17ed","local_time":"20190212152833","is_ascension_mode":false,"campfire_choices":[{"data":"Sweeping Beam","floor":8,"key":"SMITH"},{"data":"Defragment","floor":15,"key":"SMITH"},{"data":"Zap","floor":23,"key":"SMITH"},{"data":"Conserve Battery","floor":25,"key":"SMITH"},{"data":"RitualDagger","floor":32,"key":"SMITH"},{"floor":40,"key":"REST"},{"data":"Steam","floor":42,"key":"SMITH"},{"data":"Dualcast","floor":49,"key":"SMITH"}],"neow_cost":"NONE","seed_source_timestamp":439672015652065,"circlet_count":0,"master_deck":["Strike_B","Strike_B","Defend_B+1","Defend_B","Defend_B","Defend_B","Zap+1","Dualcast+1","Sweeping Beam+1","Self Repair+1","Conserve Battery+1","Ball Lightning","Defragment+1","Heatsinks+1","Biased Cognition+1","Steam+1","Storm+1","Leap","Ball Lightning","Hello World+1","Ball Lightning+1","RitualDagger+1","Hello World+1","Conserve Battery","Creative AI+1","Beam Cell+1","Gash","Steam+1","Capacitor+1","Buffer+1","FTL","White Noise+1","Static Discharge+1"],"relics":["Cracked Core","NeowsBlessing","PreservedInsect","Bottled Flame","Smiling Mask","Golden Idol","Frozen Egg 2","Nuclear Battery","Red Mask","Pocketwatch","Ornamental Fan","Calipers","Question Card","Nloth\u0027s Gift","Inserter","Bottled Tornado","MawBank","Juzu Bracelet","Kunai","Orichalcum","MealTicket"],"potions_floor_usage":[13,19,21,27,33,37,47,50,50,50],"damage_taken":[{"damage":0,"enemies":"Cultist","floor":1,"turns":1},{"damage":0,"enemies":"2 Louse","floor":5,"turns":1},{"damage":0,"enemies":"Lagavulin","floor":6,"turns":1},{"damage":6,"enemies":"Jaw Worm","floor":7,"turns":4},{"damage":4,"enemies":"Blue Slaver","floor":10,"turns":4},{"damage":3,"enemies":"Looter","floor":11,"turns":2},{"damage":14,"enemies":"Gremlin Nob","floor":13,"turns":3},{"damage":35,"enemies":"Hexaghost","floor":16,"turns":10},{"damage":14,"enemies":"Spheric Guardian","floor":18,"turns":4},{"damage":6,"enemies":"2 Thieves","floor":19,"turns":3},{"damage":4,"enemies":"Masked Bandits","floor":21,"turns":3},{"damage":14,"enemies":"Snecko","floor":22,"turns":4},{"damage":0,"enemies":"Gremlin Leader","floor":24,"turns":3},{"damage":0,"enemies":"Colosseum Slavers","floor":27,"turns":2},{"damage":11,"enemies":"Colosseum Nobs","floor":27,"turns":3},{"damage":18,"enemies":"Slavers","floor":29,"turns":3},{"damage":6,"enemies":"Cultist and Chosen","floor":31,"turns":3},{"damage":55,"enemies":"Automaton","floor":33,"turns":9},{"damage":10,"enemies":"3 Shapes","floor":35,"turns":3},{"damage":27,"enemies":"3 Darklings","floor":36,"turns":4},{"damage":29,"enemies":"Spire Growth","floor":37,"turns":5},{"damage":10,"enemies":"Maw","floor":39,"turns":6},{"damage":7,"enemies":"Reptomancer","floor":41,"turns":5},{"damage":0,"enemies":"Giant Head","floor":44,"turns":5},{"damage":20,"enemies":"4 Shapes","floor":45,"turns":4},{"damage":0,"enemies":"Jaw Worm Horde","floor":46,"turns":4},{"damage":0,"enemies":"Spire Growth","floor":47,"turns":3},{"damage":71,"enemies":"Donu and Deca","floor":50,"turns":5}],"seed_played":"-8408393133107288101","potions_obtained":[{"floor":1,"key":"AttackPotion"},{"floor":5,"key":"SpeedPotion"},{"floor":10,"key":"Fruit Juice"},{"floor":16,"key":"Weak Potion"},{"floor":21,"key":"Poison Potion"},{"floor":22,"key":"AttackPotion"},{"floor":35,"key":"SkillPotion"},{"floor":37,"key":"SteroidPotion"},{"floor":44,"key":"SkillPotion"},{"floor":47,"key":"LiquidBronze"}],"is_trial":false,"path_per_floor":["?","?","M","?","?","?","?","?","?","?","M","?","M"],"character_chosen":"DEFECT","items_purchased":["Kunai","Orichalcum","MealTicket","Static Discharge+1"],"campfire_rested":1,"item_purchase_floors":[48,48,48,48],"current_hp_per_floor":[75,75,68,68,68,75,75,75,75,75,75,57,55,39,39,14,80,76,70,55,61,57,57,67,67,67,66,60,52,52,56,56,11,85,75,48,29,29,29,54,57,57,57,67,47,57,57,57,57,0],"gold":424,"neow_bonus":"THREE_ENEMY_KILL","is_prod":false,"is_daily":false,"chose_seed":false,"campfire_upgraded":7,"win_rate":0,"timestamp":1550003313,"path_taken":["M","$","?","?","M","E","M","R","T","?","M","?","E","?","R","BOSS","M","M","?","?","M","R","E","R","T","?","?","E","?","M","R","BOSS","M","?","M","?","?","R","E","R","T","E","M","M","M","$","R","BOSS"],"build_version":"2019-01-23","purchased_purges":2,"victory":false,"max_hp_per_floor":[75,75,75,75,75,75,75,75,75,75,75,75,80,80,80,80,80,80,80,85,85,85,85,85,85,85,85,85,85,85,85,85,85,85,85,85,85,85,85,85,85,85,85,85,85,85,85,85,85,85],"card_choices":[{"not_picked":["Capacitor","Cold Snap"],"picked":"Sweeping Beam","floor":1},{"not_picked":["Rebound","Beam Cell"],"picked":"Self Repair","floor":5},{"not_picked":["Double Energy","Capacitor"],"picked":"Conserve Battery","floor":6},{"not_picked":["Lockon","Force Field"],"picked":"Ball Lightning","floor":7},{"not_picked":["Undo","Hologram","Glacier"],"picked":"SKIP","floor":10},{"not_picked":["Stack","Streamline"],"picked":"Defragment","floor":11},{"not_picked":["Cold Snap","All For One"],"picked":"Heatsinks","floor":13},{"not_picked":["Amplify","Seek"],"picked":"Biased Cognition+1","floor":16},{"not_picked":["Hologram+1","BootSequence"],"picked":"Steam","floor":18},{"not_picked":["Rip and Tear+1","Double Energy"],"picked":"Storm+1","floor":19},{"not_picked":["Gash","Rebound+1"],"picked":"Leap","floor":21},{"not_picked":["Compile Driver+1","Chill"],"picked":"Ball Lightning","floor":22},{"not_picked":["Fission","Static Discharge+1"],"picked":"Hello World+1","floor":24},{"not_picked":["Rebound+1","Turbo"],"picked":"Ball Lightning+1","floor":27},{"not_picked":["Barrage","Turbo","Doom and Gloom"],"picked":"Hello World+1","floor":29},{"not_picked":["Steam Power","Hologram","Sweeping Beam+1"],"picked":"Conserve Battery","floor":31},{"not_picked":["Biased Cognition+1","Machine Learning+1","Thunder Strike"],"picked":"Creative AI+1","floor":33},{"not_picked":["Rainbow","Rebound","Chaos+1"],"picked":"Beam Cell+1","floor":35},{"not_picked":["Stack","Steam Power","Turbo+1"],"picked":"Gash","floor":36},{"not_picked":["Gash","Consume","Cold Snap+1"],"picked":"Steam+1","floor":37},{"not_picked":["Chill","Recycle+1","Ball Lightning","Hologram+1"],"picked":"SKIP","floor":39},{"not_picked":["All For One","Coolheaded+1","Streamline"],"picked":"Capacitor+1","floor":41},{"not_picked":["Leap","Stack","Rebound"],"picked":"Buffer+1","floor":44},{"not_picked":["Auto Shields","Turbo","Thunder Strike","Ball Lightning"],"picked":"SKIP","floor":45},{"not_picked":["Stack","Recycle","Rebound"],"picked":"FTL","floor":46},{"not_picked":["Go for the Eyes+1","Hologram","Coolheaded+1"],"picked":"White Noise+1","floor":47}],"player_experience":444749,"relics_obtained":[{"floor":6,"key":"Bottled Flame"},{"floor":9,"key":"Smiling Mask"},{"floor":13,"key":"Frozen Egg 2"},{"floor":21,"key":"Red Mask"},{"floor":24,"key":"Pocketwatch"},{"floor":26,"key":"Ornamental Fan"},{"floor":27,"key":"Calipers"},{"floor":27,"key":"Question Card"},{"floor":29,"key":"Boot"},{"floor":41,"key":"Bottled Tornado"},{"floor":43,"key":"MawBank"},{"floor":44,"key":"Juzu Bracelet"}],"event_choices":[{"damage_healed":0,"gold_gain":0,"player_choice":"Success","damage_taken":7,"relics_obtained":["PreservedInsect"],"max_hp_gain":0,"max_hp_loss":0,"event_name":"Scrap Ooze","floor":3,"gold_loss":0},{"damage_healed":0,"gold_gain":0,"player_choice":"Ignored","damage_taken":0,"max_hp_gain":0,"max_hp_loss":0,"event_name":"NoteForYourself","floor":4,"gold_loss":0},{"damage_healed":0,"gold_gain":0,"player_choice":"Take Damage","damage_taken":18,"relics_obtained":["Golden Idol"],"max_hp_gain":0,"max_hp_loss":0,"event_name":"Golden Idol","floor":12,"gold_loss":0},{"damage_healed":0,"gold_gain":0,"player_choice":"Entered Light","damage_taken":16,"max_hp_gain":0,"max_hp_loss":0,"event_name":"Shining Light","floor":14,"gold_loss":0,"cards_upgraded":["Defend_B","Self Repair"]},{"damage_healed":0,"gold_gain":0,"player_choice":"Shed Blood","damage_taken":20,"max_hp_gain":5,"max_hp_loss":0,"event_name":"Forgotten Altar","floor":20,"gold_loss":0},{"damage_healed":0,"gold_gain":0,"player_choice":"Fought Bandits","damage_taken":0,"max_hp_gain":0,"max_hp_loss":0,"event_name":"Masked Bandits","floor":21,"gold_loss":0},{"damage_healed":0,"gold_gain":0,"player_choice":"Fight","damage_taken":0,"max_hp_gain":0,"max_hp_loss":0,"event_name":"Colosseum","floor":27,"gold_loss":0},{"damage_healed":0,"gold_gain":0,"player_choice":"Fought Nobs","damage_taken":0,"max_hp_gain":0,"max_hp_loss":0,"event_name":"Colosseum","floor":27,"gold_loss":0},{"damage_healed":0,"gold_gain":0,"player_choice":"Joined the Cult","damage_taken":6,"max_hp_gain":0,"max_hp_loss":0,"event_name":"Nest","floor":28,"gold_loss":0,"cards_obtained":["RitualDagger"]},{"damage_healed":0,"gold_gain":0,"player_choice":"Traded Relic","damage_taken":0,"relics_obtained":["Nloth\u0027s Gift"],"max_hp_gain":0,"max_hp_loss":0,"event_name":"N\u0027loth","floor":30,"relics_lost":["Boot"],"gold_loss":0},{"damage_healed":0,"gold_gain":0,"player_choice":"Ignored","damage_taken":0,"max_hp_gain":0,"max_hp_loss":0,"event_name":"SecretPortal","floor":38,"gold_loss":0}],"is_beta":false,"boss_relics":[{"not_picked":["Sozu","Ectoplasm"],"picked":"Nuclear Battery"},{"not_picked":["Pandora\u0027s Box","Runic Pyramid"],"picked":"Inserter"}],"items_purged_floors":[2,48],"is_endless":false,"potions_floor_spawned":[1,5,10,16,21,22,24,27,35,37,44,47],"killed_by":"Donu and Deca","ascension_level":0}