{"gold_per_floor":[10,29,45,64,78,136,156,156,156,185,185,155],"floor_reached":12,"playtime":722,"items_purged":[],"score":152,"play_id":"5d80964d-cfc0-4c1f-a707-215f6d1eb4bf","local_time":"20190402004558","is_ascension_mode":true,"campfire_choices":[],"neow_cost":"NO_GOLD","seed_source_timestamp":1473549620446186,"circlet_count":0,"master_deck":["AscendersBane","Defend_G","Defend_G","Defend_G","Defend_G","Defend_G","Strike_G","Strike_G","Strike_G","Strike_G","Strike_G","Survivor","Neutralize","Sucker Punch","All Out Attack","Flying Knee","Dagger Throw","Quick Slash","Skewer","Sucker Punch","Catalyst"],"relics":["Ring of the Snake","Tiny Chest","Snake Skull","Ginger","Prayer Wheel"],"potions_floor_usage":[4,10,10],"damage_taken":[{"damage":0,"enemies":"Cultist","floor":1,"turns":5},{"damage":0,"enemies":"2 Louse","floor":2,"turns":4},{"damage":1,"enemies":"Small Slimes","floor":3,"turns":4},{"damage":2,"enemies":"2 Fungi Beasts","floor":4,"turns":5},{"damage":10,"enemies":"Large Slime","floor":5,"turns":7},{"damage":22,"enemies":"3 Sentries","floor":6,"turns":8},{"damage":27,"enemies":"Gremlin Gang","floor":7,"turns":6},{"damage":8,"enemies":"Gremlin Nob","floor":10,"turns":3},{"damage":11,"enemies":"Looter","floor":12,"turns":2}],"seed_played":"-4928360364479897954","potions_obtained":[{"floor":1,"key":"Energy Potion"},{"floor":2,"key":"Weak Potion"},{"floor":7,"key":"Energy Potion"}],"is_trial":false,"path_per_floor":["M","?","?"],"character_chosen":"THE_SILENT","items_purchased":[],"campfire_rested":0,"item_purchase_floors":[],"current_hp_per_floor":[77,77,76,74,64,42,15,12,12,4,4,0],"gold":155,"neow_bonus":"TWENTY_PERCENT_HP_BONUS","is_prod":false,"is_daily":false,"chose_seed":false,"campfire_upgraded":0,"win_rate":0,"timestamp":1554180358,"path_taken":["M","M","M","M","?","E","M","?","T","E","?","M"],"build_version":"2019-01-23","purchased_purges":0,"victory":false,"max_hp_per_floor":[84,84,84,84,84,84,84,84,84,84,84,84],"card_choices":[{"not_picked":["Endless Agony","Concentrate"],"picked":"Sucker Punch","floor":1},{"not_picked":["Underhanded Strike","Cloak And Dagger"],"picked":"All Out Attack","floor":2},{"not_picked":["Dodge and Roll","Dagger Spray"],"picked":"Flying Knee","floor":3},{"not_picked":["Underhanded Strike","Dagger Spray"],"picked":"Dagger Throw","floor":4},{"not_picked":["Prepared","Masterful Stab"],"picked":"Quick Slash","floor":5},{"not_picked":["Grand Finale","Dagger Spray"],"picked":"Skewer","floor":6},{"not_picked":["Blade Dance","Outmaneuver"],"picked":"Sucker Punch","floor":7},{"not_picked":["Infinite Blades","Blade Dance"],"picked":"Catalyst","floor":10}],"player_experience":1392433,"relics_obtained":[{"floor":6,"key":"Tiny Chest"},{"floor":9,"key":"Ginger"},{"floor":10,"key":"Prayer Wheel"}],"event_choices":[{"damage_healed":0,"gold_gain":0,"player_choice":"Success","damage_taken":3,"relics_obtained":["Snake Skull"],"max_hp_gain":0,"max_hp_loss":0,"event_name":"Scrap Ooze","floor":8,"gold_loss":0},{"damage_healed":0,"gold_gain":0,"player_choice":"Ignored","damage_taken":0,"max_hp_gain":0,"max_hp_loss":0,"event_name":"Shining Light","floor":11,"gold_loss":0}],"is_beta":false,"boss_relics":[],"items_purged_floors":[],"is_endless":false,"potions_floor_spawned":[1,2,7],"killed_by":"Looter","ascension_level":13}