{"gold_per_floor":[111,128,128,143,157,157,172,172,196,174,174,349,349,365,365,460,460,479,351,361,381,381,381,306,0,0,10,25,37,50,70,70,70],"floor_reached":33,"playtime":1169,"items_purged":[],"score":243,"play_id":"d0e0b251-0fed-4758-8b1d-08b38d636430","local_time":"20190211173429","is_ascension_mode":false,"campfire_choices":[{"data":"Jack Of All Trades","floor":6,"key":"SMITH"},{"data":"Zap","floor":8,"key":"SMITH"},{"data":"Echo Form","floor":11,"key":"SMITH"},{"data":"Self Repair","floor":13,"key":"SMITH"},{"data":"Thunder Strike","floor":15,"key":"SMITH"},{"data":"Loop","floor":23,"key":"SMITH"},{"floor":32,"key":"REST"}],"neow_cost":"NONE","seed_source_timestamp":1141759529838656,"circlet_count":0,"master_deck":["Strike_B","Strike_B","Strike_B","Strike_B","Defend_B","Defend_B","Defend_B","Defend_B","Zap+1","Dualcast","Static Discharge","Ball Lightning","Hologram","Thunder Strike+1","Jack Of All Trades+1","Echo Form+1","Self Repair+1","Capacitor","BootSequence","Reboot","Coolheaded","Loop+1","Coolheaded","Conserve Battery","Storm","Double Energy","Reboot","Ball Lightning","Barrage"],"relics":["Cracked Core"],"potions_floor_usage":[16,16,30,33],"damage_taken":[{"damage":2,"enemies":"Small Slimes","floor":1,"turns":4},{"damage":1,"enemies":"Cultist","floor":2,"turns":3},{"damage":0,"enemies":"2 Louse","floor":4,"turns":2},{"damage":4,"enemies":"Blue Slaver","floor":5,"turns":4},{"damage":11,"enemies":"Large Slime","floor":7,"turns":4},{"damage":22,"enemies":"Looter","floor":14,"turns":4},{"damage":20,"enemies":"The Guardian","floor":16,"turns":7},{"damage":8,"enemies":"3 Byrds","floor":18,"turns":3},{"damage":25,"enemies":"2 Thieves","floor":20,"turns":4},{"damage":28,"enemies":"Shelled Parasite and Fungi","floor":21,"turns":8},{"damage":22,"enemies":"Centurion and Healer","floor":27,"turns":6},{"damage":21,"enemies":"Snake Plant","floor":28,"turns":4},{"damage":14,"enemies":"Chosen and Byrds","floor":29,"turns":7},{"damage":19,"enemies":"3 Cultists","floor":30,"turns":4},{"damage":8,"enemies":"Snake Plant","floor":31,"turns":4},{"damage":73,"enemies":"Automaton","floor":33,"turns":8}],"seed_played":"5630624931666199785","potions_obtained":[{"floor":2,"key":"FocusPotion"},{"floor":4,"key":"FairyPotion"},{"floor":7,"key":"Swift Potion"},{"floor":21,"key":"Ancient Potion"},{"floor":28,"key":"SteroidPotion"},{"floor":29,"key":"PowerPotion"},{"floor":31,"key":"Weak Potion"}],"is_trial":false,"path_per_floor":["M","M","?","M","M","R","M","R","T","?","R","?","R","M","R","B",null,"M","$","M","M","?","R","?","?","T","M","M","M","M","M","R","B"],"character_chosen":"DEFECT","items_purchased":["Loop","Coolheaded"],"campfire_rested":1,"item_purchase_floors":[19,19],"current_hp_per_floor":[73,72,72,72,68,68,64,64,64,64,64,64,64,62,62,52,75,75,75,60,42,42,42,42,42,42,40,19,25,16,18,40,0],"gold":70,"neow_bonus":"THREE_CARDS","is_prod":false,"is_daily":false,"chose_seed":false,"campfire_upgraded":6,"win_rate":0,"timestamp":1549931669,"path_taken":["M","M","?","M","?","R","M","R","T","?","R","?","R","M","R","BOSS","M","$","M","M","?","R","?","?","T","M","M","?","M","M","R","BOSS"],"build_version":"2019-01-23","purchased_purges":0,"victory":false,"max_hp_per_floor":[75,75,75,75,75,75,75,75,75,75,75,75,75,75,75,75,75,75,75,75,75,75,75,75,75,75,75,75,75,75,75,75,75],"card_choices":[{"not_picked":["Rebound","Stack"],"picked":"Static Discharge","floor":0},{"not_picked":["Hologram","Turbo"],"picked":"Ball Lightning","floor":1},{"not_picked":["Stack","Coolheaded"],"picked":"Hologram","floor":2},{"not_picked":["Steam Power","Rebound"],"picked":"Echo Form","floor":4},{"not_picked":["Ball Lightning","Rebound"],"picked":"Self Repair","floor":5},{"not_picked":["Aggregate","Hologram"],"picked":"Capacitor","floor":7},{"not_picked":["Chaos","Aggregate"],"picked":"BootSequence","floor":14},{"not_picked":["Biased Cognition","Seek"],"picked":"Reboot","floor":16},{"not_picked":["Fusion","Leap"],"picked":"Coolheaded","floor":18},{"not_picked":["Reprogram","Undo"],"picked":"Conserve Battery","floor":20},{"not_picked":["Reprogram","Conserve Battery"],"picked":"Storm","floor":21},{"not_picked":["Sweeping Beam","Genetic Algorithm","FTL"],"picked":"SKIP","floor":27},{"not_picked":["Compile Driver+1","Doom and Gloom"],"picked":"Double Energy","floor":28},{"not_picked":["Go for the Eyes","Stack"],"picked":"Reboot","floor":29},{"not_picked":["Gash","Fusion"],"picked":"Ball Lightning","floor":30},{"not_picked":["Steam Power","Beam Cell"],"picked":"Barrage","floor":31}],"player_experience":1442041,"relics_obtained":[],"event_choices":[{"damage_healed":0,"gold_gain":0,"player_choice":"2 cards matched","damage_taken":0,"max_hp_gain":0,"max_hp_loss":0,"event_name":"Match and Keep!","floor":3,"gold_loss":0,"cards_obtained":["Thunder Strike","Jack Of All Trades"]},{"damage_healed":0,"gold_gain":0,"player_choice":"Left Gold","damage_taken":0,"max_hp_gain":0,"max_hp_loss":0,"event_name":"World of Goop","floor":10,"gold_loss":22},{"damage_healed":0,"gold_gain":175,"player_choice":"AGREE","damage_taken":0,"max_hp_gain":0,"max_hp_loss":0,"event_name":"Liars Game","floor":12,"gold_loss":0,"cards_obtained":["Doubt"]},{"cards_removed":["Doubt"],"damage_healed":0,"gold_gain":0,"player_choice":"Gave Gold","damage_taken":0,"max_hp_gain":0,"max_hp_loss":0,"event_name":"Beggar","floor":24,"gold_loss":75},{"damage_healed":0,"gold_gain":0,"player_choice":"Paid Fearfully","damage_taken":0,"max_hp_gain":0,"max_hp_loss":0,"event_name":"Masked Bandits","floor":25,"gold_loss":306}],"is_beta":false,"boss_relics":[{"not_picked":["Eternal Feather","Cursed Key","Ectoplasm"]}],"items_purged_floors":[],"is_endless":false,"potions_floor_spawned":[2,4,7,21,28,29,31],"killed_by":"Automaton","ascension_level":0}