{"gold_per_floor":[109,127,145,13,32,32,50,17,17,35,46,58,71,71],"floor_reached":14,"playtime":462,"items_purged":[],"score":88,"play_id":"2df92767-5279-4843-95f9-7fa9b597b51c","local_time":"20180802132231","is_ascension_mode":false,"campfire_choices":[],"neow_cost":"NONE","seed_source_timestamp":99461689208806,"circlet_count":0,"master_deck":["Strike_R","Strike_R+1","Strike_R+1","Strike_R","Strike_R","Defend_R","Defend_R","Defend_R","Defend_R","Bash","Searing Blow","Perfected Strike","Armaments","Flex","Shrug It Off","Whirlwind","Anger","Iron Wave","Cleave","Infernal Blade","Immolate","True Grit"],"relics":["Eternal Feather","Blue Candle"],"potions_floor_usage":[7,12,12,14],"damage_taken":[{"damage":5,"enemies":"2 Louse","floor":1,"turns":3},{"damage":6,"enemies":"Jaw Worm","floor":2,"turns":4},{"damage":6,"enemies":"Small Slimes","floor":3,"turns":4},{"damage":12,"enemies":"Exordium Thugs","floor":5,"turns":5},{"damage":0,"enemies":"3 Louse","floor":7,"turns":3},{"damage":7,"enemies":"Looter","floor":10,"turns":3},{"damage":3,"enemies":"Exordium Wildlife","floor":11,"turns":2},{"damage":3,"enemies":"Lots of Slimes","floor":12,"turns":3},{"damage":19,"enemies":"Blue Slaver","floor":13,"turns":3},{"damage":3,"enemies":"Large Slime","floor":14,"turns":1}],"seed_played":"-5743645971781225849","potions_obtained":[{"floor":1,"key":"SkillPotion"},{"floor":2,"key":"Energy Potion"},{"floor":5,"key":"FearPotion"},{"floor":11,"key":"Energy Potion"}],"is_trial":false,"path_per_floor":["M","M","M","$","M","?","M","?","T","M","M","M","M"],"character_chosen":"IRONCLAD","items_purchased":["Flex","Shrug It Off","Whirlwind"],"campfire_rested":0,"item_purchase_floors":[4,4,4],"current_hp_per_floor":[75,69,63,63,51,35,35,35,35,28,25,22,3,0],"gold":71,"neow_bonus":"BOSS_RELIC","is_prod":false,"is_daily":false,"chose_seed":false,"campfire_upgraded":0,"win_rate":0,"timestamp":1533237751,"path_taken":["M","M","M","$","M","?","M","?","T","?","M","M","M","M"],"build_version":"2018-07-26","purchased_purges":0,"victory":false,"max_hp_per_floor":[80,80,80,80,80,80,80,80,80,80,80,80,80,80],"card_choices":[{"not_picked":["Clash","Battle Trance"],"picked":"Searing Blow","floor":1},{"not_picked":["Thunderclap","Anger"],"picked":"Perfected Strike","floor":2},{"not_picked":["True Grit","Iron Wave"],"picked":"Armaments","floor":3},{"not_picked":["Warcry","Combust"],"picked":"Anger","floor":5},{"not_picked":["Power Through","Bloodletting"],"picked":"Iron Wave","floor":7},{"not_picked":["Hemokinesis","Warcry"],"picked":"Cleave","floor":10},{"not_picked":["Thunderclap","Clothesline"],"picked":"Infernal Blade","floor":11},{"not_picked":["Heavy Blade","Wild Strike"],"picked":"Immolate","floor":12},{"not_picked":["Clothesline","Combust"],"picked":"True Grit","floor":13}],"player_experience":156163,"relics_obtained":[{"floor":9,"key":"Blue Candle"}],"event_choices":[{"event_name":"Shining Light","player_choice":"Entered Light","floor":6,"damage_taken":0},{"event_name":"World of Goop","player_choice":"Left","floor":8,"damage_taken":0}],"is_beta":false,"boss_relics":[],"items_purged_floors":[],"is_endless":false,"potions_floor_spawned":[1,2,5,11],"killed_by":"Large Slime","ascension_level":0}