{"gold_per_floor":[115,115,126,136,153,181,198,198,198,198,231,54,71,71,71,202,202,226,242,266,291,291,291,291,314,362,444,469,115,115,133,133,133],"floor_reached":33,"playtime":2083,"items_purged":["Decay"],"score":378,"play_id":"716c2dac-073a-424a-870f-3bc3d47e06cb","local_time":"20190325123849","is_ascension_mode":true,"campfire_choices":[{"data":"True Grit","floor":8,"key":"SMITH"},{"data":"True Grit","floor":10,"key":"SMITH"},{"floor":15,"key":"REST"},{"floor":23,"key":"REST"},{"floor":30,"key":"REST"},{"floor":32,"key":"REST"}],"neow_cost":"NONE","seed_source_timestamp":823760584998320,"circlet_count":0,"master_deck":["Strike_R","Strike_R","Strike_R","Strike_R","Strike_R","Defend_R","Defend_R","Defend_R","Defend_R","Bash+1","Clothesline","Anger","Reaper","True Grit+1","Twin Strike","True Grit+1","Iron Wave","Combust","Rupture","Metallicize","Shrug It Off","Immolate","Shrug It Off","True Grit","Juggernaut","RitualDagger","Armaments","Flame Barrier","Body Slam+1"],"relics":["Burning Blood","Du-Vu Doll","The Courier","Strawberry","Golden Idol","Fusion Hammer","Lantern","Molten Egg 2","Peace Pipe"],"potions_floor_usage":[19,31,33,33],"damage_taken":[{"damage":13,"enemies":"Small Slimes","floor":1,"turns":5},{"damage":2,"enemies":"Cultist","floor":3,"turns":4},{"damage":4,"enemies":"2 Louse","floor":4,"turns":3},{"damage":9,"enemies":"Blue Slaver","floor":5,"turns":4},{"damage":33,"enemies":"Lagavulin","floor":6,"turns":6},{"damage":13,"enemies":"Looter","floor":7,"turns":4},{"damage":46,"enemies":"3 Sentries","floor":11,"turns":12},{"damage":25,"enemies":"Lots of Slimes","floor":13,"turns":6},{"damage":35,"enemies":"Hexaghost","floor":16,"turns":11},{"damage":25,"enemies":"Spheric Guardian","floor":18,"turns":6},{"damage":25,"enemies":"2 Thieves","floor":19,"turns":4},{"damage":1,"enemies":"Snecko","floor":20,"turns":7},{"damage":37,"enemies":"Sentry and Sphere","floor":21,"turns":8},{"damage":15,"enemies":"Centurion and Healer","floor":25,"turns":9},{"damage":22,"enemies":"Snake Plant","floor":28,"turns":4},{"damage":26,"enemies":"Sentry and Sphere","floor":31,"turns":7},{"damage":57,"enemies":"Champ","floor":33,"turns":14}],"seed_played":"-3854200919295448627","potions_obtained":[{"floor":0,"key":"SpeedPotion"},{"floor":0,"key":"Block Potion"},{"floor":0,"key":"SneckoOil"},{"floor":21,"key":"SkillPotion"},{"floor":31,"key":"AttackPotion"}],"is_trial":false,"path_per_floor":["?","M","?","?","?","T","$"],"character_chosen":"IRONCLAD","items_purchased":["Combust","Rupture","Metallicize","Flame Barrier","Peace Pipe"],"campfire_rested":4,"item_purchase_floors":[12,12,12,29,29],"current_hp_per_floor":[65,65,69,71,68,41,40,40,40,40,19,19,20,20,44,25,67,48,39,44,17,17,41,35,26,26,26,15,15,39,19,43,0],"gold":133,"neow_bonus":"THREE_SMALL_POTIONS","is_prod":false,"is_daily":false,"chose_seed":false,"campfire_upgraded":2,"win_rate":0,"timestamp":1553531929,"path_taken":["M","?","M","?","M","E","M","R","T","R","E","$","M","?","R","BOSS","M","M","M","M","?","R","?","M","T","?","M","?","R","M","R","BOSS"],"build_version":"2019-01-23","purchased_purges":1,"victory":false,"max_hp_per_floor":[80,80,80,80,80,80,80,80,80,80,87,87,87,81,81,81,81,81,81,81,81,81,81,81,81,81,81,81,81,81,81,81,81],"card_choices":[{"not_picked":["Sword Boomerang","Warcry"],"picked":"Clothesline","floor":1},{"not_picked":["Flex","Sword Boomerang"],"picked":"Anger","floor":3},{"not_picked":["Shockwave","Evolve"],"picked":"Reaper","floor":4},{"not_picked":["Iron Wave","Clothesline"],"picked":"True Grit","floor":5},{"not_picked":["Anger","Wild Strike"],"picked":"Twin Strike","floor":6},{"not_picked":["Anger","Clash"],"picked":"True Grit","floor":7},{"not_picked":["Body Slam","Thunderclap"],"picked":"Iron Wave","floor":11},{"not_picked":["Heavy Blade","Rampage"],"picked":"Shrug It Off","floor":13},{"not_picked":["Demon Form","Barricade"],"picked":"Immolate","floor":16},{"not_picked":["Body Slam","Clash"],"picked":"Shrug It Off","floor":18},{"not_picked":["Dual Wield","Sword Boomerang","Clash+1"],"picked":"SKIP","floor":19},{"not_picked":["Corruption","Warcry"],"picked":"True Grit","floor":20},{"not_picked":["Body Slam","Battle Trance"],"picked":"Juggernaut","floor":21},{"not_picked":["Whirlwind","Power Through","Wild Strike+1"],"picked":"SKIP","floor":25},{"not_picked":["Carnage+1","Reckless Charge+1"],"picked":"Armaments","floor":28},{"not_picked":["Sword Boomerang+1","Shockwave"],"picked":"Body Slam+1","floor":31}],"player_experience":989450,"relics_obtained":[{"floor":6,"key":"Du-Vu Doll"},{"floor":9,"key":"The Courier"},{"floor":11,"key":"Strawberry"},{"floor":26,"key":"Lantern"},{"floor":27,"key":"Molten Egg 2"}],"event_choices":[{"damage_healed":0,"gold_gain":0,"player_choice":"Upgraded","damage_taken":0,"max_hp_gain":0,"max_hp_loss":0,"event_name":"Upgrade Shrine","floor":2,"gold_loss":0,"cards_upgraded":["Bash"]},{"damage_healed":0,"gold_gain":0,"player_choice":"Lose Max HP","damage_taken":0,"relics_obtained":["Golden Idol"],"max_hp_gain":0,"max_hp_loss":6,"event_name":"Golden Idol","floor":14,"gold_loss":0},{"damage_healed":0,"gold_gain":0,"player_choice":"Smashed Altar","damage_taken":0,"max_hp_gain":0,"max_hp_loss":0,"event_name":"Forgotten Altar","floor":22,"gold_loss":0,"cards_obtained":["Decay"]},{"damage_healed":0,"gold_gain":0,"player_choice":"Joined the Cult","damage_taken":6,"max_hp_gain":0,"max_hp_loss":0,"event_name":"Nest","floor":24,"gold_loss":0,"cards_obtained":["RitualDagger"]}],"is_beta":false,"boss_relics":[{"not_picked":["Cursed Key","Astrolabe"],"picked":"Fusion Hammer"}],"items_purged_floors":[29],"is_endless":false,"potions_floor_spawned":[3,5,7,21,28,31],"killed_by":"Champ","ascension_level":9}