{"gold_per_floor":[116,116,143,155,117,129,151,193,274,312,324,349,361,373,385,527,602,637,649,684,715,727,783,819,845,906,918,949,41,55,78,78,197,197,197],"floor_reached":35,"playtime":1876,"items_purged":[],"score":431,"play_id":"997b1f9c-db43-4355-a72d-c89ab3693ea1","local_time":"20180926001928","is_ascension_mode":true,"campfire_choices":[{"data":"Dagger Spray","floor":6.0,"key":"SMITH"},{"data":"Tactician","floor":15.0,"key":"SMITH"},{"floor":27,"key":"REST"},{"floor":32,"key":"REST"}],"neow_cost":"TEN_PERCENT_HP_LOSS","seed_source_timestamp":0,"circlet_count":0,"master_deck":["Defend_G","Defend_G","Defend_G","Defend_G","Strike_G","Strike_G","Strike_G","Strike_G","Survivor","Neutralize+1","Dagger Spray+1","Choke","Underhanded Strike","Dagger Throw","Tactician+1","Dodge and Roll+1","Dagger Throw","Burst+1","Finisher","Dodge and Roll+1","Footwork","Acrobatics+1","Distraction+1","Calculated Gamble+1","Prepared+1","Cloak And Dagger+1","Apotheosis+1","Dramatic Entrance","Cloak And Dagger+1","Backflip+1","Doppelganger+1"],"special_seed":0,"relics":["Ring of the Snake","MawBank","Omamori","Toxic Egg 2","Turnip","Golden Idol","Tiny House","Art of War","Bag of Preparation","Dream Catcher","Strange Spoon","Meat on the Bone","Centennial Puzzle","Sozu"],"potions_floor_usage":[25,33],"damage_taken":[{"damage":0.0,"enemies":"2 Louse","floor":1.0,"turns":1.0},{"damage":0.0,"enemies":"Small Slimes","floor":3.0,"turns":3.0},{"damage":0.0,"enemies":"Cultist","floor":7.0,"turns":2.0},{"damage":18.0,"enemies":"Lagavulin","floor":8.0,"turns":5.0},{"damage":14.0,"enemies":"Gremlin Nob","floor":10.0,"turns":3.0},{"damage":0.0,"enemies":"Exordium Thugs","floor":12.0,"turns":3.0},{"damage":53.0,"enemies":"The Guardian","floor":16.0,"turns":14.0},{"damage":2.0,"enemies":"Spheric Guardian","floor":18.0,"turns":5.0},{"damage":1.0,"enemies":"Colosseum Slavers","floor":19.0,"turns":6.0},{"damage":11.0,"enemies":"Shell Parasite","floor":21.0,"turns":9.0},{"damage":30.0,"enemies":"Slavers","floor":23.0,"turns":8.0},{"damage":19.0,"enemies":"3 Cultists","floor":24.0,"turns":6.0},{"damage":0,"enemies":"Snecko","floor":25,"turns":7},{"damage":15,"enemies":"Centurion and Healer","floor":28,"turns":13},{"damage":7,"enemies":"Shelled Parasite and Fungi","floor":30,"turns":5},{"damage":4,"enemies":"Chosen and Byrds","floor":31,"turns":5},{"damage":30,"enemies":"Champ","floor":33,"turns":15},{"damage":1,"enemies":"3 Shapes","floor":35,"turns":3}],"seed_played":"1157401040349117382","potions_obtained":[{"floor":1.0,"key":"Weak Potion"},{"floor":8.0,"key":"SpeedPotion"},{"floor":10.0,"key":"Fire Potion"},{"floor":17.0,"key":"Dexterity Potion"},{"floor":21.0,"key":"Poison Potion"},{"floor":23.0,"key":"AttackPotion"},{"floor":24.0,"key":"GhostInAJar"},{"floor":25,"key":"Poison Potion"},{"floor":33,"key":"FearPotion"}],"is_trial":false,"path_per_floor":["M","?","M","$","?","R","M","E","T","E","?","M","$","?","R","B",null,"M","?","T","M","$","E","M","M","T","R","M","$","M","M","R","B",null],"character_chosen":"THE_SILENT","items_purchased":["Apotheosis+1","Strange Spoon","Meat on the Bone","Dramatic Entrance","Centennial Puzzle"],"campfire_rested":2,"item_purchase_floors":[29,29,29,29,29],"current_hp_per_floor":[63,63,63,63,63,63,63,45,45,31,31,31,31,68,68,15,73,71,70,70,59,59,29,10,10,10,31,16,16,21,29,50,32,73,72],"gold":197,"neow_bonus":"TRANSFORM_TWO_CARDS","is_prod":false,"is_daily":false,"chose_seed":false,"campfire_upgraded":2,"win_rate":0,"timestamp":1537935568,"path_taken":["M","?","M","?","?","R","?","E","T","E","?","M","$","?","R","BOSS","M","?","?","M","?","E","M","M","T","R","?","$","M","M","R","BOSS","M"],"build_version":"2018-09-24","purchased_purges":0,"victory":false,"max_hp_per_floor":[63,63,63,63,63,63,63,63,63,63,58,58,58,68,68,68,73,73,73,73,73,73,73,73,73,73,73,73,73,73,73,73,73,73,73],"card_choices":[{"not_picked":["Masterful Stab","PiercingWail"],"picked":"Choke","floor":1.0},{"not_picked":["Terror","Accuracy"],"picked":"Underhanded Strike","floor":3.0},{"not_picked":["Noxious Fumes","Choke"],"picked":"Dagger Throw","floor":7.0},{"not_picked":["Flechettes","Dagger Spray"],"picked":"Tactician","floor":8.0},{"not_picked":["PiercingWail+1","Expertise+1"],"picked":"Dodge and Roll+1","floor":10.0},{"not_picked":["Bane","Caltrops"],"picked":"Dagger Throw","floor":12.0},{"not_picked":["Die Die Die","Doppelganger+1"],"picked":"Burst+1","floor":16.0},{"not_picked":["Flying Knee","Quick Slash"],"picked":"Finisher","floor":17.0},{"not_picked":["Quick Slash+1","Poisoned Stab+1"],"picked":"Dodge and Roll+1","floor":18.0},{"not_picked":["Deflect+1","Flechettes"],"picked":"Footwork","floor":21.0},{"not_picked":["Riddle With Holes+1","Dagger Spray+1"],"picked":"Acrobatics+1","floor":23.0},{"not_picked":["Sucker Punch","Predator"],"picked":"Distraction+1","floor":24.0},{"not_picked":["Riddle With Holes","PiercingWail+1"],"picked":"Calculated Gamble+1","floor":25},{"not_picked":["Flying Knee+1","Bouncing Flask+1"],"picked":"Prepared+1","floor":27},{"not_picked":["Predator","Quick Slash"],"picked":"Cloak And Dagger+1","floor":28},{"not_picked":["Crippling Poison+1","Corpse Explosion+1","Slice"],"picked":"SKIP","floor":30},{"not_picked":["Deadly Poison+1","Escape Plan+1"],"picked":"Cloak And Dagger+1","floor":31},{"not_picked":["Slice","Deflect+1"],"picked":"Backflip+1","floor":32},{"not_picked":["Tools of the Trade","Wraith Form v2"],"picked":"Doppelganger+1","floor":33}],"player_experience":288355,"relics_obtained":[{"floor":8.0,"key":"Omamori"},{"floor":9.0,"key":"Toxic Egg 2"},{"floor":10.0,"key":"Turnip"},{"floor":20.0,"key":"Art of War"},{"floor":23.0,"key":"Bag of Preparation"},{"floor":26,"key":"Dream Catcher"}],"event_choices":[{"event_name":"Big Fish","player_choice":"Box","floor":2.0,"damage_taken":0.0},{"event_name":"The Cleric","player_choice":"Card Removal","floor":5.0,"damage_taken":0.0},{"event_name":"Golden Idol","player_choice":"Lose Max HP","floor":11.0,"damage_taken":0.0},{"event_name":"Bonfire Elementals","player_choice":"RARE","floor":14.0,"damage_taken":0.0},{"event_name":"Colosseum","player_choice":"Fight","floor":19.0,"damage_taken":0.0},{"event_name":"Colosseum","player_choice":"Fled From Nobs","floor":19.0,"damage_taken":0.0}],"is_beta":true,"boss_relics":[{"not_picked":["Snecko Eye","WristBlade"],"picked":"Tiny House"},{"not_picked":["Coffee Dripper","Runic Pyramid"],"picked":"Sozu"}],"items_purged_floors":[],"is_endless":false,"potions_floor_spawned":[1,8,10,21,23,24,25,33],"killed_by":"3 Shapes","ascension_level":1}