{"gold_per_floor":[133,158,245,257,284,296,319,296,335,193,206,221,221,241,241,241],"floor_reached":16,"playtime":596,"items_purged":["Strike_G"],"score":188,"play_id":"f03b6659-28eb-486a-ba51-9e2a53a09417","local_time":"20190410193211","is_ascension_mode":true,"campfire_choices":[{"data":"Skewer","floor":6.0,"key":"SMITH"},{"data":"Footwork","floor":13.0,"key":"SMITH"},{"floor":15.0,"key":"REST"}],"neow_cost":"NONE","seed_source_timestamp":83519598070900,"circlet_count":0,"master_deck":["AscendersBane","Defend_G","Defend_G","Defend_G","Defend_G","Defend_G","Strike_G","Strike_G","Strike_G","Strike_G","Survivor","Neutralize","Leg Sweep","Skewer+1","Tactician","Prepared","Footwork+1","Escape Plan","Adrenaline","Backflip"],"special_seed":0,"relics":["Ring of the Snake","MawBank"],"potions_floor_usage":[16,16],"damage_taken":[{"damage":3.0,"enemies":"Small Slimes","floor":1.0,"turns":5.0},{"damage":3.0,"enemies":"2 Louse","floor":2.0,"turns":3.0},{"damage":4.0,"enemies":"Jaw Worm","floor":5.0,"turns":4.0},{"damage":16.0,"enemies":"2 Fungi Beasts","floor":7.0,"turns":5.0},{"damage":0.0,"enemies":"Red Slaver","floor":11.0,"turns":6.0},{"damage":24.0,"enemies":"Exordium Thugs","floor":12.0,"turns":7.0},{"damage":12.0,"enemies":"Exordium Wildlife","floor":14.0,"turns":9.0},{"damage":23,"enemies":"Hexaghost","floor":16,"turns":11}],"seed_played":"2102735581124929075","potions_obtained":[{"floor":2.0,"key":"Poison Potion"},{"floor":5.0,"key":"AttackPotion"},{"floor":11.0,"key":"Poison Potion"}],"is_trial":false,"path_per_floor":["M","M","?","?","M","R","M","?","T","$","M","M","R","M","R","B"],"character_chosen":"THE_SILENT","items_purchased":["Footwork"],"campfire_rested":1,"item_purchase_floors":[10],"current_hp_per_floor":[56,53,42,42,38,38,22,38,38,38,38,14,14,2,21,0],"gold":241,"neow_bonus":"RANDOM_COMMON_RELIC","is_prod":false,"is_daily":false,"chose_seed":false,"campfire_upgraded":2,"win_rate":0,"timestamp":1554949931,"path_taken":["M","M","?","?","M","R","M","?","T","?","M","M","R","?","R","BOSS"],"build_version":"2019-01-23","purchased_purges":1,"victory":false,"max_hp_per_floor":[66,66,66,66,66,66,66,66,66,66,66,66,66,66,66,66],"card_choices":[{"not_picked":["Deflect","Tactician"],"picked":"Leg Sweep","floor":1.0},{"not_picked":["Finisher","Cloak And Dagger"],"picked":"Skewer","floor":2.0},{"not_picked":["Slice","Blade Dance"],"picked":"Tactician","floor":5.0},{"not_picked":["Predator","Reflex"],"picked":"Prepared","floor":7.0},{"not_picked":["Prepared","All Out Attack"],"picked":"Escape Plan","floor":11.0},{"not_picked":["Blur","Outmaneuver"],"picked":"Adrenaline","floor":12.0},{"not_picked":["Bane","Flying Knee"],"picked":"Backflip","floor":14.0}],"player_experience":520477,"relics_obtained":[],"event_choices":[{"damage_healed":0.0,"max_hp_gain":0.0,"max_hp_loss":0.0,"gold_gain":75.0,"event_name":"World of Goop","player_choice":"Gather Gold","floor":3.0,"gold_loss":0.0,"damage_taken":11.0},{"damage_healed":0.0,"max_hp_gain":0.0,"max_hp_loss":0.0,"gold_gain":0.0,"event_name":"Liars Game","player_choice":"Ignored","floor":4.0,"gold_loss":0.0,"damage_taken":0.0},{"damage_healed":16.0,"max_hp_gain":0.0,"max_hp_loss":0.0,"gold_gain":0.0,"event_name":"The Cleric","player_choice":"Healed","floor":8.0,"gold_loss":35.0,"damage_taken":0.0}],"is_beta":false,"boss_relics":[],"items_purged_floors":[10],"is_endless":false,"potions_floor_spawned":[2,5,11,12],"killed_by":"Hexaghost","ascension_level":20}