{"gold_per_floor":[109,124,139,209,17,17,43,43,43,53,53,53,65,77,77,181,181,201,116,116,43,43,43,43,43,68,0],"floor_reached":27,"playtime":1452,"items_purged":[],"score":234,"play_id":"91dfc684-b290-4645-beaa-43fd5fd44e5e","local_time":"20180730134333","is_ascension_mode":false,"campfire_choices":[{"data":"Caltrops","floor":6,"key":"SMITH"},{"floor":8,"key":"REST"},{"data":"All Out Attack","floor":11,"key":"SMITH"},{"floor":15,"key":"REST"},{"floor":23,"key":"REST"},{"data":"Terror","floor":25,"key":"SMITH"}],"neow_cost":"NONE","seed_source_timestamp":329797149244083,"circlet_count":0,"master_deck":["Defend_G","Defend_G","Defend_G","Defend_G","Survivor","Neutralize","Blur","Distraction","All Out Attack+1","Caltrops+1","Unload","Dodge and Roll","Backflip","Caltrops+1","Parasite","Acrobatics","Infinite Blades+1","Blur","Venomology","Outmaneuver+1","Expertise+1","Leg Sweep+1","Dodge and Roll+1","Noxious Fumes+1","Bite","Bite","Bite","Bite","Bite","Footwork+1","Terror+1"],"relics":["Ring of the Snake","Dream Catcher","Gambling Chip","Frozen Egg 2","Astrolabe","Matryoshka","Bag of Preparation","Vajra"],"potions_floor_usage":[7,16,18],"damage_taken":[{"damage":0,"enemies":"2 Louse","floor":1,"turns":4},{"damage":7,"enemies":"Jaw Worm","floor":2,"turns":6},{"damage":0,"enemies":"Cultist","floor":3,"turns":5},{"damage":19,"enemies":"Lagavulin","floor":7,"turns":8},{"damage":8,"enemies":"Exordium Thugs","floor":10,"turns":4},{"damage":7,"enemies":"2 Fungi Beasts","floor":13,"turns":3},{"damage":14,"enemies":"Large Slime","floor":14,"turns":5},{"damage":31,"enemies":"Hexaghost","floor":16,"turns":8},{"damage":26,"enemies":"Spheric Guardian","floor":18,"turns":6},{"damage":44,"enemies":"2 Thieves","floor":27,"turns":3}],"seed_played":"9120955890559187016","potions_obtained":[{"floor":1,"key":"SteroidPotion"},{"floor":3,"key":"EssenceOfSteel"},{"floor":13,"key":"Poison Potion"},{"floor":14,"key":"GhostInAJar"}],"is_trial":false,"path_per_floor":["M","M","M","?","$","R","E","R","T","M","R","?","M","M","R","B",null,"M","?","?","$","?","R","?","R","T"],"character_chosen":"THE_SILENT","items_purchased":["Caltrops","Unload","Noxious Fumes+1"],"campfire_rested":3,"item_purchase_floors":[5,5,21],"current_hp_per_floor":[70,63,63,63,63,63,44,65,65,57,57,70,63,49,70,39,70,44,44,28,28,28,42,42,42,42,0],"gold":0,"neow_bonus":"RANDOM_COMMON_RELIC","is_prod":false,"is_daily":false,"chose_seed":false,"campfire_upgraded":3,"win_rate":0.0,"timestamp":1532979813,"path_taken":["M","M","M","?","$","R","E","R","T","M","R","?","M","M","R","BOSS","M","?","?","$","?","R","?","R","T","M"],"build_version":"2018-07-26","purchased_purges":0,"victory":false,"max_hp_per_floor":[70,70,70,70,70,70,70,70,70,70,70,70,70,70,70,70,70,70,70,70,70,49,49,49,49,49,49],"card_choices":[{"not_picked":["Endless Agony","Dagger Throw"],"picked":"Blur","floor":1},{"not_picked":["Masterful Stab","Flechettes"],"picked":"Distraction","floor":2},{"not_picked":["PiercingWail","Escape Plan"],"picked":"All Out Attack","floor":3},{"not_picked":["Bane","Slice"],"picked":"Dodge and Roll","floor":7},{"not_picked":["Flying Knee","Bane"],"picked":"Backflip","floor":8},{"not_picked":["Prepared","Tactician"],"picked":"Caltrops+1","floor":10},{"not_picked":["Underhanded Strike","Predator"],"picked":"Acrobatics","floor":13},{"not_picked":["Dodge and Roll","Malaise"],"picked":"Infinite Blades+1","floor":14},{"not_picked":["Catalyst","Endless Agony"],"picked":"Blur","floor":15},{"not_picked":["Wraith Form v2+1","Night Terror"],"picked":"Venomology","floor":16},{"not_picked":["Bane+1","Backflip"],"picked":"Dodge and Roll+1","floor":18},{"not_picked":["Dagger Throw+1","Bane"],"picked":"Footwork+1","floor":23}],"player_experience":98394,"relics_obtained":[{"floor":7,"key":"Gambling Chip"},{"floor":9,"key":"Frozen Egg 2"},{"floor":26,"key":"Bag of Preparation"},{"floor":26,"key":"Vajra"}],"event_choices":[{"event_name":"Golden Wing","player_choice":"Gained Gold","floor":4,"damage_taken":0},{"event_name":"Mushrooms","player_choice":"Healed and dodged fight","floor":12,"damage_taken":0},{"event_name":"Addict","player_choice":"Obtained Relic","floor":19,"damage_taken":0},{"event_name":"Cursed Tome","player_choice":"Obtained Book","floor":20,"damage_taken":0},{"event_name":"Vampires","player_choice":"Became a vampire","floor":22,"damage_taken":0},{"event_name":"The Library","player_choice":"Read","floor":24,"damage_taken":0}],"is_beta":false,"boss_relics":[{"not_picked":["Philosopher\u0027s Stone","Lizard Tail"],"picked":"Astrolabe"}],"items_purged_floors":[],"is_endless":false,"potions_floor_spawned":[1,3,13,14],"killed_by":"2 Thieves","ascension_level":0}