{"gold_per_floor":[114,132,132,149,164,189,189,206,278,278,293,312,312,90,90,190,190,209,228,245,245,75,75,75,75,143,143,143],"floor_reached":28,"playtime":3210,"items_purged":["Injury","Strike_R"],"score":222,"play_id":"5205a605-d5c5-4e18-81fb-966092de6619","local_time":"20190103231937","is_ascension_mode":false,"campfire_choices":[{"data":"Inflame","floor":7,"key":"SMITH"},{"data":"Perfected Strike","floor":10,"key":"SMITH"},{"data":"Flex","floor":13,"key":"SMITH"},{"floor":15,"key":"REST"},{"floor":23,"key":"REST"},{"floor":27,"key":"REST"}],"neow_cost":"CURSE","seed_source_timestamp":559449494579257,"circlet_count":0,"master_deck":["Strike_R+1","Strike_R+1","Strike_R+1","Strike_R+1","Defend_R+1","Defend_R+1","Defend_R+1","Defend_R+1","Bash","Perfected Strike+1","Armaments+1","Iron Wave","Twin Strike","Inflame+1","Sword Boomerang","Flex+1","Iron Wave","Iron Wave","Feed","Demon Form","Metallicize","Flex","Rampage","Spot Weakness"],"relics":["Burning Blood","WingedGreaves","Red Skull","Kunai","Black Star","Letter Opener"],"potions_floor_usage":[6,16,16,19,24],"damage_taken":[{"damage":11,"enemies":"Jaw Worm","floor":1,"turns":4},{"damage":1,"enemies":"Cultist","floor":2,"turns":3},{"damage":7,"enemies":"2 Louse","floor":4,"turns":2},{"damage":7,"enemies":"2 Fungi Beasts","floor":5,"turns":4},{"damage":31,"enemies":"Lagavulin","floor":6,"turns":7},{"damage":3,"enemies":"Large Slime","floor":8,"turns":5},{"damage":0,"enemies":"Red Slaver","floor":11,"turns":2},{"damage":10,"enemies":"Exordium Wildlife","floor":12,"turns":4},{"damage":39,"enemies":"The Guardian","floor":16,"turns":11},{"damage":27,"enemies":"Shell Parasite","floor":18,"turns":4},{"damage":17,"enemies":"Spheric Guardian","floor":19,"turns":4},{"damage":21,"enemies":"Snake Plant","floor":20,"turns":4},{"damage":48,"enemies":"3 Cultists","floor":24,"turns":5},{"damage":52,"enemies":"Book of Stabbing","floor":28,"turns":4}],"seed_played":"-226541382703769914","potions_obtained":[{"floor":2,"key":"SteroidPotion"},{"floor":5,"key":"SpeedPotion"},{"floor":6,"key":"Weak Potion"},{"floor":11,"key":"SmokeBomb"},{"floor":18,"key":"LiquidBronze"}],"is_trial":false,"path_per_floor":["M","M","?","M","M","E","R","M","T","R","M","M","R","$","R","B",null,"M","M","M","?","$","R","M","?","T","R","E"],"character_chosen":"IRONCLAD","items_purchased":["Feed","Spot Weakness"],"campfire_rested":3,"item_purchase_floors":[14,22],"current_hp_per_floor":[75,80,80,79,78,53,53,56,56,56,62,58,58,58,80,47,80,59,48,36,36,36,60,21,21,21,46,0],"gold":143,"neow_bonus":"ONE_RARE_RELIC","is_prod":false,"is_daily":false,"chose_seed":false,"campfire_upgraded":3,"win_rate":0.0,"timestamp":1546579177,"path_taken":["M","M","?","M","?","E","R","?","T","R","M","M","R","$","R","BOSS","M","M","?","?","$","R","M","?","T","R","E"],"build_version":"2019-01-03","purchased_purges":2,"victory":false,"max_hp_per_floor":[80,80,80,80,80,80,80,80,80,80,80,80,80,80,80,80,80,80,80,83,83,83,83,86,86,86,86,86],"card_choices":[{"not_picked":["Pommel Strike","Sever Soul"],"picked":"Perfected Strike","floor":1},{"not_picked":["True Grit","Second Wind"],"picked":"Armaments","floor":2},{"not_picked":["Body Slam","Infernal Blade"],"picked":"Iron Wave","floor":4},{"not_picked":["Blood for Blood","Shrug It Off"],"picked":"Twin Strike","floor":5},{"not_picked":["Juggernaut","True Grit"],"picked":"Inflame","floor":6},{"not_picked":["True Grit","Shrug It Off"],"picked":"Sword Boomerang","floor":8},{"not_picked":["True Grit","Uppercut"],"picked":"Flex","floor":11},{"not_picked":["Armaments","Feel No Pain"],"picked":"Iron Wave","floor":12},{"not_picked":["Armaments","Feel No Pain"],"picked":"Iron Wave","floor":12},{"not_picked":["Brutality","Dark Embrace"],"picked":"Demon Form","floor":16},{"not_picked":["Disarm","Reckless Charge"],"picked":"Metallicize","floor":18},{"not_picked":["Intimidate","Thunderclap"],"picked":"Flex","floor":19},{"not_picked":["Pommel Strike","Twin Strike"],"picked":"Rampage","floor":20}],"player_experience":25351,"relics_obtained":[{"floor":6,"key":"Red Skull"},{"floor":9,"key":"Kunai"},{"floor":26,"key":"Letter Opener"}],"event_choices":[{"damage_healed":0,"gold_gain":0,"player_choice":"Forge","damage_taken":0,"max_hp_gain":0,"max_hp_loss":0,"event_name":"Accursed Blacksmith","floor":3,"gold_loss":0,"cards_upgraded":["Armaments"]},{"damage_healed":0,"gold_gain":0,"player_choice":"Ignored","damage_taken":0,"max_hp_gain":0,"max_hp_loss":0,"event_name":"Vampires","floor":21,"gold_loss":0},{"damage_healed":0,"gold_gain":0,"player_choice":"Simplicity","damage_taken":0,"max_hp_gain":0,"max_hp_loss":0,"event_name":"Back to Basics","floor":25,"gold_loss":0,"cards_upgraded":["Strike_R","Strike_R","Strike_R","Strike_R","Defend_R","Defend_R","Defend_R","Defend_R"]}],"is_beta":false,"boss_relics":[{"not_picked":["Empty Cage","Lizard Tail"],"picked":"Black Star"}],"items_purged_floors":[14,22],"is_endless":false,"potions_floor_spawned":[2,5,6,11,12,18,24],"killed_by":"Book of Stabbing","ascension_level":0}