{"gold_per_floor":[116,116,130,149,149,149],"floor_reached":6,"playtime":104,"items_purged":[],"score":36,"play_id":"f6c1be58-4210-4746-80c9-a92bff89f806","local_time":"20190117092708","is_ascension_mode":false,"campfire_choices":[],"neow_cost":"NONE","seed_source_timestamp":147704264909026,"circlet_count":0,"master_deck":["beaked:Strike_Y","beaked:Strike_Y","beaked:Strike_Y","beaked:Strike_Y","beaked:Strike_Y","beaked:Strike_Y","beaked:Defend_Y+1","beaked:Defend_Y","beaked:Defend_Y","beaked:Defend_Y","beaked:Ceremony","beaked:Ceremony","beaked:Ceremony+1","beaked:FeelMyPain","beaked:BarbedWire","beaked:DigDeeper+1"],"relics":["beaked:MendingPlumage","NeowsBlessing"],"potions_floor_usage":[],"damage_taken":[{"damage":0,"enemies":"Small Slimes","floor":1,"turns":1},{"damage":0,"enemies":"Jaw Worm","floor":3,"turns":1},{"damage":0,"enemies":"2 Louse","floor":4,"turns":1},{"damage":58,"enemies":"Gremlin Nob","floor":6,"turns":3}],"seed_played":"5500332933626272015","potions_obtained":[{"floor":1,"key":"Weak Potion"},{"floor":4,"key":"Dexterity Potion"}],"is_trial":false,"path_per_floor":["M","?","M","M","?","E"],"character_chosen":"BEAKED_THE_CULTIST","items_purchased":[],"campfire_rested":0,"item_purchase_floors":[],"current_hp_per_floor":[50,40,41,44,44,0],"gold":149,"neow_bonus":"THREE_ENEMY_KILL","is_prod":false,"is_daily":false,"chose_seed":false,"campfire_upgraded":0,"win_rate":0.0,"timestamp":1547735228,"path_taken":["M","?","M","M","?","E"],"build_version":"2019-01-16","purchased_purges":0,"victory":false,"max_hp_per_floor":[50,50,50,50,50,50],"card_choices":[{"not_picked":["beaked:SacrificialDive","beaked:BraceForImpact"],"picked":"beaked:FeelMyPain","floor":1},{"not_picked":["beaked:MimicWarrior","beaked:Struggle"],"picked":"beaked:BarbedWire","floor":3},{"not_picked":["beaked:Resilience","beaked:Recite"],"picked":"beaked:DigDeeper","floor":4}],"player_experience":517941,"relics_obtained":[],"event_choices":[{"damage_healed":0,"gold_gain":0,"player_choice":"Entered Light","damage_taken":10,"max_hp_gain":0,"max_hp_loss":0,"event_name":"Shining Light","floor":2,"gold_loss":0,"cards_upgraded":["beaked:Ceremony","beaked:Defend_Y"]},{"damage_healed":0,"gold_gain":0,"player_choice":"Grow","damage_taken":0,"max_hp_gain":0,"max_hp_loss":0,"event_name":"Living Wall","floor":5,"gold_loss":0,"cards_upgraded":["beaked:DigDeeper"]}],"is_beta":true,"boss_relics":[],"items_purged_floors":[],"is_endless":false,"potions_floor_spawned":[1,4],"killed_by":"Gremlin Nob","ascension_level":0}