{"gold_per_floor":[115,290,304,138,138,171,171,182,208,208,237,252,277,227,227,328,328,344,344,357,357,368,368,293,303,303,318,337,368,383,400,400,497,497,515,527,527,527],"floor_reached":38,"playtime":6705,"items_purged":["Doubt"],"score":568,"play_id":"f61e6687-2764-4fcd-9313-d542b34150a5","local_time":"20181024160858","is_ascension_mode":true,"campfire_choices":[{"floor":7,"key":"REST"},{"floor":15,"key":"REST"},{"floor":23,"key":"REST"},{"data":"Perfected Strike","floor":32,"key":"SMITH"}],"neow_cost":"CURSE","seed_source_timestamp":1197925944486486,"circlet_count":0,"master_deck":["Strike_R","Strike_R","Strike_R","Defend_R+1","Defend_R","Defend_R","Defend_R","Bash","Rampage","Flex","Madness","Shrug It Off","Warcry","Offering+1","Iron Wave","Barricade","Battle Trance","Reckless Charge+1","Ghostly","Ghostly","Ghostly","Ghostly","Ghostly","Armaments","Corruption+1","Flex+1","Uppercut","Wild Strike+1","Perfected Strike+1","Disarm","Feed","Shrug It Off+1","Armaments+1"],"relics":["Black Blood","Regal Pillow","Anchor","Boot","Mercury Hourglass","War Paint","Nilry\u0027s Codex","Dodecahedron","Vajra","White Beast Statue"],"potions_floor_usage":[16,25,27,28,31,33,38,38],"damage_taken":[{"damage":12,"enemies":"Small Slimes","floor":1,"turns":4},{"damage":13,"enemies":"Jaw Worm","floor":3,"turns":4},{"damage":48,"enemies":"Gremlin Nob","floor":6,"turns":5},{"damage":0,"enemies":"2 Louse","floor":8,"turns":3},{"damage":26,"enemies":"3 Sentries","floor":11,"turns":11},{"damage":21,"enemies":"Blue Slaver","floor":12,"turns":4},{"damage":21,"enemies":"Gremlin Nob","floor":13,"turns":3},{"damage":17,"enemies":"Slime Boss","floor":16,"turns":7},{"damage":30,"enemies":"3 Byrds","floor":18,"turns":5},{"damage":37,"enemies":"Spheric Guardian","floor":20,"turns":8},{"damage":9,"enemies":"Snecko","floor":22,"turns":6},{"damage":6,"enemies":"Centurion and Healer","floor":25,"turns":10},{"damage":1,"enemies":"3 Cultists","floor":27,"turns":6},{"damage":9,"enemies":"Shelled Parasite and Fungi","floor":28,"turns":5},{"damage":5,"enemies":"Book of Stabbing","floor":29,"turns":6},{"damage":1,"enemies":"Sentry and Sphere","floor":30,"turns":6},{"damage":22,"enemies":"Snake Plant","floor":31,"turns":5},{"damage":11,"enemies":"Champ","floor":33,"turns":16},{"damage":24,"enemies":"3 Darklings","floor":35,"turns":6},{"damage":6,"enemies":"3 Shapes","floor":36,"turns":5},{"damage":77,"enemies":"Transient","floor":38,"turns":5}],"seed_played":"-5065219439089204524","potions_obtained":[{"floor":1,"key":"Poison Potion"},{"floor":13,"key":"SneckoOil"},{"floor":16,"key":"Ancient Potion"},{"floor":20,"key":"PowerPotion"},{"floor":22,"key":"Swift Potion"},{"floor":25,"key":"Ancient Potion"},{"floor":27,"key":"FearPotion"},{"floor":30,"key":"Strength Potion"},{"floor":35,"key":"Fire Potion"},{"floor":36,"key":"Swift Potion"}],"is_trial":false,"path_per_floor":["M","?","M","$","?","E","R","M","T","?","E","M","E","?","R","B",null,"M","?","M","?","M","R","?","M","T","M","M","E","M","M","R","B",null,"M","M","?"],"character_chosen":"IRONCLAD","items_purchased":["Madness"],"campfire_rested":3,"item_purchase_floors":[4],"current_hp_per_floor":[82,82,75,75,75,33,76,82,82,82,62,47,32,32,75,64,88,68,52,25,25,26,48,48,48,48,48,48,48,48,36,36,35,45,31,35,35,0],"gold":527,"neow_bonus":"TWENTY_PERCENT_HP_BONUS","is_prod":false,"is_daily":false,"chose_seed":false,"campfire_upgraded":1,"win_rate":0,"timestamp":1540418938,"path_taken":["M","?","M","$","?","E","R","M","T","?","E","?","E","?","R","BOSS","M","?","M","?","?","R","?","M","T","M","M","E","?","M","R","BOSS","M","M","?","M"],"build_version":"2018-10-18","purchased_purges":1,"victory":false,"max_hp_per_floor":[96,96,96,96,96,96,96,96,96,96,96,96,96,96,96,96,96,96,96,96,48,48,48,48,48,48,48,48,48,48,48,48,48,48,48,48,48,48],"card_choices":[{"not_picked":["Heavy Blade","Battle Trance"],"picked":"Rampage","floor":1},{"not_picked":["Inflame","Armaments"],"picked":"Flex","floor":3},{"not_picked":["Reckless Charge","Iron Wave"],"picked":"Shrug It Off","floor":6},{"not_picked":["Bloodletting","Cleave"],"picked":"Warcry","floor":8},{"not_picked":["Cleave","Anger"],"picked":"Offering","floor":11},{"not_picked":["Pommel Strike","Shockwave"],"picked":"Iron Wave","floor":12},{"not_picked":["Clash","Cleave","Perfected Strike"],"picked":"SKIP","floor":13},{"not_picked":["Dark Embrace","Bludgeon"],"picked":"Barricade","floor":16},{"not_picked":["Reckless Charge","Havoc"],"picked":"Battle Trance","floor":18},{"not_picked":["Corruption","Flex"],"picked":"Reckless Charge+1","floor":20},{"not_picked":["Carnage+1","Iron Wave"],"picked":"Armaments","floor":22},{"not_picked":["Ghostly Armor","Cleave+1"],"picked":"Corruption+1","floor":25},{"not_picked":["Bloodletting","Twin Strike+1"],"picked":"Flex+1","floor":27},{"not_picked":["Armaments","Sentinel+1"],"picked":"Uppercut","floor":28},{"not_picked":["Cleave","Combust+1"],"picked":"Wild Strike+1","floor":29},{"not_picked":["Headbutt","Warcry"],"picked":"Perfected Strike","floor":30},{"not_picked":["Cleave","Warcry"],"picked":"Disarm","floor":31},{"not_picked":["Bludgeon","Juggernaut"],"picked":"Feed","floor":33},{"not_picked":["Thunderclap","Reckless Charge"],"picked":"Shrug It Off+1","floor":35},{"not_picked":["Anger","Dual Wield+1"],"picked":"Armaments+1","floor":36}],"player_experience":794135,"relics_obtained":[{"floor":6,"key":"Regal Pillow"},{"floor":9,"key":"Anchor"},{"floor":11,"key":"Mercury Hourglass"},{"floor":13,"key":"War Paint"},{"floor":19,"key":"Nilry\u0027s Codex"},{"floor":26,"key":"Dodecahedron"},{"floor":29,"key":"Vajra"}],"event_choices":[{"damage_healed":0,"gold_gain":175,"player_choice":"AGREE","damage_taken":0,"max_hp_gain":0,"max_hp_loss":0,"event_name":"Liars Game","floor":2,"gold_loss":0,"cards_obtained":["Doubt"]},{"cards_removed":["Injury"],"damage_healed":0,"gold_gain":0,"player_choice":"Forget","damage_taken":0,"max_hp_gain":0,"max_hp_loss":0,"event_name":"Living Wall","floor":5,"gold_loss":0},{"damage_healed":0,"gold_gain":0,"player_choice":"Gave Potion","damage_taken":0,"relics_obtained":["Boot"],"max_hp_gain":0,"max_hp_loss":0,"event_name":"WeMeetAgain","floor":10,"gold_loss":0},{"cards_removed":["Strike_R"],"damage_healed":0,"gold_gain":0,"player_choice":"Card Removal","damage_taken":0,"max_hp_gain":0,"max_hp_loss":0,"event_name":"The Cleric","floor":14,"gold_loss":50},{"damage_healed":0,"gold_gain":0,"player_choice":"Obtained Book","damage_taken":16,"max_hp_gain":0,"max_hp_loss":0,"event_name":"Cursed Tome","floor":19,"gold_loss":0},{"damage_healed":0,"gold_gain":0,"player_choice":"Became a Ghost","damage_taken":0,"max_hp_gain":0,"max_hp_loss":48,"event_name":"Ghosts","floor":21,"gold_loss":0,"cards_obtained":["Ghostly","Ghostly","Ghostly","Ghostly","Ghostly"]},{"cards_removed":["Strike_R"],"damage_healed":0,"gold_gain":0,"player_choice":"Gave Gold","damage_taken":0,"max_hp_gain":0,"max_hp_loss":0,"event_name":"Beggar","floor":24,"gold_loss":75},{"damage_healed":0,"gold_gain":0,"player_choice":"Ignored","damage_taken":0,"max_hp_gain":0,"max_hp_loss":0,"event_name":"Tomb of Lord Red Mask","floor":37,"gold_loss":0}],"is_beta":false,"boss_relics":[{"not_picked":["Mark of Pain","Busted Crown"],"picked":"Black Blood"},{"not_picked":["Velvet Choker","Runic Cube"],"picked":"White Beast Statue"}],"items_purged_floors":[4],"is_endless":false,"potions_floor_spawned":[1,13,16,20,22,25,27,30,35,36],"killed_by":"Transient","ascension_level":6}