{"path_per_floor":["M","M","?","?","?","E","?","$","T","M","R","M","R","M","R","B",null,"M","M","$","?","?","R","M","R","T","M","M","M","M","M","R"],"character_chosen":"IRONCLAD","items_purchased":["Inflame","Infernal Blade"],"gold_per_floor":[113,132,132,132,132,167,228,72,72,86,86,100,100,115,115,236,236,251,271,189,189,89,89,109,109,109,124,145,163,188,211,211],"floor_reached":33,"campfire_rested":2,"playtime":1370,"current_hp_per_floor":[80,77,77,74,74,70,56,56,56,58,58,64,64,66,66,20,74,74,66,66,66,66,66,32,54,54,43,35,38,38,28,50],"items_purged":["Strike_R"],"gold":211,"play_id":"790286db-24d9-470a-b9a8-27d62713c2c0","is_prod":false,"is_daily":false,"is_ascension_mode":false,"campfire_upgraded":4,"path_taken":["M","M","?","?","?","E","?","$","T","?","R","M","R","?","R","BOSS","M","M","$","?","?","R","M","R","T","?","M","M","?","M","R","BOSS"],"build_version":"2018-02-01-PROD3","purchased_purges":2,"victory":false,"master_deck":["Strike_R","Strike_R","Strike_R","Defend_R","Defend_R","Defend_R","Defend_R","Bash","Inflame+1","Offering","Flame Barrier","Pummel+1","Inflame+1","Pummel+1","Heavy Blade","Demon Form+1","Wild Strike+1","Infernal Blade","J.A.X.","Headbutt","Pommel Strike","Pommel Strike","Bloodletting","Battle Trance+1","Limit Break"],"max_hp_per_floor":[80,80,80,74,74,74,74,74,74,74,74,74,74,74,74,74,74,74,74,74,74,74,74,74,74,74,74,74,74,74,74,74],"relics":["Burning Blood","Anchor","Golden Idol","Mercury Hourglass","Blue Candle","Du-Vu Doll","Mark of Pain","Ice Cream"],"card_choices":[{"not_picked":["Clothesline","Wild Strike"],"picked":"Inflame"},{"not_picked":["Battle Trance","Shrug It Off"],"picked":"Offering"},{"not_picked":["Warcry","Iron Wave"],"picked":"Flame Barrier"},{"not_picked":["Armaments","Dropkick"],"picked":"Pummel"},{"not_picked":["Perfected Strike","Hemokinesis"],"picked":"Pummel"},{"not_picked":["Clothesline","Reckless Charge"],"picked":"Heavy Blade"},{"not_picked":["Berserk","Impervious"],"picked":"Demon Form"},{"not_picked":["Headbutt","Second Wind"],"picked":"Wild Strike"},{"not_picked":["Rupture","Armaments"],"picked":"Headbutt"},{"not_picked":["Body Slam","Clothesline"],"picked":"Pommel Strike"},{"not_picked":["Iron Wave","Combust"],"picked":"Pommel Strike"},{"not_picked":["Warcry","Headbutt"],"picked":"Bloodletting"},{"not_picked":["Infernal Blade","Searing Blow"],"picked":"Battle Trance"},{"not_picked":["Sword Boomerang","Armaments"],"picked":"Limit Break"}],"player_experience":93949,"potions_floor_usage":[6,29,30,33,33,33],"damage_taken":[{"damage":0,"enemies":"Small Slimes","floor":1,"turns":3},{"damage":9,"enemies":"Blue Slaver","floor":2,"turns":4},{"damage":10,"enemies":"Gremlin Nob","floor":6,"turns":3},{"damage":20,"enemies":"3 Sentries","floor":7,"turns":5},{"damage":4,"enemies":"Jaw Worm","floor":10,"turns":2},{"damage":0,"enemies":"2 Fungi Beasts","floor":12,"turns":3},{"damage":4,"enemies":"Large Slime","floor":14,"turns":2},{"damage":52,"enemies":"Hexaghost","floor":16,"turns":5},{"damage":5,"enemies":"3 Byrds","floor":18,"turns":4},{"damage":14,"enemies":"Chosen","floor":19,"turns":3},{"damage":40,"enemies":"Centurion and Healer","floor":24,"turns":5},{"damage":17,"enemies":"Chosen and Byrds","floor":27,"turns":3},{"damage":14,"enemies":"Snake Plant","floor":28,"turns":3},{"damage":3,"enemies":"Snecko","floor":29,"turns":3},{"damage":6,"enemies":"Chosen and Byrds","floor":30,"turns":3},{"damage":16,"enemies":"Snake Plant","floor":31,"turns":3},{"damage":62,"enemies":"Collector","floor":33,"turns":5}],"event_choices":[{"event_name":"Wheel of Change","player_choice":"Card Removal","floor":3,"damage_taken":0},{"event_name":"Golden Idol","player_choice":"Lose Max HP","floor":4,"damage_taken":0},{"event_name":"Living Wall","player_choice":"Grow","floor":5,"damage_taken":0},{"event_name":"Dead Adventurer","player_choice":"Searched \u00273\u0027 times","floor":7,"damage_taken":0},{"event_name":"Beggar","player_choice":"Ignored","floor":21,"damage_taken":0},{"event_name":"Drug Dealer","player_choice":"Got JAXXED","floor":22,"damage_taken":0}],"boss_relics":[{"not_picked":["Question Card","Runic Cube"],"picked":"Mark of Pain"}],"potions_floor_spawned":[1,10,12,16,24,27,29,30,31],"seed_played":"8600093443948442375","killed_by":"Collector","ascension_level":0,"is_trial":false}