{"gold_per_floor":[109,61,61,61,61,61,94,110,110,130,143,68,68,68,68,188,188,206,24,47,67,20,20,20],"floor_reached":24,"playtime":891,"items_purged":["Strike_B","Strike_B"],"score":252,"play_id":"faf11a61-c727-4a6d-bddd-ce7cdce43993","local_time":"20190116172216","is_ascension_mode":true,"campfire_choices":[{"floor":6,"key":"REST"},{"data":"Zap","floor":13,"key":"SMITH"},{"data":"Scrape","floor":15,"key":"SMITH"},{"floor":23,"key":"REST"}],"neow_cost":"NONE","seed_source_timestamp":330228742481243,"circlet_count":0,"master_deck":["Strike_B","Defend_B","Defend_B","Defend_B","Defend_B","Zap+1","Dualcast","Scrape+1","Redo","Go for the Eyes","Turbo","Beam Cell","Rebound","Amplify","Steam","BootSequence","Skim","Gash"],"relics":["Cracked Core","NeowsBlessing","Golden Idol","Centennial Puzzle","Bag of Marbles","Blood Vial","Nuclear Battery"],"potions_floor_usage":[],"damage_taken":[{"damage":0,"enemies":"Small Slimes","floor":1,"turns":1},{"damage":0,"enemies":"3 Sentries","floor":7,"turns":1},{"damage":0,"enemies":"Jaw Worm","floor":8,"turns":1},{"damage":0,"enemies":"Cultist","floor":10,"turns":2},{"damage":6,"enemies":"Looter","floor":11,"turns":2},{"damage":40,"enemies":"The Guardian","floor":16,"turns":10},{"damage":31,"enemies":"2 Thieves","floor":18,"turns":4},{"damage":20,"enemies":"Chosen","floor":20,"turns":6},{"damage":25,"enemies":"Centurion and Healer","floor":21,"turns":7},{"damage":41,"enemies":"Snake Plant","floor":24,"turns":5}],"seed_played":"-3335580767416897104","potions_obtained":[{"floor":1,"key":"PowerPotion"},{"floor":10,"key":"LiquidBronze"},{"floor":16,"key":"Dexterity Potion"},{"floor":18,"key":"FocusPotion"}],"is_trial":false,"path_per_floor":["M","$","?","?","?","R","E","M","T","M","M","$","R","?","R","B",null,"M","$","M","M","$","R","M"],"character_chosen":"DEFECT","items_purchased":["Redo","BootSequence","Gash"],"campfire_rested":2,"item_purchase_floors":[2,19,22],"current_hp_per_floor":[75,75,80,60,27,51,51,51,51,53,49,49,49,49,49,11,80,49,49,31,8,8,32,0],"gold":20,"neow_bonus":"THREE_ENEMY_KILL","is_prod":false,"is_daily":false,"chose_seed":false,"campfire_upgraded":2,"win_rate":0,"timestamp":1547688136,"path_taken":["M","$","?","?","?","R","E","?","T","M","M","?","R","?","R","BOSS","M","?","M","M","$","R","M"],"build_version":"2019-01-10","purchased_purges":2,"victory":false,"max_hp_per_floor":[75,75,80,80,80,80,80,80,80,80,80,80,80,80,80,80,80,80,80,80,80,80,80,80],"card_choices":[{"not_picked":["Ball Lightning","Hologram"],"picked":"Scrape","floor":1},{"not_picked":["Hyperbeam","Thunder Strike"],"picked":"Go for the Eyes","floor":7},{"not_picked":["Coolheaded","Steam"],"picked":"Turbo","floor":8},{"not_picked":["Static Discharge","Chaos"],"picked":"Beam Cell","floor":10},{"not_picked":["Rip and Tear","Turbo"],"picked":"Rebound","floor":11},{"not_picked":["Rainbow","Fission"],"picked":"Amplify","floor":16},{"not_picked":["Beam Cell","Skim+1"],"picked":"Steam","floor":18},{"not_picked":["Tempest","Compile Driver","Rebound"],"picked":"SKIP","floor":20},{"not_picked":["Tempest+1","Compile Driver"],"picked":"Skim","floor":21}],"player_experience":237862,"relics_obtained":[{"floor":7,"key":"Bag of Marbles"},{"floor":9,"key":"Blood Vial"}],"event_choices":[{"damage_healed":0,"gold_gain":0,"player_choice":"Donut","damage_taken":0,"max_hp_gain":5,"max_hp_loss":0,"event_name":"Big Fish","floor":3,"gold_loss":0},{"damage_healed":0,"gold_gain":0,"player_choice":"Take Damage","damage_taken":20,"relics_obtained":["Golden Idol"],"max_hp_gain":0,"max_hp_loss":0,"event_name":"Golden Idol","floor":4,"gold_loss":0},{"damage_healed":0,"gold_gain":0,"player_choice":"Success","damage_taken":33,"relics_obtained":["Centennial Puzzle"],"max_hp_gain":0,"max_hp_loss":0,"event_name":"Scrap Ooze","floor":5,"gold_loss":0},{"cards_removed":["Strike_B"],"damage_healed":0,"gold_gain":0,"player_choice":"Offered Basic","damage_taken":0,"max_hp_gain":0,"max_hp_loss":0,"event_name":"Bonfire Elementals","floor":14,"gold_loss":0}],"is_beta":false,"boss_relics":[{"not_picked":["Coffee Dripper","Runic Dome"],"picked":"Nuclear Battery"}],"items_purged_floors":[12,19],"is_endless":false,"potions_floor_spawned":[1,10,16,18,21],"killed_by":"Snake Plant","ascension_level":3}