{"gold_per_floor":[214,214,231,406,406,439,439,452,452,230,230,77,102,117,117,215,215,215,215,215,8,8,8],"floor_reached":23,"playtime":1070,"items_purged":["Doubt"],"score":264,"play_id":"e81f0daa-ad1e-449c-a47d-8c061c4e4611","local_time":"20180930143025","is_ascension_mode":true,"campfire_choices":[{"data":"Armaments","floor":7,"key":"SMITH"},{"data":"Uppercut","floor":11,"key":"SMITH"},{"data":"Armaments","floor":15,"key":"SMITH"}],"neow_cost":"NONE","seed_source_timestamp":1456852824787574,"circlet_count":0,"master_deck":["Defend_R","Defend_R","Defend_R","Defend_R","Bash","Sword Boomerang","Uppercut+1","Battle Trance","Armaments+1","Warcry","Rage","Metallicize","Shrug It Off","Bandage Up","Flame Barrier","Armaments+1","Bludgeon","Bite","Bite","Bite","Bite","Bite","Carnage","Flex"],"relics":["Burning Blood","Omamori","Mummified Hand","Bronze Scales","Ectoplasm","Regal Pillow"],"potions_floor_usage":[13,23],"damage_taken":[{"damage":2,"enemies":"Jaw Worm","floor":1,"turns":3},{"damage":5,"enemies":"2 Louse","floor":3,"turns":3},{"damage":25,"enemies":"Gremlin Nob","floor":6,"turns":5},{"damage":3,"enemies":"Cultist","floor":8,"turns":5},{"damage":7,"enemies":"3 Sentries","floor":13,"turns":10},{"damage":11,"enemies":"Lots of Slimes","floor":14,"turns":3},{"damage":18,"enemies":"The Guardian","floor":16,"turns":15},{"damage":13,"enemies":"Spheric Guardian","floor":18,"turns":4},{"damage":1,"enemies":"Chosen","floor":20,"turns":4},{"damage":14,"enemies":"Shelled Parasite and Fungi","floor":22,"turns":6},{"damage":76,"enemies":"Gremlin Leader","floor":23,"turns":10}],"seed_played":"-2885380188273635245","potions_obtained":[{"floor":3,"key":"GamblersBrew"},{"floor":8,"key":"AttackPotion"},{"floor":16,"key":"LiquidBronze"},{"floor":20,"key":"Strength Potion"}],"is_trial":false,"path_per_floor":["M","?","M","?","?","E","R","M","T","$","R","$","E","M","R","B",null,"M","?","M","$","M"],"character_chosen":"IRONCLAD","items_purchased":["Rage","Metallicize","Shrug It Off","Bandage Up","Regal Pillow","Flex"],"campfire_rested":0,"item_purchase_floors":[10,10,12,12,21,21],"current_hp_per_floor":[80,73,74,74,74,55,55,58,58,58,58,58,61,62,62,56,80,73,56,56,56,56,0],"gold":8,"neow_bonus":"HUNDRED_GOLD","is_prod":false,"is_daily":false,"chose_seed":false,"campfire_upgraded":3,"win_rate":0,"timestamp":1538339425,"path_taken":["M","?","M","?","?","E","R","M","T","?","R","$","E","M","R","BOSS","M","?","?","$","M","E"],"build_version":"2018-09-27","purchased_purges":1,"victory":false,"max_hp_per_floor":[80,80,80,80,80,80,80,80,80,80,80,80,80,80,80,80,80,80,56,56,56,56,56],"card_choices":[{"not_picked":["Thunderclap","Warcry"],"picked":"Sword Boomerang","floor":1},{"not_picked":["Flame Barrier","Heavy Blade"],"picked":"Uppercut","floor":3},{"not_picked":["Searing Blow","Twin Strike"],"picked":"Armaments","floor":6},{"not_picked":["Thunderclap","Cleave"],"picked":"Warcry","floor":8},{"not_picked":["Searing Blow","Sword Boomerang"],"picked":"Flame Barrier","floor":13},{"not_picked":["Body Slam","Clash"],"picked":"Armaments","floor":14},{"not_picked":["Brutality","Limit Break"],"picked":"Bludgeon","floor":16},{"not_picked":["Cleave","Wild Strike+1","Sword Boomerang"],"picked":"SKIP","floor":18},{"not_picked":["Burning Pact+1","Fire Breathing"],"picked":"Carnage","floor":20},{"not_picked":["Metallicize","Iron Wave","Clothesline"],"picked":"SKIP","floor":22}],"player_experience":651421,"relics_obtained":[{"floor":6,"key":"Omamori"},{"floor":9,"key":"Mummified Hand"},{"floor":13,"key":"Bronze Scales"}],"event_choices":[{"event_name":"Golden Wing","player_choice":"Card Removal","floor":2,"damage_taken":0},{"event_name":"Liars Game","player_choice":"agreed","floor":4,"damage_taken":0},{"event_name":"Living Wall","player_choice":"Change","floor":5,"damage_taken":0},{"event_name":"Vampires","player_choice":"Became a vampire","floor":19,"damage_taken":0}],"is_beta":false,"boss_relics":[{"not_picked":["Eternal Feather","Black Blood"],"picked":"Ectoplasm"}],"items_purged_floors":[10],"is_endless":false,"potions_floor_spawned":[3,8,16,20],"killed_by":"Gremlin Leader","ascension_level":4}