{"gold_per_floor":[112,112,43,43,62,62,73,73,96,108,108,118,149,163,163,258,258,269,269,269,269,269,269,279,279,279,293,293],"floor_reached":28,"playtime":1522,"items_purged":[],"score":243,"play_id":"8972ef03-5b9c-4561-a1b7-5e94ed0dbe49","local_time":"20181025121549","is_ascension_mode":false,"campfire_choices":[{"data":"Loop","floor":6,"key":"SMITH"},{"data":"Dualcast","floor":8,"key":"SMITH"},{"data":"Defragment","floor":11,"key":"SMITH"},{"floor":15,"key":"REST"},{"data":"Redo","floor":23,"key":"SMITH"},{"data":"Zap","floor":25,"key":"SMITH"}],"neow_cost":"NONE","seed_source_timestamp":1275515688352440,"circlet_count":0,"master_deck":["Strike_B+1","Strike_B+1","Strike_B+1","Defend_B+1","Defend_B+1","Defend_B+1","Defend_B+1","Zap+1","Dualcast+1","Doom and Gloom+1","Loop+1","Stack","Genetic Algorithm","Lockon","Defragment+1","Chaos","Redo+1","Go for the Eyes","Reboot","Ball Lightning","Cold Snap","Capacitor+1"],"relics":["Cracked Core","Bronze Scales","Oddly Smooth Stone","Mummified Hand","Velvet Choker","Lantern","Darkstone Periapt"],"potions_floor_usage":[16,24],"damage_taken":[{"damage":1,"enemies":"Cultist","floor":1,"turns":3},{"damage":5,"enemies":"Small Slimes","floor":5,"turns":2},{"damage":0,"enemies":"2 Louse","floor":7,"turns":3},{"damage":3,"enemies":"Exordium Wildlife","floor":10,"turns":4},{"damage":7,"enemies":"Blue Slaver","floor":12,"turns":3},{"damage":0,"enemies":"Lagavulin","floor":13,"turns":4},{"damage":10,"enemies":"Looter","floor":14,"turns":2},{"damage":29,"enemies":"Hexaghost","floor":16,"turns":6},{"damage":19,"enemies":"2 Thieves","floor":18,"turns":3},{"damage":10,"enemies":"3 Byrds","floor":24,"turns":2},{"damage":21,"enemies":"Shelled Parasite and Fungi","floor":27,"turns":4},{"damage":25,"enemies":"Slavers","floor":28,"turns":2}],"seed_played":"-7743221814732652048","potions_obtained":[{"floor":12,"key":"PowerPotion"},{"floor":16,"key":"SteroidPotion"},{"floor":18,"key":"Weak Potion"},{"floor":24,"key":"SteroidPotion"}],"is_trial":false,"path_per_floor":["M","?","$","?","M","R","M","R","T","M","R","M","E","M","R","B",null,"M","?","?","?","?","R","M","R","T","M"],"character_chosen":"DEFECT","items_purchased":["Loop"],"campfire_rested":1,"item_purchase_floors":[3],"current_hp_per_floor":[74,59,59,59,54,54,54,54,54,51,51,44,44,34,56,27,75,56,56,56,56,56,56,46,46,46,25,0],"gold":293,"neow_bonus":"RANDOM_COMMON_RELIC","is_prod":false,"is_daily":false,"chose_seed":false,"campfire_upgraded":5,"win_rate":0,"timestamp":1540491349,"path_taken":["M","?","$","?","M","R","M","R","T","M","R","M","E","M","R","BOSS","M","?","?","?","?","R","?","R","T","M","E"],"build_version":"2018-10-18","purchased_purges":0,"victory":false,"max_hp_per_floor":[75,75,75,75,75,75,75,75,75,75,75,75,75,75,75,75,75,75,75,75,75,75,75,75,75,75,75,75],"card_choices":[{"not_picked":["Sweeping Beam","Coolheaded"],"picked":"Doom and Gloom","floor":1},{"not_picked":["Coolheaded","Buffer"],"picked":"Genetic Algorithm","floor":5},{"not_picked":["Turbo","Rebound"],"picked":"Lockon","floor":7},{"not_picked":["Turbo","Scrape"],"picked":"Defragment","floor":10},{"not_picked":["Doom and Gloom","Stack"],"picked":"Chaos","floor":12},{"not_picked":["Ball Lightning","Sunder"],"picked":"Redo","floor":13},{"not_picked":["Fusion","Double Energy"],"picked":"Go for the Eyes","floor":14},{"not_picked":["All For One","Creative AI"],"picked":"Reboot","floor":16},{"not_picked":["Rebound","Beam Cell"],"picked":"Ball Lightning","floor":18},{"not_picked":["Scrape","Go for the Eyes"],"picked":"Cold Snap","floor":24},{"not_picked":["Rebound","White Noise"],"picked":"Capacitor+1","floor":27}],"player_experience":822886,"relics_obtained":[{"floor":9,"key":"Oddly Smooth Stone"},{"floor":13,"key":"Mummified Hand"},{"floor":26,"key":"Darkstone Periapt"}],"event_choices":[{"damage_healed":0,"gold_gain":0,"player_choice":"Entered Light","damage_taken":15,"max_hp_gain":0,"max_hp_loss":0,"event_name":"Shining Light","floor":2,"gold_loss":0,"cards_upgraded":["Doom and Gloom","Strike_B"]},{"damage_healed":0,"gold_gain":0,"player_choice":"1 cards matched","damage_taken":0,"max_hp_gain":0,"max_hp_loss":0,"event_name":"Match and Keep!","floor":4,"gold_loss":0,"cards_obtained":["Stack"]},{"damage_healed":0,"gold_gain":0,"player_choice":"Simplicity","damage_taken":0,"max_hp_gain":0,"max_hp_loss":0,"event_name":"Back to Basics","floor":19,"gold_loss":0,"cards_upgraded":["Strike_B","Strike_B","Strike_B","Defend_B","Defend_B","Defend_B","Defend_B"]},{"damage_healed":0,"gold_gain":0,"player_choice":"Opened","damage_taken":0,"relics_obtained":["Lantern"],"max_hp_gain":0,"max_hp_loss":0,"event_name":"The Mausoleum","floor":20,"gold_loss":0},{"damage_healed":0,"gold_gain":0,"player_choice":"Ignored","damage_taken":0,"max_hp_gain":0,"max_hp_loss":0,"event_name":"Beggar","floor":21,"gold_loss":0},{"cards_removed":["Strike_B"],"damage_healed":0,"gold_gain":0,"player_choice":"Offered Basic","damage_taken":0,"max_hp_gain":0,"max_hp_loss":0,"event_name":"Bonfire Elementals","floor":22,"gold_loss":0}],"is_beta":false,"boss_relics":[{"not_picked":["Cursed Key","Coffee Dripper"],"picked":"Velvet Choker"}],"items_purged_floors":[],"is_endless":false,"potions_floor_spawned":[12,16,18,24],"killed_by":"Slavers","ascension_level":0}