{"gold_per_floor":[111,111,127,127,127,127,160,181,206,206,231,231,251,275,275,404,404,428,449,449,468,489,489],"floor_reached":23,"playtime":1241,"items_purged":[],"score":283,"play_id":"256ecdf6-ef6b-4329-b42a-9afacb6e27b9","local_time":"20190325201811","is_ascension_mode":true,"campfire_choices":[{"data":"Metallicize","floor":6,"key":"SMITH"},{"data":"Carnage","floor":10,"key":"SMITH"},{"data":"Iron Wave","floor":12,"key":"SMITH"},{"data":"Metallicize","floor":15,"key":"SMITH"}],"neow_cost":"NONE","seed_source_timestamp":852164449045956,"circlet_count":0,"master_deck":["Strike_R","Strike_R","Strike_R","Strike_R","Strike_R","Defend_R","Defend_R","Defend_R","Bash","Metallicize+1","Feel No Pain","Carnage+1","Iron Wave+1","Armaments","Metallicize+1","Bludgeon+1","Intimidate","Feel No Pain"],"relics":["Burning Blood","Golden Idol","Art of War","Pen Nib","Coffee Dripper"],"potions_floor_usage":[23],"damage_taken":[{"damage":4,"enemies":"2 Louse","floor":1,"turns":4},{"damage":12,"enemies":"Jaw Worm","floor":3,"turns":5},{"damage":17,"enemies":"3 Sentries","floor":7,"turns":13},{"damage":6,"enemies":"Small Slimes","floor":8,"turns":4},{"damage":0,"enemies":"Blue Slaver","floor":11,"turns":3},{"damage":8,"enemies":"3 Louse","floor":13,"turns":4},{"damage":2,"enemies":"Red Slaver","floor":14,"turns":4},{"damage":4,"enemies":"Slime Boss","floor":16,"turns":8},{"damage":13,"enemies":"Shell Parasite","floor":18,"turns":5},{"damage":0,"enemies":"Spheric Guardian","floor":19,"turns":3},{"damage":5,"enemies":"Cultist and Chosen","floor":21,"turns":6},{"damage":8,"enemies":"Centurion and Healer","floor":22,"turns":6},{"damage":85,"enemies":"Gremlin Leader","floor":23,"turns":10}],"seed_played":"-5700882829280105019","potions_obtained":[{"floor":0,"key":"FairyPotion"},{"floor":0,"key":"Dexterity Potion"},{"floor":0,"key":"LiquidBronze"},{"floor":3,"key":"Block Potion"},{"floor":8,"key":"LiquidBronze"}],"is_trial":false,"path_per_floor":["?","?","?","M","?","M"],"character_chosen":"IRONCLAD","items_purchased":[],"campfire_rested":0,"item_purchase_floors":[],"current_hp_per_floor":[74,54,48,41,46,46,35,35,35,35,41,41,39,43,43,45,75,68,74,74,75,73,0],"gold":489,"neow_bonus":"THREE_SMALL_POTIONS","is_prod":false,"is_daily":false,"chose_seed":false,"campfire_upgraded":4,"win_rate":0,"timestamp":1553559491,"path_taken":["M","?","M","?","?","R","E","M","T","R","?","R","M","M","R","BOSS","M","M","?","M","?","E"],"build_version":"2019-01-23","purchased_purges":0,"victory":false,"max_hp_per_floor":[80,80,80,80,85,85,85,85,85,85,85,85,85,85,85,85,85,85,85,85,85,85,85],"card_choices":[{"not_picked":["Havoc","Infernal Blade"],"picked":"Metallicize","floor":1},{"not_picked":["Searing Blow","Perfected Strike"],"picked":"Feel No Pain","floor":3},{"not_picked":["Rampage","Clothesline"],"picked":"Carnage","floor":7},{"not_picked":["Body Slam","Rupture"],"picked":"Iron Wave","floor":8},{"not_picked":["Combust","Thunderclap"],"picked":"Armaments","floor":11},{"not_picked":["Clothesline","Iron Wave"],"picked":"Metallicize","floor":13},{"not_picked":["Twin Strike","Havoc","Clash"],"picked":"SKIP","floor":14},{"not_picked":["Dark Embrace","Berserk"],"picked":"Bludgeon","floor":16},{"not_picked":["Fire Breathing","Uppercut","Searing Blow+1"],"picked":"SKIP","floor":18},{"not_picked":["Clash","Thunderclap","Cleave"],"picked":"SKIP","floor":19},{"not_picked":["Dual Wield+1","Clothesline"],"picked":"Intimidate","floor":21},{"not_picked":["Thunderclap","Sword Boomerang+1"],"picked":"Feel No Pain","floor":22}],"player_experience":1017456,"relics_obtained":[{"floor":7,"key":"Art of War"},{"floor":9,"key":"Pen Nib"}],"event_choices":[{"damage_healed":0,"gold_gain":0,"player_choice":"Take Damage","damage_taken":20,"relics_obtained":["Golden Idol"],"max_hp_gain":0,"max_hp_loss":0,"event_name":"Golden Idol","floor":2,"gold_loss":0},{"cards_removed":["Defend_R"],"damage_healed":0,"gold_gain":0,"player_choice":"Card Removal","damage_taken":7,"max_hp_gain":0,"max_hp_loss":0,"event_name":"Golden Wing","floor":4,"gold_loss":0},{"damage_healed":0,"gold_gain":0,"player_choice":"Donut","damage_taken":0,"max_hp_gain":5,"max_hp_loss":0,"event_name":"Big Fish","floor":5,"gold_loss":0},{"damage_healed":0,"gold_gain":0,"player_choice":"Upgraded","damage_taken":0,"max_hp_gain":0,"max_hp_loss":0,"event_name":"Upgrade Shrine","floor":20,"gold_loss":0,"cards_upgraded":["Bludgeon"]}],"is_beta":false,"boss_relics":[{"not_picked":["Lizard Tail","Tiny House"],"picked":"Coffee Dripper"}],"items_purged_floors":[],"is_endless":false,"potions_floor_spawned":[3,7,8,11,18,19],"killed_by":"Gremlin Leader","ascension_level":9}