{"gold_per_floor":[116,116,127,127,144,169,169,185,185,215,234,234,268,280,280,378,378,393,318,333,347,347],"floor_reached":22,"playtime":1000,"items_purged":["Strike_B"],"score":322,"play_id":"0ae1fe67-57b6-4eb3-beeb-a432f301ad29","local_time":"20190401125952","is_ascension_mode":true,"campfire_choices":[{"floor":12,"key":"REST"},{"data":"Loop","floor":15,"key":"SMITH"}],"neow_cost":"NONE","seed_source_timestamp":1430904438825844,"circlet_count":0,"master_deck":["AscendersBane","Strike_B","Strike_B","Strike_B","Defend_B","Defend_B","Defend_B","Defend_B","Zap+1","Dualcast","Leap","Streamline","Defragment+1","Loop+1","Go for the Eyes","Static Discharge","Gash","Compile Driver","Genetic Algorithm","Echo Form"],"relics":["Cracked Core","NeowsBlessing","Ornamental Fan","Omamori","Bag of Marbles","Busted Crown"],"potions_floor_usage":[13,21],"damage_taken":[{"damage":0,"enemies":"Jaw Worm","floor":1,"turns":1},{"damage":0,"enemies":"Small Slimes","floor":3,"turns":1},{"damage":0,"enemies":"Cultist","floor":5,"turns":1},{"damage":15,"enemies":"Lagavulin","floor":6,"turns":6},{"damage":13,"enemies":"3 Louse","floor":8,"turns":3},{"damage":28,"enemies":"3 Sentries","floor":10,"turns":7},{"damage":9,"enemies":"Red Slaver","floor":11,"turns":4},{"damage":12,"enemies":"Lagavulin","floor":13,"turns":6},{"damage":0,"enemies":"Large Slime","floor":14,"turns":4},{"damage":27,"enemies":"Hexaghost","floor":16,"turns":7},{"damage":13,"enemies":"Shell Parasite","floor":18,"turns":5},{"damage":0,"enemies":"Chosen","floor":20,"turns":4},{"damage":16,"enemies":"Snecko","floor":21,"turns":6},{"damage":29,"enemies":"3 Cultists","floor":22,"turns":3}],"seed_played":"-8860140819289945844","potions_obtained":[{"floor":3,"key":"Block Potion"},{"floor":4,"key":"PowerPotion"},{"floor":10,"key":"LiquidBronze"},{"floor":11,"key":"Regen Potion"},{"floor":20,"key":"Block Potion"}],"is_trial":false,"path_per_floor":["?","?","M","?"],"character_chosen":"DEFECT","items_purchased":[],"campfire_rested":1,"item_purchase_floors":[],"current_hp_per_floor":[68,68,68,68,68,53,53,40,40,12,3,25,28,28,28,1,57,44,44,44,28,0],"gold":347,"neow_bonus":"THREE_ENEMY_KILL","is_prod":false,"is_daily":false,"chose_seed":false,"campfire_upgraded":1,"win_rate":0,"timestamp":1554137992,"path_taken":["M","?","M","?","?","E","?","M","T","E","M","R","E","M","R","BOSS","M","$","M","M","M"],"build_version":"2019-01-23","purchased_purges":1,"victory":false,"max_hp_per_floor":[75,75,75,75,75,75,75,75,75,75,75,75,75,75,75,75,75,75,75,75,75,75],"card_choices":[{"not_picked":["Blizzard","Beam Cell"],"picked":"Leap","floor":1},{"not_picked":["Leap","Sweeping Beam"],"picked":"Streamline","floor":3},{"not_picked":["Sweeping Beam","Reinforced Body"],"picked":"Defragment","floor":5},{"not_picked":["Hologram","Cold Snap"],"picked":"Loop","floor":6},{"not_picked":["Hologram","Leap"],"picked":"Go for the Eyes","floor":8},{"not_picked":["Thunder Strike","Streamline"],"picked":"Static Discharge","floor":10},{"not_picked":["Compile Driver","Fusion"],"picked":"Gash","floor":11},{"not_picked":["Heatsinks","Melter"],"picked":"Compile Driver","floor":13},{"not_picked":["Coolheaded","Melter"],"picked":"Genetic Algorithm","floor":14},{"not_picked":["Core Surge","Fission"],"picked":"Echo Form","floor":16},{"not_picked":["Hello World"],"picked":"SKIP","floor":18},{"not_picked":["Redo"],"picked":"SKIP","floor":20},{"not_picked":["Barrage"],"picked":"SKIP","floor":21}],"player_experience":1370581,"relics_obtained":[{"floor":6,"key":"Ornamental Fan"},{"floor":10,"key":"Omamori"},{"floor":13,"key":"Bag of Marbles"}],"event_choices":[{"damage_healed":0,"gold_gain":0,"player_choice":"Grow","damage_taken":0,"max_hp_gain":0,"max_hp_loss":0,"event_name":"Living Wall","floor":2,"gold_loss":0,"cards_upgraded":["Zap"]},{"damage_healed":0,"gold_gain":0,"player_choice":"Got Potions","damage_taken":0,"max_hp_gain":0,"max_hp_loss":0,"event_name":"Lab","floor":4,"gold_loss":0},{"damage_healed":0,"gold_gain":0,"player_choice":"Upgraded","damage_taken":0,"max_hp_gain":0,"max_hp_loss":0,"event_name":"Upgrade Shrine","floor":7,"gold_loss":0,"cards_upgraded":["Defragment"]}],"is_beta":false,"boss_relics":[{"not_picked":["Tiny House","Inserter"],"picked":"Busted Crown"}],"items_purged_floors":[19],"is_endless":false,"potions_floor_spawned":[3,5,8,10,11,20],"killed_by":"3 Cultists","ascension_level":11}