{"gold_per_floor":[115,115,190,190,251,282,312,376,403,414,442,442,454,67,67,170,170,187,152,202,263,313,313,394,425,449,461,493,543,518,534,534,630,630,650,700,798,848,863,889,242,259,259,270,270,300,300],"floor_reached":47,"playtime":2128,"items_purged":["Writhe"],"score":826,"play_id":"68ff7409-5e74-4d26-9078-f9d94803fbd6","local_time":"20190131214003","is_ascension_mode":true,"campfire_choices":[{"floor":12.0,"key":"REST"},{"data":"Blind","floor":15.0,"key":"SMITH"},{"data":"Ball Lightning","floor":23.0,"key":"SMITH"},{"data":"Redo","floor":32.0,"key":"SMITH"},{"floor":45,"key":"REST"}],"neow_cost":"NONE","seed_source_timestamp":205097037726998,"circlet_count":0,"master_deck":["Strike_B","Strike_B","Strike_B+1","Strike_B","Defend_B+1","Defend_B","Defend_B","Zap+1","Dualcast+1","Darkness","Steam","Sweeping Beam","Ball Lightning+1","Hologram","Go for the Eyes","Loop","Darkness","Storm","Leap","Blind+1","Rainbow","Chill+1","Rainbow","BootSequence+1","Defragment","Cold Snap","Capacitor+1","Chaos","Redo+1","Echo Form","Hologram","Cold Snap","White Noise+1","Hologram","Defragment+1","Steam+1","Zap","Steam+1","Storm+1","Defragment","Turbo+1","Normality","FTL"],"special_seed":0,"relics":["Cracked Core","NeowsBlessing","SsserpentHead","Oddly Smooth Stone","Regal Pillow","Bottled Flame","War Paint","Cursed Key","Letter Opener","Red Mask","Centennial Puzzle","Bag of Preparation","Juzu Bracelet","Orrery","Torii","Orichalcum","Mango","Strange Spoon","Frozen Egg 2","Anchor"],"potions_floor_usage":[37,40,44],"damage_taken":[{"damage":0.0,"enemies":"Cultist","floor":1.0,"turns":1.0},{"damage":0.0,"enemies":"Jaw Worm","floor":5.0,"turns":1.0},{"damage":0.0,"enemies":"3 Sentries","floor":6.0,"turns":1.0},{"damage":0.0,"enemies":"2 Louse","floor":8.0,"turns":2.0},{"damage":0.0,"enemies":"Exordium Thugs","floor":10.0,"turns":4.0},{"damage":24.0,"enemies":"Gremlin Nob","floor":11.0,"turns":4.0},{"damage":0.0,"enemies":"Looter","floor":13.0,"turns":3.0},{"damage":3.0,"enemies":"Hexaghost","floor":16.0,"turns":8.0},{"damage":9.0,"enemies":"Shell Parasite","floor":18.0,"turns":5.0},{"damage":0.0,"enemies":"2 Thieves","floor":21.0,"turns":4.0},{"damage":0.0,"enemies":"Colosseum Slavers","floor":22.0,"turns":4.0},{"damage":1.0,"enemies":"Masked Bandits","floor":24.0,"turns":4.0},{"damage":3.0,"enemies":"Gremlin Leader","floor":25.0,"turns":8.0},{"damage":0.0,"enemies":"3 Cultists","floor":27.0,"turns":5.0},{"damage":2.0,"enemies":"Slavers","floor":28.0,"turns":5.0},{"damage":4.0,"enemies":"Snecko","floor":31.0,"turns":4.0},{"damage":23.0,"enemies":"Champ","floor":33.0,"turns":7.0},{"damage":0,"enemies":"Orb Walker","floor":35,"turns":3},{"damage":20,"enemies":"2 Orb Walkers","floor":37,"turns":5},{"damage":0,"enemies":"3 Shapes","floor":39,"turns":5},{"damage":65,"enemies":"Reptomancer","floor":40,"turns":7},{"damage":11,"enemies":"Jaw Worm Horde","floor":42,"turns":4},{"damage":1,"enemies":"Sphere and 2 Shapes","floor":44,"turns":4},{"damage":47,"enemies":"Giant Head","floor":46,"turns":9},{"damage":20,"enemies":"Transient","floor":47,"turns":4}],"seed_played":"-3659876066503329235","potions_obtained":[{"floor":1.0,"key":"FearPotion"},{"floor":6.0,"key":"Energy Potion"},{"floor":7.0,"key":"SkillPotion"},{"floor":11.0,"key":"AttackPotion"},{"floor":21.0,"key":"FairyPotion"},{"floor":24.0,"key":"EssenceOfSteel"},{"floor":25.0,"key":"Block Potion"},{"floor":31.0,"key":"Fire Potion"},{"floor":33.0,"key":"SkillPotion"},{"floor":35,"key":"Swift Potion"},{"floor":42,"key":"AttackPotion"}],"is_trial":false,"path_per_floor":["M","?","?","?","M","E","?","M","T","M","E","R","M","$","R","B",null,"M","?","?","M","?","R","?","E","T","M","E","?","?","M","R","B",null,"M","?","?","?","M","E","$","M","T","M","R","E","M"],"character_chosen":"DEFECT","items_purchased":["Darkness","Storm","War Paint","Leap","Blind","Mango","Strange Spoon","Defragment"],"campfire_rested":2,"item_purchase_floors":[14,14,14,14,14,41,41,41],"current_hp_per_floor":[68,53,42,42,42,42,42,42,42,42,18,55,55,55,55,52,69,60,60,60,60,60,60,59,56,56,56,54,54,54,50,50,27,63,63,63,43,62,62,7,21,10,10,9,50,3,0],"gold":300,"neow_bonus":"THREE_ENEMY_KILL","is_prod":false,"is_daily":false,"chose_seed":false,"campfire_upgraded":3,"win_rate":0,"timestamp":1548996003,"path_taken":["M","?","?","?","?","E","?","?","T","M","E","R","M","$","R","BOSS","M","?","?","?","?","R","?","E","T","M","E","?","?","M","R","BOSS","M","?","?","?","M","E","$","M","T","M","R","E","M"],"build_version":"2019-01-23","purchased_purges":1,"victory":false,"max_hp_per_floor":[75,75,75,75,75,75,75,75,75,75,75,75,75,75,75,75,75,75,75,75,75,75,75,75,75,75,75,75,75,75,75,75,75,75,75,75,75,75,75,75,89,89,89,89,89,89,89],"card_choices":[{"not_picked":["Compile Driver","Hello World"],"picked":"Darkness","floor":1.0},{"not_picked":["Static Discharge","Melter"],"picked":"Steam","floor":5.0},{"not_picked":["Skim","Auto Shields"],"picked":"Sweeping Beam","floor":6.0},{"not_picked":["Hello World","Fusion"],"picked":"Ball Lightning","floor":8.0},{"not_picked":["BootSequence","Compile Driver"],"picked":"Hologram","floor":10.0},{"not_picked":["Tempest","Hologram"],"picked":"Go for the Eyes","floor":11.0},{"not_picked":["Storm","Streamline"],"picked":"Loop","floor":13.0},{"not_picked":["Electrodynamics","All For One"],"picked":"Rainbow","floor":16.0},{"not_picked":["Streamline+1","Beam Cell"],"picked":"Chill+1","floor":18.0},{"not_picked":["Skim+1","Ball Lightning+1"],"picked":"BootSequence+1","floor":21.0},{"not_picked":["Storm","Double Energy"],"picked":"Defragment","floor":24.0},{"not_picked":["Compile Driver+1","Loop"],"picked":"Cold Snap","floor":25.0},{"not_picked":["Steam","Blizzard"],"picked":"Capacitor+1","floor":27.0},{"not_picked":["Static Discharge","Blizzard"],"picked":"Chaos","floor":28.0},{"not_picked":["Sweeping Beam+1","Rebound"],"picked":"Redo","floor":31.0},{"not_picked":["Buffer","Creative AI"],"picked":"Echo Form","floor":33.0},{"not_picked":["Rebound","Go for the Eyes+1"],"picked":"Hologram","floor":34},{"not_picked":["Streamline","Stack"],"picked":"Cold Snap","floor":34},{"not_picked":["BootSequence+1","Ball Lightning+1"],"picked":"White Noise+1","floor":34},{"not_picked":["Melter","Sweeping Beam+1"],"picked":"Hologram","floor":34},{"not_picked":["Steam","Conserve Battery"],"picked":"Defragment+1","floor":34},{"not_picked":["Melter+1","Turbo+1"],"picked":"Steam+1","floor":35},{"not_picked":["Leap","Rebound+1"],"picked":"Steam+1","floor":37},{"not_picked":["Conserve Battery","Compile Driver+1","Undo"],"picked":"SKIP","floor":39},{"not_picked":["Barrage","Meteor Strike"],"picked":"Storm+1","floor":40},{"not_picked":["Beam Cell","Go for the Eyes"],"picked":"Turbo+1","floor":42},{"not_picked":["Go for the Eyes+1","Recycle","Beam Cell"],"picked":"SKIP","floor":44},{"not_picked":["Chill+1","Lockon"],"picked":"FTL","floor":46}],"player_experience":1352648,"relics_obtained":[{"floor":6.0,"key":"Oddly Smooth Stone"},{"floor":9.0,"key":"Regal Pillow"},{"floor":11.0,"key":"Bottled Flame"},{"floor":24.0,"key":"Red Mask"},{"floor":25.0,"key":"Centennial Puzzle"},{"floor":26.0,"key":"Bag of Preparation"},{"floor":28.0,"key":"Juzu Bracelet"},{"floor":37,"key":"Torii"},{"floor":40,"key":"Orichalcum"},{"floor":43,"key":"Frozen Egg 2"},{"floor":46,"key":"Anchor"}],"event_choices":[{"damage_healed":0.0,"max_hp_gain":0.0,"max_hp_loss":0.0,"gold_gain":0.0,"event_name":"Shining Light","player_choice":"Entered Light","floor":2.0,"gold_loss":0.0,"damage_taken":15.0,"cards_upgraded":["Strike_B","Zap"]},{"damage_healed":0.0,"max_hp_gain":0.0,"max_hp_loss":0.0,"gold_gain":75.0,"event_name":"World of Goop","player_choice":"Gather Gold","floor":3.0,"gold_loss":0.0,"damage_taken":11.0},{"damage_healed":0.0,"max_hp_gain":0.0,"max_hp_loss":0.0,"gold_gain":0.0,"event_name":"FaceTrader","player_choice":"Trade","floor":4.0,"gold_loss":0.0,"damage_taken":0.0,"relics_obtained":["SsserpentHead"]},{"damage_healed":0.0,"max_hp_gain":0.0,"max_hp_loss":0.0,"gold_gain":0.0,"event_name":"The Woman in Blue","player_choice":"Bought 1 Potion","floor":7.0,"gold_loss":0.0,"damage_taken":0.0},{"damage_healed":0.0,"max_hp_gain":0.0,"max_hp_loss":0.0,"gold_gain":0.0,"event_name":"Addict","player_choice":"Obtained Relic","floor":19.0,"gold_loss":85.0,"damage_taken":0.0,"relics_obtained":["Letter Opener"]},{"damage_healed":0.0,"max_hp_gain":0.0,"max_hp_loss":0.0,"gold_gain":0.0,"event_name":"Duplicator","player_choice":"Copied","floor":20.0,"gold_loss":0.0,"damage_taken":0.0,"cards_obtained":["Rainbow"]},{"damage_healed":0.0,"max_hp_gain":0.0,"max_hp_loss":0.0,"gold_gain":0.0,"event_name":"Colosseum","player_choice":"Fight","floor":22.0,"gold_loss":0.0,"damage_taken":0.0},{"damage_healed":0.0,"max_hp_gain":0.0,"max_hp_loss":0.0,"gold_gain":0.0,"event_name":"Colosseum","player_choice":"Fled From Nobs","floor":22.0,"gold_loss":0.0,"damage_taken":0.0},{"damage_healed":0.0,"max_hp_gain":0.0,"max_hp_loss":0.0,"gold_gain":0.0,"event_name":"Masked Bandits","player_choice":"Fought Bandits","floor":24.0,"gold_loss":0.0,"damage_taken":0.0},{"cards_removed":["Writhe"],"damage_healed":0.0,"max_hp_gain":0.0,"max_hp_loss":0.0,"gold_gain":0.0,"event_name":"Purifier","player_choice":"Purged","floor":29.0,"gold_loss":0.0,"damage_taken":0.0},{"cards_removed":["Defend_B"],"damage_healed":0.0,"max_hp_gain":0.0,"max_hp_loss":0.0,"gold_gain":0.0,"event_name":"Beggar","player_choice":"Gave Gold","floor":30.0,"gold_loss":75.0,"damage_taken":0.0},{"damage_healed":0,"gold_gain":0,"player_choice":"1 cards matched","damage_taken":0,"max_hp_gain":0,"max_hp_loss":0,"event_name":"Match and Keep!","floor":36,"gold_loss":0,"cards_obtained":["Zap"]},{"damage_healed":0,"gold_gain":0,"player_choice":"Fight","damage_taken":0,"max_hp_gain":0,"max_hp_loss":0,"event_name":"Mysterious Sphere","floor":37,"gold_loss":0},{"damage_healed":19,"gold_gain":0,"player_choice":"Writhe","damage_taken":0,"max_hp_gain":0,"max_hp_loss":0,"event_name":"Winding Halls","floor":38,"gold_loss":0,"cards_obtained":["Writhe"]}],"is_beta":false,"boss_relics":[{"not_picked":["Velvet Choker","Coffee Dripper"],"picked":"Cursed Key"},{"not_picked":["Nuclear Battery","Black Star"],"picked":"Orrery"}],"items_purged_floors":[41],"is_endless":false,"potions_floor_spawned":[1,6,11,13,21,24,25,31,33,35,42],"killed_by":"Transient","ascension_level":7}