{"gold_per_floor":[365,136,152,162,176,190,202,202,202,232,245,276,289,303,303,400,400,415,426,163,263,278,313,313,313,336,355,372,391,95,113,113,208,208],"floor_reached":34,"playtime":1883,"items_purged":["Strike_R","Strike_R"],"score":467,"play_id":"00da931a-3ed4-4ca8-a461-2acb74538e99","local_time":"20190210115746","is_ascension_mode":false,"campfire_choices":[{"floor":8,"key":"REST"},{"floor":15,"key":"REST"},{"floor":25,"key":"REST"},{"floor":32,"key":"REST"}],"neow_cost":"PERCENT_DAMAGE","seed_source_timestamp":255954773423836,"circlet_count":0,"master_deck":["Strike_R","Strike_R","Defend_R","Defend_R","Defend_R","Bash","Bludgeon","Cleave","Clash","Cleave","Twin Strike","Metallicize","Cleave+1","True Grit","Iron Wave+1","Clash+1","Bludgeon+1","Iron Wave+1","Iron Wave+1","Flash of Steel+1","Shrug It Off","Iron Wave+1","Feed+1","Anger+1","J.A.X.","Clash+1","Clash+1","Twin Strike+1","Anger+1","Juggernaut"],"relics":["Burning Blood","Singing Bowl","Molten Egg 2","Paper Frog","Black Star","StoneCalendar","Gremlin Horn","Happy Flower","Bottled Lightning","Dream Catcher","Sundial","Empty Cage"],"potions_floor_usage":[18,21,28,33],"damage_taken":[{"damage":1,"enemies":"Cultist","floor":1,"turns":3},{"damage":4,"enemies":"2 Louse","floor":3,"turns":3},{"damage":1,"enemies":"Jaw Worm","floor":4,"turns":3},{"damage":23,"enemies":"Exordium Thugs","floor":5,"turns":4},{"damage":7,"enemies":"Large Slime","floor":6,"turns":4},{"damage":14,"enemies":"Exordium Wildlife","floor":7,"turns":2},{"damage":11,"enemies":"Gremlin Nob","floor":10,"turns":3},{"damage":10,"enemies":"Gremlin Gang","floor":11,"turns":3},{"damage":30,"enemies":"Lagavulin","floor":12,"turns":5},{"damage":0,"enemies":"2 Fungi Beasts","floor":13,"turns":3},{"damage":0,"enemies":"Large Slime","floor":14,"turns":3},{"damage":41,"enemies":"Slime Boss","floor":16,"turns":11},{"damage":10,"enemies":"Chosen","floor":18,"turns":3},{"damage":13,"enemies":"3 Byrds","floor":19,"turns":6},{"damage":17,"enemies":"Colosseum Slavers","floor":21,"turns":4},{"damage":8,"enemies":"Colosseum Nobs","floor":21,"turns":4},{"damage":6,"enemies":"Centurion and Healer","floor":22,"turns":7},{"damage":61,"enemies":"Gremlin Leader","floor":23,"turns":6},{"damage":16,"enemies":"Snake Plant","floor":27,"turns":3},{"damage":0,"enemies":"Cultist and Chosen","floor":28,"turns":3},{"damage":14,"enemies":"Chosen and Byrds","floor":29,"turns":5},{"damage":9,"enemies":"Sentry and Sphere","floor":31,"turns":4},{"damage":33,"enemies":"Collector","floor":33,"turns":7}],"seed_played":"262765152243712583","potions_obtained":[{"floor":3,"key":"SmokeBomb"},{"floor":5,"key":"Dexterity Potion"},{"floor":6,"key":"Energy Potion"},{"floor":16,"key":"Fruit Juice"},{"floor":19,"key":"SteroidPotion"},{"floor":21,"key":"Strength Potion"},{"floor":23,"key":"Energy Potion"},{"floor":31,"key":"Ancient Potion"},{"floor":33,"key":"PowerPotion"}],"is_trial":false,"path_per_floor":["?","?","$"],"character_chosen":"IRONCLAD","items_purchased":["Bludgeon","Iron Wave+1","Flash of Steel+1","Shrug It Off","Sundial","Twin Strike+1"],"campfire_rested":4,"item_purchase_floors":[2,20,20,20,30,30],"current_hp_per_floor":[61,61,63,68,51,50,42,66,66,63,59,35,41,47,71,36,82,83,78,78,65,65,10,10,36,36,26,38,34,34,35,67,40,105],"gold":208,"neow_bonus":"TWO_FIFTY_GOLD","is_prod":false,"is_daily":false,"chose_seed":false,"campfire_upgraded":0,"win_rate":0,"timestamp":1549817866,"path_taken":["M","$","M","M","M","M","M","R","T","E","M","E","M","M","R","BOSS","M","M","$","?","M","E","?","R","T","M","M","M","?","M","R","BOSS"],"build_version":"2019-01-23","purchased_purges":2,"victory":false,"max_hp_per_floor":[80,80,80,80,80,80,80,80,80,82,82,82,82,82,82,82,82,87,89,89,89,89,89,89,89,89,89,95,99,99,103,105,105,105],"card_choices":[{"not_picked":["Heavy Blade","Clothesline","Body Slam"],"picked":"SKIP","floor":1},{"not_picked":["Pommel Strike","Bloodletting"],"picked":"Cleave","floor":3},{"not_picked":["Sever Soul","True Grit"],"picked":"Clash","floor":4},{"not_picked":["Spot Weakness","Flex"],"picked":"Cleave","floor":5},{"not_picked":["Rampage","Warcry"],"picked":"Twin Strike","floor":6},{"not_picked":["Seeing Red","Sever Soul"],"picked":"Metallicize","floor":7},{"not_picked":["Corruption","Intimidate","Disarm"],"picked":"Singing Bowl","floor":10},{"not_picked":["Iron Wave+1","Pommel Strike+1"],"picked":"Cleave+1","floor":11},{"not_picked":["Demon Form","Heavy Blade+1"],"picked":"True Grit","floor":12},{"not_picked":["Sword Boomerang+1","Heavy Blade+1"],"picked":"Iron Wave+1","floor":13},{"not_picked":["Pommel Strike+1","Intimidate"],"picked":"Clash+1","floor":14},{"not_picked":["Demon Form","Berserk"],"picked":"Bludgeon+1","floor":16},{"not_picked":["Burning Pact+1","Pommel Strike+1"],"picked":"Iron Wave+1","floor":18},{"not_picked":["Havoc+1","Spot Weakness","Seeing Red+1"],"picked":"Singing Bowl","floor":19},{"not_picked":["Pommel Strike+1","Ghostly Armor"],"picked":"Iron Wave+1","floor":21},{"not_picked":["Twin Strike+1","Shrug It Off"],"picked":"Feed+1","floor":22},{"not_picked":["Shrug It Off","Perfected Strike+1"],"picked":"Anger+1","floor":23},{"not_picked":["Havoc","Twin Strike+1"],"picked":"Clash+1","floor":27},{"not_picked":["Offering","Second Wind","Clothesline+1"],"picked":"Singing Bowl","floor":28},{"not_picked":["Thunderclap+1","Havoc+1"],"picked":"Clash+1","floor":29},{"not_picked":["Sword Boomerang+1","Reckless Charge+1"],"picked":"Anger+1","floor":31},{"not_picked":["Clothesline+1","Heavy Blade+1","Disarm"],"picked":"Singing Bowl","floor":32},{"not_picked":["Brutality","Double Tap"],"picked":"Juggernaut","floor":33}],"player_experience":368023,"relics_obtained":[{"floor":9,"key":"Singing Bowl"},{"floor":10,"key":"Molten Egg 2"},{"floor":12,"key":"Paper Frog"},{"floor":21,"key":"StoneCalendar"},{"floor":21,"key":"Gremlin Horn"},{"floor":23,"key":"Happy Flower"},{"floor":23,"key":"Bottled Lightning"},{"floor":26,"key":"Dream Catcher"}],"event_choices":[{"damage_healed":0,"gold_gain":0,"player_choice":"Fight","damage_taken":0,"max_hp_gain":0,"max_hp_loss":0,"event_name":"Colosseum","floor":21,"gold_loss":0},{"damage_healed":0,"gold_gain":0,"player_choice":"Fought Nobs","damage_taken":0,"max_hp_gain":0,"max_hp_loss":0,"event_name":"Colosseum","floor":21,"gold_loss":0},{"damage_healed":0,"gold_gain":0,"player_choice":"Obtain J.A.X.","damage_taken":0,"max_hp_gain":0,"max_hp_loss":0,"event_name":"Drug Dealer","floor":24,"gold_loss":0,"cards_obtained":["J.A.X."]}],"is_beta":false,"boss_relics":[{"not_picked":["Tiny House","Cursed Key"],"picked":"Black Star"},{"not_picked":["Velvet Choker","Runic Pyramid"],"picked":"Empty Cage"}],"items_purged_floors":[2,20],"is_endless":false,"potions_floor_spawned":[3,5,6,11,13,16,19,21,22,23,31,33],"ascension_level":0}