{"gold_per_floor":[112,112,112,122,122,122,141,141,141,141,155,155,165,180,180,276,276,287,212,232,245,245,245,245],"floor_reached":24,"playtime":1361,"items_purged":[],"score":188,"play_id":"8d15beb7-524f-4444-96c5-1cdf38e32cd8","local_time":"20190219172833","is_ascension_mode":false,"campfire_choices":[{"data":"Dualcast","floor":6,"key":"PURGE"},{"data":"Defend_B","floor":8,"key":"PURGE"},{"data":"Strike_B","floor":10,"key":"PURGE"},{"data":"Strike_B","floor":12,"key":"PURGE"},{"data":"Defend_B","floor":15,"key":"PURGE"},{"data":"Leap","floor":23,"key":"SMITH"}],"neow_cost":"NONE","seed_source_timestamp":493130626802015,"circlet_count":0,"master_deck":["Strike_B","Strike_B","Defend_B","Zap+1","Genetic Algorithm","Leap+1","FTL"],"relics":["Cracked Core","Peace Pipe","Bag of Marbles","Orrery"],"potions_floor_usage":[16,16,24],"damage_taken":[{"damage":5,"enemies":"Small Slimes","floor":1,"turns":3},{"damage":0,"enemies":"Cultist","floor":4,"turns":4},{"damage":3,"enemies":"Jaw Worm","floor":7,"turns":4},{"damage":0,"enemies":"2 Fungi Beasts","floor":11,"turns":3},{"damage":2,"enemies":"3 Louse","floor":13,"turns":3},{"damage":17,"enemies":"Lots of Slimes","floor":14,"turns":5},{"damage":35,"enemies":"The Guardian","floor":16,"turns":13},{"damage":0,"enemies":"Chosen","floor":18,"turns":4},{"damage":8,"enemies":"2 Thieves","floor":20,"turns":4},{"damage":19,"enemies":"Cultist and Chosen","floor":21,"turns":8},{"damage":54,"enemies":"Gremlin Leader","floor":24,"turns":8}],"seed_played":"-6499049821370645551","potions_obtained":[{"floor":4,"key":"EssenceOfSteel"},{"floor":7,"key":"Poison Potion"},{"floor":11,"key":"GamblersBrew"},{"floor":21,"key":"Strength Potion"}],"is_trial":false,"path_per_floor":["?","?","M","?","?"],"character_chosen":"DEFECT","items_purchased":[],"campfire_rested":0,"item_purchase_floors":[],"current_hp_per_floor":[70,58,58,58,58,58,55,55,55,55,55,55,53,36,36,1,75,75,75,67,48,48,48,0],"gold":245,"neow_bonus":"UPGRADE_CARD","is_prod":false,"is_daily":false,"chose_seed":false,"campfire_upgraded":1,"win_rate":0,"timestamp":1550615313,"path_taken":["M","?","?","M","$","R","?","R","T","R","M","R","M","M","R","BOSS","M","?","M","M","?","R","E"],"build_version":"2019-01-23","purchased_purges":0,"victory":false,"max_hp_per_floor":[75,75,75,75,75,75,75,75,75,75,75,75,75,75,75,75,75,75,75,75,75,75,75,75],"card_choices":[{"not_picked":["Sweeping Beam","Hologram","Redo"],"picked":"SKIP","floor":1},{"not_picked":["Steam","Sweeping Beam"],"picked":"Genetic Algorithm","floor":4},{"not_picked":["Glacier","Undo","Hologram"],"picked":"SKIP","floor":7},{"not_picked":["Go for the Eyes","Hello World","Rebound"],"picked":"SKIP","floor":11},{"not_picked":["Redo","Lockon","Melter"],"picked":"SKIP","floor":13},{"not_picked":["Defragment","Cold Snap","Fission"],"picked":"SKIP","floor":14},{"not_picked":["Streamline","Redo"],"picked":"Leap","floor":17},{"not_picked":["Consume","Compile Driver"],"picked":"FTL","floor":17},{"not_picked":["Beam Cell","Cold Snap+1","Sweeping Beam+1"],"picked":"SKIP","floor":18},{"not_picked":["Tempest+1","Fission","Stack"],"picked":"SKIP","floor":20},{"not_picked":["Steam","Redo","Ball Lightning+1"],"picked":"SKIP","floor":21}],"player_experience":546077,"relics_obtained":[{"floor":9,"key":"Bag of Marbles"}],"event_choices":[{"damage_healed":0,"gold_gain":0,"player_choice":"Success","damage_taken":12,"relics_obtained":["Peace Pipe"],"max_hp_gain":0,"max_hp_loss":0,"event_name":"Scrap Ooze","floor":2,"gold_loss":0},{"damage_healed":0,"gold_gain":0,"player_choice":"Ignored","damage_taken":0,"max_hp_gain":0,"max_hp_loss":0,"event_name":"NoteForYourself","floor":3,"gold_loss":0},{"cards_removed":["Defend_B"],"damage_healed":0,"gold_gain":0,"player_choice":"Gave Gold","damage_taken":0,"max_hp_gain":0,"max_hp_loss":0,"event_name":"Beggar","floor":19,"gold_loss":75},{"damage_healed":0,"gold_gain":0,"player_choice":"Ignored","damage_taken":0,"max_hp_gain":0,"max_hp_loss":0,"event_name":"Ghosts","floor":22,"gold_loss":0}],"is_beta":false,"boss_relics":[{"not_picked":["Astrolabe","Snecko Eye"],"picked":"Orrery"}],"items_purged_floors":[],"is_endless":false,"potions_floor_spawned":[4,7,11,14,21],"killed_by":"Gremlin Leader","ascension_level":0}