{"gold_per_floor":[118,129,142,158,158,158,177,177,226,242,252,0,23,23,23,118,118,132,132,132,81,101,126,126,153,153,184,184,199,199,299,299,299],"floor_reached":33,"playtime":2370,"items_purged":[],"score":350,"play_id":"29051f64-42d4-43b8-b112-1c4a53d3e056","local_time":"20190306095350","is_ascension_mode":true,"campfire_choices":[{"data":"Backflip","floor":6,"key":"SMITH"},{"floor":15,"key":"REST"},{"data":"Storm of Steel","floor":24,"key":"SMITH"},{"floor":28,"key":"REST"},{"data":"Crippling Poison","floor":30,"key":"SMITH"},{"floor":32,"key":"REST"}],"neow_cost":"NONE","seed_source_timestamp":771556692043900,"circlet_count":0,"master_deck":["Defend_G+1","Defend_G","Defend_G","Defend_G","Defend_G","Survivor","Neutralize","PiercingWail+1","Backflip+1","Blade Dance+1","Expertise","Prepared","Noxious Fumes","Blade Dance","Storm of Steel+1","Bouncing Flask+1","Cloak And Dagger","Bite","Bite","Bite","Bite","Bite","Cloak And Dagger","Dodge and Roll","Finisher+1","Bane+1","Parasite","Crippling Poison+1","Leg Sweep"],"relics":["Ring of the Snake","Vajra","Bottled Tornado","Bronze Scales","Cursed Key","Molten Egg 2","Snake Skull","Frozen Egg 2","Mummified Hand","Ice Cream","Dodecahedron"],"potions_floor_usage":[18,25,25,31,33,33],"damage_taken":[{"damage":6,"enemies":"Cultist","floor":1,"turns":4},{"damage":0,"enemies":"2 Louse","floor":2,"turns":3},{"damage":4,"enemies":"Small Slimes","floor":3,"turns":5},{"damage":4,"enemies":"Exordium Wildlife","floor":4,"turns":7},{"damage":0,"enemies":"Blue Slaver","floor":7,"turns":5},{"damage":10,"enemies":"2 Fungi Beasts","floor":10,"turns":3},{"damage":5,"enemies":"3 Louse","floor":11,"turns":4},{"damage":28,"enemies":"Hexaghost","floor":16,"turns":10},{"damage":11,"enemies":"2 Thieves","floor":18,"turns":4},{"damage":0,"enemies":"3 Byrds","floor":22,"turns":4},{"damage":8,"enemies":"Slavers","floor":23,"turns":6},{"damage":19,"enemies":"Gremlin Leader","floor":25,"turns":4},{"damage":16,"enemies":"Book of Stabbing","floor":27,"turns":5},{"damage":0,"enemies":"Snecko","floor":29,"turns":4},{"damage":0,"enemies":"Colosseum Slavers","floor":31,"turns":3},{"damage":4,"enemies":"Colosseum Nobs","floor":31,"turns":4},{"damage":67,"enemies":"Champ","floor":33,"turns":7}],"seed_played":"2419938292445958701","potions_obtained":[{"floor":2,"key":"GamblersBrew"},{"floor":4,"key":"Energy Potion"},{"floor":7,"key":"Energy Potion"},{"floor":23,"key":"Weak Potion"},{"floor":25,"key":"Fire Potion"},{"floor":31,"key":"EssenceOfSteel"}],"is_trial":false,"path_per_floor":["M","M","M","M","?","R","M","?","T","M","M","$","T","$","R","B",null,"M","?","?","$","M","E","R","E","T","E","R","M","R","?","R","B"],"character_chosen":"THE_SILENT","items_purchased":["Bottled Tornado","Cloak And Dagger"],"campfire_rested":3,"item_purchase_floors":[12,21],"current_hp_per_floor":[71,71,67,63,63,63,63,48,48,38,33,33,33,33,56,28,77,66,66,53,53,53,53,53,40,40,36,51,53,53,49,53,0],"gold":299,"neow_bonus":"TEN_PERCENT_HP_BONUS","is_prod":false,"is_daily":false,"chose_seed":false,"campfire_upgraded":3,"win_rate":0,"timestamp":1551884030,"path_taken":["M","?","M","M","?","R","M","?","T","M","M","?","?","$","R","BOSS","M","?","?","?","M","E","R","E","T","E","R","?","R","?","R","BOSS"],"build_version":"2019-01-23","purchased_purges":0,"victory":false,"max_hp_per_floor":[77,77,77,77,77,77,77,77,77,77,77,77,77,77,77,77,77,77,77,53,53,53,53,53,53,53,53,53,53,53,53,53,53],"card_choices":[{"not_picked":["Underhanded Strike","Slice"],"picked":"PiercingWail","floor":1},{"not_picked":["Escape Plan","Eviscerate"],"picked":"Backflip","floor":2},{"not_picked":["Dagger Throw","Accuracy"],"picked":"Blade Dance","floor":3},{"not_picked":["Dagger Spray","Riddle With Holes"],"picked":"Expertise","floor":4},{"not_picked":["Endless Agony","Sucker Punch"],"picked":"Prepared","floor":7},{"not_picked":["Riddle With Holes","Setup"],"picked":"Noxious Fumes","floor":10},{"not_picked":["Choke","Slice"],"picked":"Blade Dance","floor":11},{"not_picked":["Unload","Tools of the Trade"],"picked":"Storm of Steel","floor":16},{"not_picked":["Dagger Throw+1","Poisoned Stab"],"picked":"Bouncing Flask+1","floor":18},{"not_picked":["Bane","Concentrate"],"picked":"Dodge and Roll","floor":22},{"not_picked":["Deflect","Tools of the Trade"],"picked":"Finisher","floor":23},{"not_picked":["Dagger Throw+1","Sucker Punch+1"],"picked":"Bane+1","floor":25},{"not_picked":["Quick Slash+1","Outmaneuver"],"picked":"Crippling Poison","floor":27},{"not_picked":["Sucker Punch+1","Finisher+1"],"picked":"Leg Sweep","floor":29}],"player_experience":149194,"relics_obtained":[{"floor":9,"key":"Vajra"},{"floor":13,"key":"Bronze Scales"},{"floor":23,"key":"Molten Egg 2"},{"floor":25,"key":"Snake Skull"},{"floor":26,"key":"Frozen Egg 2"},{"floor":27,"key":"Mummified Hand"},{"floor":31,"key":"Ice Cream"},{"floor":31,"key":"Dodecahedron"}],"event_choices":[{"damage_healed":0,"gold_gain":0,"player_choice":"Grow","damage_taken":0,"max_hp_gain":0,"max_hp_loss":0,"event_name":"Living Wall","floor":5,"gold_loss":0,"cards_upgraded":["Blade Dance"]},{"damage_healed":0,"gold_gain":0,"player_choice":"Entered Light","damage_taken":15,"max_hp_gain":0,"max_hp_loss":0,"event_name":"Shining Light","floor":8,"gold_loss":0,"cards_upgraded":["PiercingWail","Defend_G"]},{"damage_healed":0,"gold_gain":0,"player_choice":"Read","damage_taken":0,"max_hp_gain":0,"max_hp_loss":0,"event_name":"The Library","floor":19,"gold_loss":0,"cards_obtained":["Cloak And Dagger"]},{"damage_healed":0,"gold_gain":0,"player_choice":"Became a vampire","damage_taken":0,"max_hp_gain":0,"max_hp_loss":24,"event_name":"Vampires","floor":20,"gold_loss":0,"cards_obtained":["Bite","Bite","Bite","Bite","Bite"]},{"damage_healed":0,"gold_gain":0,"player_choice":"Fight","damage_taken":0,"max_hp_gain":0,"max_hp_loss":0,"event_name":"Colosseum","floor":31,"gold_loss":0},{"damage_healed":0,"gold_gain":0,"player_choice":"Fought Nobs","damage_taken":0,"max_hp_gain":0,"max_hp_loss":0,"event_name":"Colosseum","floor":31,"gold_loss":0}],"is_beta":false,"boss_relics":[{"not_picked":["Orrery","Philosopher\u0027s Stone"],"picked":"Cursed Key"}],"items_purged_floors":[],"is_endless":false,"potions_floor_spawned":[2,4,7,23,25,31,31],"killed_by":"Champ","ascension_level":2}