{"gold_per_floor":[218,218,228,240,240,265,278,278,301,315,350,34,49,80,80,184,184,201,201,201,218,237,237,257,273,273,273,305,322,347,366,366,366],"floor_reached":33,"playtime":1959,"items_purged":["Pain"],"score":336,"play_id":"bb7eb164-284d-4686-bc31-e65cb589d4c9","local_time":"20190211102541","is_ascension_mode":false,"campfire_choices":[{"floor":8,"key":"REST"},{"floor":15,"key":"REST"},{"floor":23,"key":"REST"},{"floor":27,"key":"REST"},{"floor":32,"key":"REST"}],"neow_cost":"NONE","seed_source_timestamp":336753910920987,"circlet_count":0,"master_deck":["Defend_R","Defend_R","Defend_R","True Grit","Searing Blow","Pommel Strike","Shrug It Off","Inflame","Cleave","Bandage Up","Combust","Power Through+1","Bloodletting+1","Rampage+1","Clash","Bite","Bite","Bite","Bite","Bite","Clash","Combust+1","Anger","Feel No Pain+1","Iron Wave+1","Shrug It Off","Inflame","Cleave+1","True Grit+1","Cleave+1"],"relics":["Burning Blood","WarpedTongs","Dream Catcher","Regal Pillow","Lantern","PreservedInsect","Charon\u0027s Ashes","Astrolabe","Bronze Scales","Molten Egg 2","Bottled Flame"],"potions_floor_usage":[7,14,18,30,30,30],"damage_taken":[{"damage":1,"enemies":"Jaw Worm","floor":1,"turns":5},{"damage":4,"enemies":"Cultist","floor":3,"turns":4},{"damage":1,"enemies":"2 Louse","floor":4,"turns":4},{"damage":43,"enemies":"Lagavulin","floor":6,"turns":7},{"damage":5,"enemies":"Looter","floor":7,"turns":2},{"damage":3,"enemies":"Red Slaver","floor":10,"turns":4},{"damage":29,"enemies":"3 Sentries","floor":11,"turns":8},{"damage":7,"enemies":"3 Louse","floor":13,"turns":2},{"damage":25,"enemies":"Lagavulin","floor":14,"turns":4},{"damage":23,"enemies":"Slime Boss","floor":16,"turns":9},{"damage":15,"enemies":"2 Thieves","floor":18,"turns":2},{"damage":5,"enemies":"Spheric Guardian","floor":21,"turns":3},{"damage":38,"enemies":"Shelled Parasite and Fungi","floor":22,"turns":5},{"damage":20,"enemies":"Centurion and Healer","floor":24,"turns":3},{"damage":34,"enemies":"Snake Plant","floor":25,"turns":5},{"damage":26,"enemies":"Book of Stabbing","floor":28,"turns":5},{"damage":32,"enemies":"Snecko","floor":29,"turns":4},{"damage":30,"enemies":"Gremlin Leader","floor":30,"turns":4},{"damage":11,"enemies":"Centurion and Healer","floor":31,"turns":8},{"damage":72,"enemies":"Champ","floor":33,"turns":7}],"seed_played":"-5838631032836173560","potions_obtained":[{"floor":4,"key":"AttackPotion"},{"floor":6,"key":"EntropicBrew"},{"floor":10,"key":"Weak Potion"},{"floor":13,"key":"Explosive Potion"},{"floor":14,"key":"GamblersBrew"},{"floor":18,"key":"Dexterity Potion"}],"is_trial":false,"path_per_floor":["?","M","?","?","?","M"],"character_chosen":"IRONCLAD","items_purchased":["Bandage Up","PreservedInsect"],"campfire_rested":5,"item_purchase_floors":[12,12],"current_hp_per_floor":[80,80,80,80,80,43,44,68,68,71,48,48,47,32,71,58,80,77,56,56,56,37,56,46,34,34,56,43,25,15,29,56,0],"gold":366,"neow_bonus":"HUNDRED_GOLD","is_prod":false,"is_daily":false,"chose_seed":false,"campfire_upgraded":0,"win_rate":0,"timestamp":1549898741,"path_taken":["M","?","?","M","?","E","M","R","T","M","E","$","M","E","R","BOSS","M","?","?","M","M","R","?","M","T","R","E","M","E","M","R","BOSS"],"build_version":"2019-01-23","purchased_purges":1,"victory":false,"max_hp_per_floor":[80,80,80,80,80,80,80,80,80,80,80,80,80,80,80,80,80,80,56,56,56,56,56,56,56,56,56,56,56,56,56,56,56],"card_choices":[{"not_picked":["Havoc","Infernal Blade"],"picked":"True Grit","floor":1},{"not_picked":["True Grit","Heavy Blade","Impervious"],"picked":"SKIP","floor":3},{"not_picked":["Bloodletting","Perfected Strike","Armaments"],"picked":"SKIP","floor":4},{"not_picked":["True Grit","Wild Strike"],"picked":"Searing Blow","floor":6},{"not_picked":["Pummel","Disarm"],"picked":"Pommel Strike","floor":7},{"not_picked":["Warcry","Pummel"],"picked":"Shrug It Off","floor":8},{"not_picked":["Heavy Blade","Infernal Blade"],"picked":"Inflame","floor":10},{"not_picked":["Clothesline","Power Through"],"picked":"Cleave","floor":11},{"not_picked":["Armaments","Metallicize"],"picked":"Combust","floor":13},{"not_picked":["Headbutt","Demon Form","Havoc"],"picked":"SKIP","floor":14},{"not_picked":["Heavy Blade","Pommel Strike"],"picked":"Clash","floor":18},{"not_picked":["Spot Weakness","Headbutt"],"picked":"Combust+1","floor":21},{"not_picked":["Twin Strike","Pommel Strike"],"picked":"Anger","floor":22},{"not_picked":["Cleave","Pommel Strike"],"picked":"Feel No Pain+1","floor":23},{"not_picked":["Blood for Blood","Whirlwind"],"picked":"Iron Wave+1","floor":24},{"not_picked":["Immolate","Rage+1"],"picked":"Shrug It Off","floor":25},{"not_picked":["Anger","Bloodletting"],"picked":"Inflame","floor":27},{"not_picked":["Body Slam","Sentinel","Entrench"],"picked":"SKIP","floor":28},{"not_picked":["Seeing Red","Rampage+1","Infernal Blade"],"picked":"SKIP","floor":29},{"not_picked":["Warcry","Infernal Blade"],"picked":"Cleave+1","floor":30},{"not_picked":["Armaments","Warcry"],"picked":"True Grit+1","floor":31},{"not_picked":["Perfected Strike+1","Inflame"],"picked":"Cleave+1","floor":32}],"player_experience":407984,"relics_obtained":[{"floor":6,"key":"Dream Catcher"},{"floor":9,"key":"Regal Pillow"},{"floor":11,"key":"Lantern"},{"floor":14,"key":"Charon\u0027s Ashes"},{"floor":26,"key":"Bronze Scales"},{"floor":28,"key":"Molten Egg 2"},{"floor":30,"key":"Bottled Flame"}],"event_choices":[{"damage_healed":0,"gold_gain":0,"player_choice":"Rummage","damage_taken":0,"relics_obtained":["WarpedTongs"],"max_hp_gain":0,"max_hp_loss":0,"event_name":"Accursed Blacksmith","floor":2,"gold_loss":0,"cards_obtained":["Pain"]},{"damage_healed":0,"gold_gain":0,"player_choice":"Ignored","damage_taken":0,"max_hp_gain":0,"max_hp_loss":0,"event_name":"Liars Game","floor":5,"gold_loss":0},{"damage_healed":0,"gold_gain":0,"player_choice":"Became a vampire","damage_taken":0,"max_hp_gain":0,"max_hp_loss":24,"event_name":"Vampires","floor":19,"gold_loss":0,"cards_obtained":["Bite","Bite","Bite","Bite","Bite"]},{"damage_healed":0,"gold_gain":0,"player_choice":"Copied","damage_taken":0,"max_hp_gain":0,"max_hp_loss":0,"event_name":"Duplicator","floor":20,"gold_loss":0,"cards_obtained":["Clash"]}],"is_beta":false,"boss_relics":[{"not_picked":["Coffee Dripper","White Beast Statue"],"picked":"Astrolabe"}],"items_purged_floors":[12],"is_endless":false,"potions_floor_spawned":[4,6,10,13,14,18,24,29],"killed_by":"Champ","ascension_level":0}