{"gold_per_floor":[117,117,130,130,50,93,117,117,117,157,177,211,235,260,260,390,390,406,406,29,54,79,79,79,79],"floor_reached":25,"playtime":1007,"items_purged":[],"score":346,"play_id":"c3d9a7cc-e4b1-4840-8268-f60ad20c1fff","local_time":"20181109130919","is_ascension_mode":true,"campfire_choices":[{"data":"Flame Barrier","floor":8,"key":"SMITH"},{"data":"Armaments","floor":15,"key":"SMITH"},{"floor":23,"key":"REST"}],"neow_cost":"NONE","seed_source_timestamp":2578876711915465,"circlet_count":0,"master_deck":["AscendersBane","Strike_R","Strike_R","Strike_R","Strike_R","Strike_R","Defend_R","Defend_R","Defend_R","Defend_R","Bash","Ghostly Armor","Flex","Uppercut","Flame Barrier+1","Warcry","Dual Wield","Ghostly Armor","Uppercut","Body Slam","Armaments+1","Demon Form","Pummel+1","Searing Blow","Warcry","Flame Barrier","Sword Boomerang","Shrug It Off"],"relics":["Burning Blood","Bag of Marbles","Golden Idol","Letter Opener","Regal Pillow","Mercury Hourglass","Meat on the Bone","Eternal Feather","HandDrill"],"potions_floor_usage":[6,12,16,16,21,22,25],"damage_taken":[{"damage":0,"enemies":"Small Slimes","floor":1,"turns":2},{"damage":2,"enemies":"Jaw Worm","floor":3,"turns":3},{"damage":28,"enemies":"Gremlin Nob","floor":6,"turns":5},{"damage":3,"enemies":"2 Louse","floor":7,"turns":3},{"damage":40,"enemies":"Lagavulin","floor":10,"turns":10},{"damage":7,"enemies":"Exordium Thugs","floor":11,"turns":3},{"damage":12,"enemies":"Gremlin Nob","floor":12,"turns":3},{"damage":1,"enemies":"2 Fungi Beasts","floor":13,"turns":3},{"damage":4,"enemies":"Blue Slaver","floor":14,"turns":4},{"damage":34,"enemies":"Hexaghost","floor":16,"turns":13},{"damage":41,"enemies":"Spheric Guardian","floor":18,"turns":8},{"damage":11,"enemies":"2 Thieves","floor":21,"turns":4},{"damage":35,"enemies":"Chosen and Byrds","floor":22,"turns":6},{"damage":94,"enemies":"Gremlin Leader","floor":25,"turns":8}],"seed_played":"-2795506201318216392","potions_obtained":[{"floor":3,"key":"Block Potion"},{"floor":10,"key":"Fire Potion"},{"floor":12,"key":"GamblersBrew"},{"floor":13,"key":"Block Potion"},{"floor":19,"key":"BloodPotion"},{"floor":19,"key":"SkillPotion"},{"floor":21,"key":"FearPotion"}],"is_trial":false,"path_per_floor":["M","?","M","?","$","E","M","R","T","E","M","E","M","M","R","B",null,"M","?","$","M","M","R","?","E"],"character_chosen":"IRONCLAD","items_purchased":["Uppercut","Searing Blow","HandDrill","Warcry","Flame Barrier"],"campfire_rested":1,"item_purchase_floors":[5,20,20,20,20],"current_hp_per_floor":[78,78,80,80,80,58,61,61,61,27,26,20,37,51,51,35,69,46,46,46,49,32,80,80,0],"gold":79,"neow_bonus":"RANDOM_COMMON_RELIC","is_prod":false,"is_daily":false,"chose_seed":false,"campfire_upgraded":2,"win_rate":0,"timestamp":1541794159,"path_taken":["M","?","M","?","$","E","M","R","T","E","M","E","M","M","R","BOSS","M","?","?","?","M","R","?","E"],"build_version":"2018-11-08","purchased_purges":0,"victory":false,"max_hp_per_floor":[80,80,80,80,80,80,80,80,80,80,80,80,80,80,80,80,80,80,80,80,80,80,80,80,80],"card_choices":[{"not_picked":["True Grit","Corruption"],"picked":"Ghostly Armor","floor":1},{"not_picked":["Dual Wield","Whirlwind"],"picked":"Flex","floor":3},{"not_picked":["Thunderclap","Carnage"],"picked":"Flame Barrier","floor":6},{"not_picked":["Heavy Blade","Flex"],"picked":"Warcry","floor":7},{"not_picked":["Perfected Strike","Entrench"],"picked":"Dual Wield","floor":10},{"not_picked":["Clash","Warcry"],"picked":"Ghostly Armor","floor":11},{"not_picked":["Rampage","Sever Soul"],"picked":"Uppercut","floor":12},{"not_picked":["Wild Strike","Clothesline"],"picked":"Body Slam","floor":13},{"not_picked":["Infernal Blade","Thunderclap"],"picked":"Armaments","floor":14},{"not_picked":["Exhume","Fiend Fire"],"picked":"Demon Form","floor":16},{"not_picked":["Dropkick","Evolve"],"picked":"Pummel+1","floor":18},{"not_picked":["Wild Strike","Headbutt"],"picked":"Sword Boomerang","floor":21},{"not_picked":["Thunderclap","Warcry","Burning Pact"],"picked":"SKIP","floor":22}],"player_experience":1034568,"relics_obtained":[{"floor":6,"key":"Letter Opener"},{"floor":9,"key":"Regal Pillow"},{"floor":10,"key":"Mercury Hourglass"},{"floor":12,"key":"Meat on the Bone"}],"event_choices":[{"damage_healed":0,"gold_gain":0,"player_choice":"Take Wound","damage_taken":0,"relics_obtained":["Golden Idol"],"max_hp_gain":0,"max_hp_loss":0,"event_name":"Golden Idol","floor":2,"gold_loss":0,"cards_obtained":["Injury"]},{"cards_removed":["Injury"],"damage_healed":0,"gold_gain":0,"player_choice":"Forget","damage_taken":0,"max_hp_gain":0,"max_hp_loss":0,"event_name":"Living Wall","floor":4,"gold_loss":0},{"damage_healed":0,"gold_gain":0,"player_choice":"Got Potions","damage_taken":0,"max_hp_gain":0,"max_hp_loss":0,"event_name":"Lab","floor":19,"gold_loss":0},{"damage_healed":0,"gold_gain":0,"player_choice":"Read","damage_taken":0,"max_hp_gain":0,"max_hp_loss":0,"event_name":"The Library","floor":24,"gold_loss":0,"cards_obtained":["Shrug It Off"]}],"is_beta":false,"boss_relics":[{"not_picked":["Runic Dome","Orrery"],"picked":"Eternal Feather"}],"items_purged_floors":[],"is_endless":false,"potions_floor_spawned":[3,10,12,13,21],"killed_by":"Gremlin Leader","ascension_level":11}