{"gold_per_floor":[110,110,110,74,74,105,183,201,201,222,240,256,299,315,315,438,438,459,474,191,191,216,240,240,240,265,289,289,325,325,325,325,451,514,535,535,594,158,158,158,174,0,0,36,56,69,69,94,94,94],"floor_reached":51,"playtime":4078,"items_purged":["Strike_R","Strike_R"],"score":682,"play_id":"34e0644e-4a23-4d66-8822-b77ff402155f","local_time":"20190209111528","is_ascension_mode":false,"campfire_choices":[{"data":"Fire Breathing","floor":15,"key":"SMITH"},{"floor":28,"key":"REST"},{"data":"Fire Breathing","floor":30,"key":"SMITH"},{"floor":32,"key":"REST"},{"floor":40,"key":"REST"},{"floor":47,"key":"REST"},{"floor":49,"key":"REST"}],"neow_cost":"NONE","seed_source_timestamp":164799183328679,"circlet_count":0,"master_deck":["Strike_R+1","Strike_R","Strike_R","Defend_R","Defend_R","Defend_R","Defend_R","Bash","Twin Strike+1","Metallicize","Fire Breathing+1","Iron Wave","Headbutt","Evolve","Anger","Clash","Cleave","Barricade","Evolve+1","Fire Breathing+1","Battle Trance+1","Evolve","Shrug It Off","Feel No Pain+1","Brutality","Twin Strike+1","Magnetism","Rupture","Armaments","Burning Pact","Juggernaut","Cleave","Iron Wave","Fire Breathing+1"],"relics":["Burning Blood","NeowsBlessing","Lantern","Golden Idol","Mummified Hand","Smiling Mask","Bird Faced Urn","Dodecahedron","Lizard Tail","Membership Card","Torii","Pen Nib","Oddly Smooth Stone","PreservedInsect","Tiny House","Charon\u0027s Ashes","Strawberry","Pocketwatch","Red Mask","The Courier","Bottled Flame"],"potions_floor_usage":[16,33,37,37,45,50,50],"damage_taken":[{"damage":0,"enemies":"Small Slimes","floor":1,"turns":1},{"damage":0,"enemies":"Gremlin Nob","floor":6,"turns":1},{"damage":0,"enemies":"Gremlin Nob","floor":7,"turns":1},{"damage":0,"enemies":"2 Louse","floor":8,"turns":2},{"damage":1,"enemies":"Jaw Worm","floor":10,"turns":2},{"damage":0,"enemies":"3 Louse","floor":11,"turns":4},{"damage":7,"enemies":"Lots of Slimes","floor":12,"turns":3},{"damage":14,"enemies":"3 Sentries","floor":13,"turns":6},{"damage":5,"enemies":"Exordium Thugs","floor":14,"turns":4},{"damage":56,"enemies":"Hexaghost","floor":16,"turns":10},{"damage":5,"enemies":"Chosen","floor":18,"turns":4},{"damage":16,"enemies":"3 Byrds","floor":19,"turns":5},{"damage":24,"enemies":"Sentry and Sphere","floor":22,"turns":6},{"damage":49,"enemies":"Centurion and Healer","floor":23,"turns":6},{"damage":15,"enemies":"Snake Plant","floor":27,"turns":5},{"damage":20,"enemies":"Gremlin Leader","floor":29,"turns":6},{"damage":78,"enemies":"Automaton","floor":33,"turns":10},{"damage":71,"enemies":"3 Shapes","floor":35,"turns":6},{"damage":36,"enemies":"2 Orb Walkers","floor":37,"turns":6},{"damage":10,"enemies":"3 Darklings","floor":41,"turns":4},{"damage":84,"enemies":"Giant Head","floor":44,"turns":8},{"damage":40,"enemies":"Spire Growth","floor":45,"turns":6},{"damage":11,"enemies":"4 Shapes","floor":46,"turns":5},{"damage":52,"enemies":"Jaw Worm Horde","floor":48,"turns":5},{"damage":103,"enemies":"Donu and Deca","floor":50,"turns":10}],"seed_played":"8243056936254523178","potions_obtained":[{"floor":1,"key":"BloodPotion"},{"floor":6,"key":"Swift Potion"},{"floor":13,"key":"Weak Potion"},{"floor":16,"key":"SpeedPotion"},{"floor":22,"key":"PowerPotion"},{"floor":34,"key":"Dexterity Potion"},{"floor":41,"key":"PowerPotion"},{"floor":46,"key":"Dexterity Potion"},{"floor":48,"key":"Dexterity Potion"}],"is_trial":false,"path_per_floor":["?","?","?","?","M","?","M","T","?","?","?","?","?","?"],"character_chosen":"IRONCLAD","items_purchased":["Metallicize","Fire Breathing","Membership Card","Magnetism","Rupture","Armaments","Anger","Strawberry","Pocketwatch"],"campfire_rested":5,"item_purchase_floors":[4,20,20,38,38,38,38,38,38],"current_hp_per_floor":[80,64,57,57,37,43,49,55,55,62,74,79,77,80,80,32,80,80,74,74,74,67,36,36,36,36,41,65,65,65,50,75,21,90,34,34,28,35,35,62,80,80,80,24,16,33,60,34,61,54],"gold":94,"neow_bonus":"THREE_ENEMY_KILL","is_prod":false,"is_daily":false,"chose_seed":false,"campfire_upgraded":2,"win_rate":0,"timestamp":1549728928,"path_taken":["M","?","?","$","?","E","?","?","T","M","M","M","E","M","R","BOSS","M","M","$","?","?","M","?","?","T","M","R","E","R","?","R","BOSS","M","?","?","$","?","R","M","?","T","E","M","M","R","M","R","BOSS"],"build_version":"2019-01-23","purchased_purges":2,"victory":true,"max_hp_per_floor":[80,80,80,80,80,80,80,80,80,80,80,80,80,80,80,80,80,80,80,80,80,80,80,80,80,80,80,80,80,80,85,85,85,90,90,85,85,92,92,92,92,92,92,92,92,92,92,92,92,92],"card_choices":[{"not_picked":["Shockwave","Warcry"],"picked":"Twin Strike","floor":1},{"not_picked":["Headbutt","Pummel"],"picked":"Fire Breathing","floor":6},{"not_picked":["Heavy Blade","Body Slam"],"picked":"Iron Wave","floor":7},{"not_picked":["Thunderclap","Power Through"],"picked":"Headbutt","floor":8},{"not_picked":["Clash","Disarm"],"picked":"Evolve","floor":10},{"not_picked":["Thunderclap","Pummel"],"picked":"Anger","floor":11},{"not_picked":["Headbutt","Hemokinesis"],"picked":"Clash","floor":12},{"not_picked":["Hemokinesis","Twin Strike"],"picked":"Cleave","floor":13},{"not_picked":["Flex","Sword Boomerang","Limit Break"],"picked":"SKIP","floor":14},{"not_picked":["Reaper","Offering"],"picked":"Barricade","floor":16},{"not_picked":["Perfected Strike+1","True Grit","Headbutt"],"picked":"SKIP","floor":18},{"not_picked":["Twin Strike+1","Havoc+1"],"picked":"Evolve+1","floor":19},{"not_picked":["Havoc+1","Bloodletting","Sword Boomerang+1"],"picked":"SKIP","floor":22},{"not_picked":["Havoc","Heavy Blade"],"picked":"Battle Trance+1","floor":23},{"not_picked":["Twin Strike","Wild Strike"],"picked":"Shrug It Off","floor":27},{"not_picked":["Anger","Warcry"],"picked":"Feel No Pain","floor":29},{"not_picked":["Fiend Fire","Reaper"],"picked":"Brutality","floor":33},{"not_picked":["Warcry+1","Spot Weakness"],"picked":"Twin Strike+1","floor":34},{"not_picked":["Hemokinesis","Blood for Blood+1","Wild Strike+1"],"picked":"SKIP","floor":35},{"not_picked":["Perfected Strike","Flex"],"picked":"Burning Pact","floor":41},{"not_picked":["Exhume","Heavy Blade+1"],"picked":"Juggernaut","floor":44},{"not_picked":["Warcry","Perfected Strike"],"picked":"Cleave","floor":45},{"not_picked":["Flex+1","Perfected Strike+1"],"picked":"Iron Wave","floor":46},{"not_picked":["Shrug It Off","Body Slam+1"],"picked":"Fire Breathing+1","floor":48}],"player_experience":349144,"relics_obtained":[{"floor":6,"key":"Mummified Hand"},{"floor":7,"key":"Smiling Mask"},{"floor":9,"key":"Bird Faced Urn"},{"floor":13,"key":"Dodecahedron"},{"floor":24,"key":"Pen Nib"},{"floor":26,"key":"Oddly Smooth Stone"},{"floor":29,"key":"PreservedInsect"},{"floor":37,"key":"Charon\u0027s Ashes"},{"floor":43,"key":"The Courier"},{"floor":44,"key":"Bottled Flame"}],"event_choices":[{"damage_healed":0,"gold_gain":0,"player_choice":"Entered Light","damage_taken":16,"max_hp_gain":0,"max_hp_loss":0,"event_name":"Shining Light","floor":2,"gold_loss":0,"cards_upgraded":["Strike_R","Twin Strike"]},{"damage_healed":0,"gold_gain":0,"player_choice":"Success","damage_taken":7,"relics_obtained":["Lantern"],"max_hp_gain":0,"max_hp_loss":0,"event_name":"Scrap Ooze","floor":3,"gold_loss":0},{"damage_healed":0,"gold_gain":0,"player_choice":"Take Damage","damage_taken":20,"relics_obtained":["Golden Idol"],"max_hp_gain":0,"max_hp_loss":0,"event_name":"Golden Idol","floor":5,"gold_loss":0},{"damage_healed":0,"gold_gain":0,"player_choice":"Searched \u00271\u0027 times","damage_taken":0,"max_hp_gain":0,"max_hp_loss":0,"event_name":"Dead Adventurer","floor":7,"gold_loss":0},{"damage_healed":0,"gold_gain":0,"player_choice":"Gave Potion","damage_taken":0,"relics_obtained":["Torii"],"max_hp_gain":0,"max_hp_loss":0,"event_name":"WeMeetAgain","floor":21,"gold_loss":0},{"damage_healed":0,"gold_gain":0,"player_choice":"Read","damage_taken":0,"max_hp_gain":0,"max_hp_loss":0,"event_name":"The Library","floor":25,"gold_loss":0,"cards_obtained":["Evolve"]},{"damage_healed":0,"gold_gain":0,"player_choice":"Shed Blood","damage_taken":20,"max_hp_gain":5,"max_hp_loss":0,"event_name":"Forgotten Altar","floor":31,"gold_loss":0},{"damage_healed":0,"gold_gain":0,"player_choice":"Max HP","damage_taken":0,"max_hp_gain":0,"max_hp_loss":5,"event_name":"Winding Halls","floor":36,"gold_loss":0},{"damage_healed":0,"gold_gain":0,"player_choice":"Fight","damage_taken":0,"max_hp_gain":0,"max_hp_loss":0,"event_name":"Mysterious Sphere","floor":37,"gold_loss":0},{"cards_removed":["Anger"],"damage_healed":0,"gold_gain":0,"player_choice":"Removed Attack","damage_taken":0,"max_hp_gain":0,"max_hp_loss":0,"event_name":"Falling","floor":39,"gold_loss":0},{"damage_healed":0,"gold_gain":0,"player_choice":"Paid","damage_taken":0,"relics_obtained":["Red Mask"],"max_hp_gain":0,"max_hp_loss":0,"event_name":"Tomb of Lord Red Mask","floor":42,"gold_loss":174}],"is_beta":false,"boss_relics":[{"not_picked":["Runic Cube","Philosopher\u0027s Stone"],"picked":"Lizard Tail"},{"not_picked":["Sozu","Busted Crown"],"picked":"Tiny House"}],"items_purged_floors":[20,38],"is_endless":false,"potions_floor_spawned":[1,6,13,16,19,22,29,41,46,48],"ascension_level":0}