{"gold_per_floor":[114,129,144,219,234,234,234,249,324,339,369,384,16,31,31,131,131,146,161,176,191,206,206],"floor_reached":23,"playtime":3588,"items_purged":[],"score":201,"play_id":"cc62e17a-4460-456e-8afb-af0c76b6017c","local_time":"20190224121238","daily_mods":["Heirloom","Uncertain Future","DeadlyEvents"],"is_ascension_mode":false,"campfire_choices":[{"floor":6,"key":"REST"},{"data":"Searing Blow","floor":15,"key":"SMITH"}],"neow_cost":"","seed_source_timestamp":0,"circlet_count":0,"master_deck":["Strike_R","Strike_R","Strike_R","Strike_R","Strike_R","Defend_R","Defend_R","Defend_R","Defend_R","Bash","Inflame","Metallicize","Seeing Red","Heavy Blade","Pommel Strike","Metallicize+1","Sentinel","Rupture+1","Combust+1","Anger","Iron Wave","Searing Blow+1","Demon Form+1","Power Through","Flame Barrier","Feel No Pain+1","Clash","Double Tap"],"special_seed":17951,"relics":["Burning Blood","StoneCalendar","Dream Catcher","Frozen Egg 2","Shuriken","Lee\u0027s Waffle","Cursed Key"],"potions_floor_usage":[3,16,16,19,21,22],"damage_taken":[{"damage":4,"enemies":"2 Louse","floor":1,"turns":3},{"damage":16,"enemies":"Jaw Worm","floor":2,"turns":4},{"damage":8,"enemies":"Small Slimes","floor":3,"turns":4},{"damage":11,"enemies":"Red Slaver","floor":5,"turns":6},{"damage":20,"enemies":"Exordium Thugs","floor":8,"turns":6},{"damage":6,"enemies":"Blue Slaver","floor":10,"turns":4},{"damage":15,"enemies":"Gremlin Nob","floor":11,"turns":5},{"damage":15,"enemies":"Lots of Slimes","floor":12,"turns":6},{"damage":3,"enemies":"Exordium Thugs","floor":14,"turns":4},{"damage":41,"enemies":"The Guardian","floor":16,"turns":7},{"damage":14,"enemies":"Shell Parasite","floor":18,"turns":6},{"damage":23,"enemies":"Spheric Guardian","floor":19,"turns":4},{"damage":24,"enemies":"Snake Plant","floor":20,"turns":5},{"damage":38,"enemies":"Shelled Parasite and Fungi","floor":21,"turns":6},{"damage":2,"enemies":"Snecko","floor":22,"turns":5},{"damage":22,"enemies":"Slavers","floor":23,"turns":1}],"seed_played":"4396462369862563879","potions_obtained":[{"floor":1,"key":"PowerPotion"},{"floor":11,"key":"Dexterity Potion"},{"floor":12,"key":"EssenceOfSteel"},{"floor":16,"key":"AttackPotion"},{"floor":19,"key":"Ancient Potion"},{"floor":20,"key":"Fire Potion"}],"is_trial":false,"path_per_floor":["M","M","M","?","M","R","T","M","T","M","E","M","$","M","R","B",null,"M","M","M","M","M","E"],"character_chosen":"IRONCLAD","items_purchased":["Combust+1","Lee\u0027s Waffle","Anger","Iron Wave"],"campfire_rested":1,"item_purchase_floors":[13,13,13,13],"current_hp_per_floor":[80,70,68,57,52,76,76,62,62,62,53,44,87,87,87,52,87,79,62,44,12,16,0],"gold":206,"neow_bonus":"","is_prod":false,"is_daily":true,"chose_seed":false,"campfire_upgraded":1,"win_rate":0,"timestamp":1551010358,"path_taken":["M","M","M","?","M","R","?","M","T","M","E","?","$","M","R","BOSS","M","M","M","M","M","E"],"build_version":"2019-01-23","purchased_purges":0,"victory":false,"max_hp_per_floor":[80,80,80,80,80,80,80,80,80,80,80,80,87,87,87,87,87,87,87,87,87,87,87],"card_choices":[{"not_picked":["Flex","Anger"],"picked":"Inflame","floor":1},{"not_picked":["Anger","Pommel Strike"],"picked":"Metallicize","floor":2},{"not_picked":["Sentinel","Clothesline"],"picked":"Seeing Red","floor":3},{"not_picked":["Shrug It Off","Iron Wave"],"picked":"Heavy Blade","floor":5},{"not_picked":["Uppercut","Heavy Blade"],"picked":"Pommel Strike","floor":8},{"not_picked":["Sentinel","Flex"],"picked":"Metallicize+1","floor":10},{"not_picked":["Warcry","Brutality+1"],"picked":"Sentinel","floor":11},{"not_picked":["Carnage","Combust+1"],"picked":"Rupture+1","floor":12},{"not_picked":["Clothesline","Whirlwind"],"picked":"Searing Blow","floor":14},{"not_picked":["Exhume","Limit Break"],"picked":"Demon Form+1","floor":16},{"not_picked":["Dropkick+1","Clothesline"],"picked":"Power Through","floor":18},{"not_picked":["Thunderclap","Warcry"],"picked":"Flame Barrier","floor":19},{"not_picked":["Pommel Strike","Heavy Blade"],"picked":"Feel No Pain+1","floor":20},{"not_picked":["Wild Strike+1","Cleave"],"picked":"Clash","floor":21},{"not_picked":["True Grit","Warcry"],"picked":"Double Tap","floor":22}],"player_experience":233265,"relics_obtained":[{"floor":7,"key":"Dream Catcher"},{"floor":9,"key":"Frozen Egg 2"},{"floor":11,"key":"Shuriken"}],"event_choices":[{"damage_healed":0,"gold_gain":75,"player_choice":"Gather Gold","damage_taken":11,"max_hp_gain":0,"max_hp_loss":0,"event_name":"World of Goop","floor":4,"gold_loss":0}],"is_beta":false,"boss_relics":[{"not_picked":["Eternal Feather","Runic Dome"],"picked":"Cursed Key"}],"items_purged_floors":[],"is_endless":false,"potions_floor_spawned":[1,11,12,16,19,20],"killed_by":"Slavers","ascension_level":0}