{"gold_per_floor":[118,133,143,143,15,15,49,49,49,49,49,49,49,67,67,67],"floor_reached":16,"playtime":1280,"items_purged":["Strike_G"],"score":113,"play_id":"fc4ed1ea-ebd7-4511-bb28-5d32fd2eddcf","local_time":"20190410214325","is_ascension_mode":true,"campfire_choices":[{"floor":6,"key":"REST"},{"data":"Neutralize","floor":8,"key":"SMITH"},{"floor":11,"key":"REST"},{"data":"Adrenaline","floor":15,"key":"SMITH"}],"neow_cost":"NONE","seed_source_timestamp":37828295673400,"circlet_count":0,"master_deck":["Defend_G","Defend_G","Defend_G","Defend_G","Defend_G","Strike_G","Survivor","Neutralize+1","Riddle With Holes","PiercingWail","Dagger Throw","Crippling Poison","Adrenaline+1"],"relics":["Ring of the Snake","Golden Idol","Juzu Bracelet","Letter Opener"],"potions_floor_usage":[7,16],"damage_taken":[{"damage":0,"enemies":"Small Slimes","floor":1,"turns":4},{"damage":0,"enemies":"2 Louse","floor":2,"turns":2},{"damage":0,"enemies":"Cultist","floor":3,"turns":4},{"damage":28,"enemies":"3 Sentries","floor":7,"turns":11},{"damage":1,"enemies":"Blue Slaver","floor":14,"turns":5},{"damage":58,"enemies":"Hexaghost","floor":16,"turns":13}],"seed_played":"-3466887252203082492","potions_obtained":[{"floor":3,"key":"GhostInAJar"},{"floor":14,"key":"EssenceOfSteel"}],"is_trial":false,"path_per_floor":["M","M","M","?","$","R","E","R","T","?","R","?","?","M","R","B"],"character_chosen":"THE_SILENT","items_purchased":["Dagger Throw"],"campfire_rested":2,"item_purchase_floors":[5],"current_hp_per_floor":[70,70,70,53,53,70,42,42,42,35,56,56,56,55,55,0],"gold":67,"neow_bonus":"TRANSFORM_CARD","is_prod":false,"is_daily":false,"chose_seed":false,"campfire_upgraded":2,"win_rate":0,"timestamp":1554947005,"path_taken":["M","M","M","?","$","R","E","R","T","?","R","?","?","M","R","BOSS"],"build_version":"2019-01-23","purchased_purges":1,"victory":false,"max_hp_per_floor":[70,70,70,70,70,70,70,70,70,70,70,70,70,70,70,70],"card_choices":[{"not_picked":["Backflip","Dagger Throw"],"picked":"PiercingWail","floor":1},{"not_picked":["Bane","Outmaneuver","Deflect"],"picked":"SKIP","floor":2},{"not_picked":["Deadly Poison","Bullet Time","Outmaneuver"],"picked":"SKIP","floor":3},{"not_picked":["Storm of Steel","Bane","Blade Dance"],"picked":"SKIP","floor":7},{"not_picked":["Caltrops","Dodge and Roll"],"picked":"Adrenaline","floor":14}],"player_experience":313103,"relics_obtained":[{"floor":7,"key":"Juzu Bracelet"},{"floor":9,"key":"Letter Opener"}],"event_choices":[{"damage_healed":0,"gold_gain":0,"player_choice":"Take Damage","damage_taken":17,"relics_obtained":["Golden Idol"],"max_hp_gain":0,"max_hp_loss":0,"event_name":"Golden Idol","floor":4,"gold_loss":0},{"cards_removed":["Strike_G"],"damage_healed":0,"gold_gain":0,"player_choice":"Card Removal","damage_taken":7,"max_hp_gain":0,"max_hp_loss":0,"event_name":"Golden Wing","floor":10,"gold_loss":0},{"damage_healed":0,"gold_gain":0,"cards_transformed":["Strike_G"],"player_choice":"Transformed","damage_taken":0,"max_hp_gain":0,"max_hp_loss":0,"event_name":"Transmorgrifier","floor":12,"gold_loss":0,"cards_obtained":["Crippling Poison"]},{"damage_healed":0,"gold_gain":0,"player_choice":"Ignored","damage_taken":0,"max_hp_gain":0,"max_hp_loss":0,"event_name":"Liars Game","floor":13,"gold_loss":0}],"is_beta":false,"boss_relics":[],"items_purged_floors":[5],"is_endless":false,"potions_floor_spawned":[3,14],"killed_by":"Hexaghost","ascension_level":3}