{"gold_per_floor":[111,32,32,32,9,44,44,44,44,62,79,109,125,50,50,149,149,168,168,13,31,31,60,60,89,89,99,110,110],"floor_reached":29,"playtime":1101,"items_purged":["Decay"],"score":325,"play_id":"10f14b5a-b482-4da8-9886-cb8f8514d3a1","local_time":"20180930175440","is_ascension_mode":true,"campfire_choices":[{"floor":7,"key":"REST"},{"floor":15,"key":"REST"},{"data":"Bandage Up","floor":24,"key":"SMITH"}],"neow_cost":"NONE","seed_source_timestamp":1469051615224679,"circlet_count":0,"master_deck":["Strike_R","Strike_R","Strike_R","Strike_R","Strike_R","Defend_R","Defend_R","Defend_R","Bash","Flame Barrier","Perfected Strike","Uppercut","Shrug It Off","True Grit","Flex","Wild Strike","Perfected Strike","Impervious","Warcry","Wild Strike","Bandage Up+1","Shrug It Off","Body Slam+1","Whirlwind","Evolve","Armaments+1","Inflame"],"special_seed":0,"relics":["Burning Blood","Shuriken","Magic Flower","Ice Cream","Happy Flower","Mark of Pain","Toxic Egg 2","Centennial Puzzle","Oddly Smooth Stone"],"potions_floor_usage":[16,23,27],"damage_taken":[{"damage":0.0,"enemies":"Small Slimes","floor":1.0,"turns":5.0},{"damage":57,"enemies":"3 Sentries","floor":6,"turns":11},{"damage":2,"enemies":"Jaw Worm","floor":10,"turns":3},{"damage":0,"enemies":"Cultist","floor":11,"turns":3},{"damage":28,"enemies":"Gremlin Nob","floor":12,"turns":5},{"damage":22,"enemies":"Exordium Wildlife","floor":13,"turns":5},{"damage":19,"enemies":"Hexaghost","floor":16,"turns":9},{"damage":0,"enemies":"3 Byrds","floor":18,"turns":3},{"damage":12,"enemies":"Shell Parasite","floor":21,"turns":5},{"damage":27,"enemies":"Slavers","floor":23,"turns":6},{"damage":55,"enemies":"Book of Stabbing","floor":25,"turns":6},{"damage":20,"enemies":"Centurion and Healer","floor":27,"turns":5},{"damage":16,"enemies":"Snake Plant","floor":28,"turns":3},{"damage":24,"enemies":"Chosen and Byrds","floor":29,"turns":4}],"seed_played":"-3179486420865981259","potions_obtained":[{"floor":6,"key":"FearPotion"},{"floor":18,"key":"SkillPotion"},{"floor":21,"key":"EssenceOfSteel"}],"is_trial":false,"path_per_floor":["M","$","?","?","$","E","R","?","T","M","M","E","M","$","R","B",null,"M","?","$","M","?","E","R","E","T","M","M"],"character_chosen":"IRONCLAD","items_purchased":["Uppercut","Shrug It Off","Bandage Up","Shrug It Off"],"campfire_rested":2,"item_purchase_floors":[2,5,20,20],"current_hp_per_floor":[80,80,73,73,73,22,46,46,46,53,62,43,30,30,54,44,80,80,80,80,80,80,68,68,31,31,29,22,0],"gold":110,"neow_bonus":"THREE_CARDS","is_prod":false,"is_daily":false,"chose_seed":false,"campfire_upgraded":1,"win_rate":0,"timestamp":1538351680,"path_taken":["M","$","?","?","$","E","R","?","T","?","?","E","?","$","R","BOSS","M","?","$","M","?","E","R","E","T","M","?","?"],"build_version":"2018-09-27","purchased_purges":1,"victory":false,"max_hp_per_floor":[80,80,80,80,80,80,80,80,80,80,80,80,80,80,80,80,80,80,80,80,80,80,80,80,80,80,80,80,80],"card_choices":[{"not_picked":["Shockwave","Bloodletting"],"picked":"Flame Barrier","floor":0.0},{"not_picked":["Headbutt","Clash"],"picked":"Perfected Strike","floor":1.0},{"not_picked":["Heavy Blade","Corruption"],"picked":"True Grit","floor":6},{"not_picked":["Headbutt","Sever Soul"],"picked":"Flex","floor":10},{"not_picked":["Spot Weakness","Armaments"],"picked":"Wild Strike","floor":11},{"not_picked":["Clothesline","Whirlwind","Sword Boomerang"],"picked":"SKIP","floor":12},{"not_picked":["Clothesline","Shrug It Off"],"picked":"Perfected Strike","floor":13},{"not_picked":["Juggernaut","Brutality"],"picked":"Impervious","floor":16},{"not_picked":["Pommel Strike","Twin Strike+1"],"picked":"Warcry","floor":18},{"not_picked":["True Grit","Thunderclap"],"picked":"Body Slam+1","floor":21},{"not_picked":["Fiend Fire","Thunderclap"],"picked":"Whirlwind","floor":23},{"not_picked":["Whirlwind","Pommel Strike"],"picked":"Evolve","floor":25},{"not_picked":["Warcry+1","Rampage"],"picked":"Armaments+1","floor":27},{"not_picked":["Wild Strike","Warcry+1"],"picked":"Inflame","floor":28}],"player_experience":654499,"relics_obtained":[{"floor":6,"key":"Magic Flower"},{"floor":9,"key":"Ice Cream"},{"floor":12,"key":"Happy Flower"},{"floor":23,"key":"Toxic Egg 2"},{"floor":25,"key":"Centennial Puzzle"},{"floor":26,"key":"Oddly Smooth Stone"}],"event_choices":[{"event_name":"Scrap Ooze","player_choice":"success","floor":3.0,"damage_taken":7.0},{"event_name":"Bonfire Elementals","player_choice":"BASIC","floor":4,"damage_taken":0},{"event_name":"Wheel of Change","player_choice":"Curse","floor":8,"damage_taken":0},{"event_name":"The Library","player_choice":"Read","floor":19,"damage_taken":0},{"event_name":"Ghosts","player_choice":"Ignored","floor":22,"damage_taken":0}],"is_beta":false,"boss_relics":[{"not_picked":["Orrery","Eternal Feather"],"picked":"Mark of Pain"}],"items_purged_floors":[14],"is_endless":false,"potions_floor_spawned":[6,18,21],"killed_by":"Chosen and Byrds","ascension_level":4}