{"gold_per_floor":[119,134,149,149,161,194,194,211,236,250,250],"floor_reached":11,"playtime":276,"items_purged":[],"score":89,"play_id":"8c674898-8fd2-41b1-a292-5dd97e3b25ea","local_time":"20181008234518","is_ascension_mode":true,"campfire_choices":[],"neow_cost":"CURSE","seed_source_timestamp":35607258259636,"circlet_count":0,"master_deck":["Strike_B","Strike_B","Strike_B","Strike_B+1","Defend_B","Defend_B+1","Defend_B","Defend_B","Zap","Dualcast","Writhe","Melter","BootSequence","Hologram","Decay","Skim","Defragment","Storm","Ball Lightning"],"relics":["Cracked Core","Dead Branch","Sundial","Lantern"],"potions_floor_usage":[6],"damage_taken":[{"damage":1,"enemies":"Cultist","floor":1,"turns":3},{"damage":7,"enemies":"Jaw Worm","floor":2,"turns":2},{"damage":0,"enemies":"2 Louse","floor":3,"turns":1},{"damage":6,"enemies":"Red Slaver","floor":5,"turns":3},{"damage":20,"enemies":"Gremlin Nob","floor":6,"turns":3},{"damage":6,"enemies":"Exordium Wildlife","floor":8,"turns":3},{"damage":10,"enemies":"Blue Slaver","floor":10,"turns":3},{"damage":15,"enemies":"2 Fungi Beasts","floor":11,"turns":2}],"seed_played":"-5688635577749699912","potions_obtained":[{"floor":2,"key":"Regen Potion"},{"floor":3,"key":"Strength Potion"},{"floor":5,"key":"Dexterity Potion"}],"is_trial":false,"path_per_floor":["M","M","M","?","M","E","?","M","T","M"],"character_chosen":"DEFECT","items_purchased":[],"campfire_rested":0,"item_purchase_floors":[],"current_hp_per_floor":[74,67,67,67,61,41,26,20,20,10,0],"gold":250,"neow_bonus":"ONE_RARE_RELIC","is_prod":false,"is_daily":false,"chose_seed":false,"campfire_upgraded":0,"win_rate":0,"timestamp":1539056718,"path_taken":["M","M","?","?","?","E","?","M","T","M","M"],"build_version":"2018-10-04","purchased_purges":0,"victory":false,"max_hp_per_floor":[75,75,75,75,75,75,75,75,75,75,75],"card_choices":[{"not_picked":["Hologram","Go for the Eyes"],"picked":"Melter","floor":1},{"not_picked":["Redo","Hello World"],"picked":"BootSequence","floor":2},{"not_picked":["Reprogram","Compile Driver"],"picked":"Hologram","floor":3},{"not_picked":["Conserve Battery","FTL"],"picked":"Skim","floor":5},{"not_picked":["Self Repair","Barrage"],"picked":"Defragment","floor":6},{"not_picked":["Streamline","Turbo"],"picked":"Storm","floor":8},{"not_picked":["Gash","Streamline"],"picked":"Ball Lightning","floor":10}],"player_experience":322312,"relics_obtained":[{"floor":6,"key":"Sundial"},{"floor":9,"key":"Lantern"}],"event_choices":[{"event_name":"Wheel of Change","player_choice":"Curse","floor":4,"damage_taken":0},{"event_name":"Shining Light","player_choice":"Entered Light","floor":7,"damage_taken":0}],"is_beta":true,"boss_relics":[],"items_purged_floors":[],"is_endless":false,"potions_floor_spawned":[2,3,5],"killed_by":"2 Fungi Beasts","ascension_level":3}