{"gold_per_floor":[363,377,42,54,69,96,96,96,96,121,121,154,154,154,154,227,227,237,255,268,263,29,29,61,61,88,138,138,166,166,193,193,193],"floor_reached":33,"playtime":1376,"items_purged":[],"score":542,"play_id":"4e540723-c39c-41ad-b053-b515707b6681","local_time":"20190406230424","is_ascension_mode":true,"campfire_choices":[{"data":"Defragment","floor":7,"key":"SMITH"},{"data":"Zap","floor":13,"key":"SMITH"},{"floor":15,"key":"REST"},{"data":"Electrodynamics","floor":23,"key":"SMITH"},{"data":"Compile Driver","floor":25,"key":"SMITH"},{"floor":28,"key":"REST"},{"data":"Darkness","floor":30,"key":"SMITH"},{"data":"Consume","floor":32,"key":"SMITH"}],"neow_cost":"PERCENT_DAMAGE","seed_source_timestamp":1898799594527216,"circlet_count":0,"master_deck":["AscendersBane","Strike_B+1","Strike_B","Strike_B","Strike_B","Defend_B","Defend_B","Defend_B","Defend_B","Zap+1","Dualcast","Compile Driver+1","Doom and Gloom+1","Defragment+1","Ball Lightning","Cold Snap","Static Discharge","Darkness+1","Cold Snap","Electrodynamics+1","Chill","Ball Lightning","RitualDagger","Consume+1"],"relics":["Cracked Core","Meat on the Bone","Smiling Mask","Cables","PreservedInsect","Pocketwatch","Mummified Hand","Whetstone","SsserpentHead","Velvet Choker","Tiny Chest","Sling","Bottled Flame","DataDisk","Matryoshka","Anchor"],"potions_floor_usage":[33],"damage_taken":[{"damage":4,"enemies":"Small Slimes","floor":1,"turns":4},{"damage":10,"enemies":"2 Louse","floor":2,"turns":3},{"damage":1,"enemies":"Cultist","floor":4,"turns":3},{"damage":7,"enemies":"Looter","floor":5,"turns":3},{"damage":22,"enemies":"3 Sentries","floor":6,"turns":5},{"damage":16,"enemies":"Gremlin Nob","floor":10,"turns":3},{"damage":6,"enemies":"3 Sentries","floor":12,"turns":5},{"damage":11,"enemies":"Slime Boss","floor":16,"turns":5},{"damage":30,"enemies":"2 Thieves","floor":18,"turns":3},{"damage":6,"enemies":"3 Byrds","floor":19,"turns":2},{"damage":3,"enemies":"Cultist and Chosen","floor":20,"turns":4},{"damage":18,"enemies":"Book of Stabbing","floor":24,"turns":3},{"damage":12,"enemies":"Slavers","floor":29,"turns":2},{"damage":16,"enemies":"Book of Stabbing","floor":31,"turns":3},{"damage":49,"enemies":"Champ","floor":33,"turns":7}],"seed_played":"1474092532699431526","potions_obtained":[{"floor":1,"key":"SkillPotion"},{"floor":6,"key":"SkillPotion"},{"floor":12,"key":"FocusPotion"}],"is_trial":false,"path_per_floor":["?","?","?","?","?"],"character_chosen":"DEFECT","items_purchased":["Defragment","Meat on the Bone","Ball Lightning","Sling"],"campfire_rested":2,"item_purchase_floors":[3,3,22,22],"current_hp_per_floor":[42,32,32,43,36,26,26,26,26,22,15,21,21,21,42,43,64,46,40,37,37,37,37,31,31,31,25,46,46,46,42,42,0],"gold":193,"neow_bonus":"TWO_FIFTY_GOLD","is_prod":false,"is_daily":false,"chose_seed":false,"campfire_upgraded":6,"win_rate":0,"timestamp":1554606264,"path_taken":["M","M","$","M","M","E","R","?","T","E","?","E","R","?","R","BOSS","M","M","M","?","$","R","E","R","T","?","R","E","R","E","R","BOSS"],"build_version":"2019-01-23","purchased_purges":0,"victory":false,"max_hp_per_floor":[71,71,71,71,71,71,71,71,71,71,71,71,71,71,71,71,71,71,71,71,71,71,71,71,71,71,71,71,71,71,71,71,71],"card_choices":[{"not_picked":["Fusion","Go for the Eyes"],"picked":"Compile Driver","floor":1},{"not_picked":["Compile Driver","Hologram"],"picked":"Doom and Gloom","floor":2},{"not_picked":["Go for the Eyes","Leap"],"picked":"Ball Lightning","floor":4},{"not_picked":["Sweeping Beam","Heatsinks"],"picked":"Cold Snap","floor":5},{"not_picked":["Sweeping Beam","Steam"],"picked":"Static Discharge","floor":6},{"not_picked":["Aggregate","Capacitor"],"picked":"Darkness","floor":10},{"not_picked":["Steam","Stack"],"picked":"Cold Snap","floor":12},{"not_picked":["Reboot","Core Surge"],"picked":"Electrodynamics","floor":16},{"not_picked":["Lockon","Go for the Eyes","Beam Cell"],"picked":"SKIP","floor":18},{"not_picked":["Rip and Tear","Beam Cell","Barrage+1"],"picked":"SKIP","floor":19},{"not_picked":["Hologram","Redo"],"picked":"Chill","floor":20},{"not_picked":["Leap","Undo","Beam Cell"],"picked":"SKIP","floor":24},{"not_picked":["Skim","Conserve Battery","Lockon"],"picked":"SKIP","floor":29},{"not_picked":["Sunder","Double Energy"],"picked":"Consume","floor":31}],"player_experience":1578871,"relics_obtained":[{"floor":6,"key":"Smiling Mask"},{"floor":9,"key":"PreservedInsect"},{"floor":10,"key":"Pocketwatch"},{"floor":12,"key":"Whetstone"},{"floor":24,"key":"Bottled Flame"},{"floor":26,"key":"DataDisk"},{"floor":29,"key":"Matryoshka"},{"floor":31,"key":"Anchor"}],"event_choices":[{"damage_healed":0,"gold_gain":0,"player_choice":"Searched \u00271\u0027 times","damage_taken":0,"relics_obtained":["Cables"],"max_hp_gain":0,"max_hp_loss":0,"event_name":"Dead Adventurer","floor":8,"gold_loss":0},{"damage_healed":0,"gold_gain":0,"player_choice":"Success","damage_taken":7,"relics_obtained":["Mummified Hand"],"max_hp_gain":0,"max_hp_loss":0,"event_name":"Scrap Ooze","floor":11,"gold_loss":0},{"damage_healed":0,"gold_gain":0,"player_choice":"Trade","damage_taken":0,"relics_obtained":["SsserpentHead"],"max_hp_gain":0,"max_hp_loss":0,"event_name":"FaceTrader","floor":14,"gold_loss":0},{"damage_healed":0,"gold_gain":0,"player_choice":"Obtained Relic","damage_taken":0,"relics_obtained":["Tiny Chest"],"max_hp_gain":0,"max_hp_loss":0,"event_name":"Addict","floor":21,"gold_loss":85},{"damage_healed":0,"gold_gain":0,"player_choice":"Joined the Cult","damage_taken":6,"max_hp_gain":0,"max_hp_loss":0,"event_name":"Nest","floor":27,"gold_loss":0,"cards_obtained":["RitualDagger"]}],"is_beta":false,"boss_relics":[{"not_picked":["Empty Cage","Busted Crown"],"picked":"Velvet Choker"}],"items_purged_floors":[],"is_endless":false,"potions_floor_spawned":[1,6,10,12,16,24,31],"killed_by":"Champ","ascension_level":14}