{"gold_per_floor":[111,111,61,72,82,82,99,99,99,129,129,47,66,98,98,197,247,264,179,179,179,194,194,12,12,38,67,67,67],"floor_reached":29,"playtime":3550,"items_purged":["Defend_G"],"score":251,"play_id":"66bbb049-cb70-43d8-8c30-f62c1ec4b951","local_time":"20190408214748","is_ascension_mode":true,"campfire_choices":[{"data":"Tools of the Trade","floor":6,"key":"SMITH"},{"data":"Caltrops","floor":8,"key":"SMITH"},{"data":"Dodge and Roll","floor":11,"key":"SMITH"},{"floor":15,"key":"REST"},{"floor":23,"key":"REST"},{"floor":25,"key":"REST"},{"floor":28,"key":"REST"}],"neow_cost":"NONE","seed_source_timestamp":319035910994348,"circlet_count":0,"master_deck":["Defend_G","Defend_G","Defend_G","Defend_G","Strike_G","Strike_G","Strike_G","Strike_G","Survivor","Neutralize+1","Dodge and Roll+1","Caltrops+1","Tools of the Trade+1","Escape Plan+1","Blur","Backflip","Tactician","Bullet Time","Sucker Punch","Blade Dance+1","RitualDagger","Choke+1","Envenom","Tactician"],"relics":["Ring of the Snake","Pantograph","The Courier","Tiny House","Mummified Hand","PreservedInsect","Blue Candle"],"potions_floor_usage":[16,27],"damage_taken":[{"damage":2,"enemies":"2 Louse","floor":1,"turns":4},{"damage":0,"enemies":"Small Slimes","floor":4,"turns":5},{"damage":0,"enemies":"Jaw Worm","floor":5,"turns":6},{"damage":13,"enemies":"Large Slime","floor":7,"turns":9},{"damage":3,"enemies":"Red Slaver","floor":13,"turns":5},{"damage":17,"enemies":"Lagavulin","floor":14,"turns":13},{"damage":16,"enemies":"The Guardian","floor":16,"turns":16},{"damage":11,"enemies":"Chosen","floor":18,"turns":8},{"damage":30,"enemies":"Spheric Guardian","floor":22,"turns":6},{"damage":12,"enemies":"Book of Stabbing","floor":27,"turns":6},{"damage":70,"enemies":"3 Cultists","floor":29,"turns":5}],"seed_played":"-2570988937876429993","potions_obtained":[{"floor":7,"key":"PowerPotion"},{"floor":13,"key":"Swift Potion"},{"floor":17,"key":"FearPotion"},{"floor":22,"key":"Fire Potion"}],"is_trial":false,"path_per_floor":["M","?","?","M","M","R","M","R","T","?","R","$","M","E","R","B",null,"M","?","?","?","M","R","$","R","T","E","R","M"],"character_chosen":"THE_SILENT","items_purchased":["Blur","Envenom"],"campfire_rested":4,"item_purchase_floors":[12,24],"current_hp_per_floor":[68,68,68,68,68,68,55,55,55,55,55,55,52,35,56,54,75,64,64,48,42,12,34,34,56,56,44,66,0],"gold":67,"neow_bonus":"UPGRADE_CARD","is_prod":false,"is_daily":false,"chose_seed":false,"campfire_upgraded":3,"win_rate":0,"timestamp":1554778068,"path_taken":["M","?","?","M","M","R","M","R","T","?","R","$","M","E","R","BOSS","M","?","?","?","M","R","$","R","T","E","R","M"],"build_version":"2019-01-23","purchased_purges":1,"victory":false,"max_hp_per_floor":[70,70,70,70,70,70,70,70,70,70,70,70,70,70,70,70,75,75,75,75,75,75,75,75,75,75,75,75,75],"card_choices":[{"not_picked":["Outmaneuver","Sucker Punch"],"picked":"Dodge and Roll","floor":1},{"not_picked":["Distraction","Finisher"],"picked":"Caltrops","floor":4},{"not_picked":["Dodge and Roll","Distraction"],"picked":"Tools of the Trade","floor":5},{"not_picked":["Bouncing Flask","Caltrops"],"picked":"Escape Plan","floor":7},{"not_picked":["Bane","Quick Slash"],"picked":"Backflip","floor":13},{"not_picked":["Quick Slash","Flechettes"],"picked":"Tactician","floor":14},{"not_picked":["Night Terror","Phantasmal Killer"],"picked":"Bullet Time","floor":16},{"not_picked":["Dagger Throw","Leg Sweep"],"picked":"Sucker Punch","floor":17},{"not_picked":["Accuracy","Flechettes"],"picked":"Blade Dance+1","floor":18},{"not_picked":["Dodge and Roll","Backflip"],"picked":"Choke+1","floor":22},{"not_picked":["Leg Sweep+1","Skewer"],"picked":"Tactician","floor":27}],"player_experience":207811,"relics_obtained":[{"floor":9,"key":"Pantograph"},{"floor":14,"key":"The Courier"},{"floor":26,"key":"PreservedInsect"},{"floor":27,"key":"Blue Candle"}],"event_choices":[{"damage_healed":0,"gold_gain":0,"player_choice":"Ignored","damage_taken":0,"max_hp_gain":0,"max_hp_loss":0,"event_name":"Liars Game","floor":2,"gold_loss":0},{"cards_removed":["Strike_G"],"damage_healed":0,"gold_gain":0,"player_choice":"Card Removal","damage_taken":0,"max_hp_gain":0,"max_hp_loss":0,"event_name":"The Cleric","floor":3,"gold_loss":50},{"damage_healed":0,"gold_gain":30,"player_choice":"Searched \u00272\u0027 times","damage_taken":0,"max_hp_gain":0,"max_hp_loss":0,"event_name":"Dead Adventurer","floor":10,"gold_loss":0},{"damage_healed":0,"gold_gain":0,"player_choice":"Obtained Relic","damage_taken":0,"relics_obtained":["Mummified Hand"],"max_hp_gain":0,"max_hp_loss":0,"event_name":"Addict","floor":19,"gold_loss":85},{"damage_healed":0,"gold_gain":0,"player_choice":"Obtained Book","damage_taken":16,"max_hp_gain":0,"max_hp_loss":0,"event_name":"Cursed Tome","floor":20,"gold_loss":0},{"damage_healed":0,"gold_gain":0,"player_choice":"Joined the Cult","damage_taken":6,"max_hp_gain":0,"max_hp_loss":0,"event_name":"Nest","floor":21,"gold_loss":0,"cards_obtained":["RitualDagger"]}],"is_beta":false,"boss_relics":[{"not_picked":["Snecko Eye","Fusion Hammer"],"picked":"Tiny House"}],"items_purged_floors":[24],"is_endless":false,"potions_floor_spawned":[7,13,22],"killed_by":"3 Cultists","ascension_level":1}