{"gold_per_floor":[14,26,201,201,201,201,235,235,306,306,337,353,388,388,388,493,493,509,267,278,278,278,278,278,278,278,278,289,214,246,69,69,69],"floor_reached":33,"playtime":1246,"items_purged":["Doubt"],"score":342,"play_id":"a79ce420-bab3-4ca4-8b2f-db985fc131a3","local_time":"20180925004207","is_ascension_mode":true,"campfire_choices":[{"data":"Neutralize","floor":6,"key":"SMITH"},{"data":"Backflip","floor":8,"key":"SMITH"},{"data":"Survivor","floor":10,"key":"SMITH"},{"data":"Glass Knife","floor":15,"key":"SMITH"},{"data":"A Thousand Cuts","floor":23,"key":"SMITH"},{"floor":27,"key":"REST"},{"data":"Metamorphosis","floor":32,"key":"SMITH"}],"neow_cost":"NO_GOLD","seed_source_timestamp":42576426005212,"circlet_count":0,"master_deck":["Defend_G","Defend_G","Defend_G","Defend_G+1","Defend_G","Strike_G","Strike_G","Strike_G","Strike_G","Neutralize+1","After Image+1","Heel Hook","Backflip+1","Glass Knife+1","Prepared+1","A Thousand Cuts","Escape Plan","Dramatic Entrance","PiercingWail","Calculated Gamble","Grand Finale","A Thousand Cuts+1","Escape Plan","Noxious Fumes","Metamorphosis+1"],"relics":["Ring of the Snake","StoneCalendar","Gremlin Horn","Pear","Bottled Tornado","Letter Opener","Sozu","War Paint","Bottled Flame","Matryoshka","Snake Skull"],"potions_floor_usage":[7,11,13,16,20],"damage_taken":[{"damage":0,"enemies":"Cultist","floor":1,"turns":3},{"damage":3,"enemies":"Jaw Worm","floor":2,"turns":5},{"damage":8,"enemies":"Lagavulin","floor":7,"turns":7},{"damage":7,"enemies":"3 Sentries","floor":11,"turns":7},{"damage":0,"enemies":"Small Slimes","floor":12,"turns":3},{"damage":2,"enemies":"Lagavulin","floor":13,"turns":7},{"damage":18,"enemies":"The Guardian","floor":16,"turns":13},{"damage":16,"enemies":"Shell Parasite","floor":18,"turns":7},{"damage":23,"enemies":"Spheric Guardian","floor":20,"turns":6},{"damage":5,"enemies":"Colosseum Slavers","floor":22,"turns":5},{"damage":0,"enemies":"Chosen and Byrds","floor":28,"turns":6},{"damage":0,"enemies":"Gremlin Leader","floor":30,"turns":3},{"damage":66,"enemies":"Collector","floor":33,"turns":6}],"seed_played":"720706352818897007","potions_obtained":[{"floor":1,"key":"PowerPotion"},{"floor":4,"key":"SkillPotion"},{"floor":4,"key":"Regen Potion"},{"floor":11,"key":"PowerPotion"},{"floor":13,"key":"FearPotion"}],"is_trial":false,"path_per_floor":["M","M","?","?","?","R","E","R","T","R","E","M","E","T","R","B",null,"M","$","M","?","?","R","?","T","T","R","M","$","E","$","R"],"character_chosen":"THE_SILENT","items_purchased":["War Paint","Dramatic Entrance","Metamorphosis"],"campfire_rested":1,"item_purchase_floors":[19,19,31],"current_hp_per_floor":[70,67,67,67,67,67,59,59,59,59,62,62,60,60,60,42,80,64,64,55,55,50,50,35,35,35,60,60,60,60,60,60,0],"gold":69,"neow_bonus":"THREE_RARE_CARDS","is_prod":false,"is_daily":false,"chose_seed":false,"campfire_upgraded":6,"win_rate":0,"timestamp":1537850527,"path_taken":["M","?","?","?","?","R","E","R","T","R","E","?","E","?","R","BOSS","M","$","M","?","?","R","?","?","T","R","M","$","E","$","R","BOSS"],"build_version":"2018-09-20","purchased_purges":1,"victory":false,"max_hp_per_floor":[70,70,70,70,70,70,70,70,70,70,80,80,80,80,80,80,80,80,80,80,80,80,80,85,85,85,85,85,85,85,85,85,85],"card_choices":[{"not_picked":["Corpse Explosion","Doppelganger"],"picked":"After Image","floor":0},{"not_picked":["Flying Knee","Predator"],"picked":"Heel Hook","floor":1},{"not_picked":["Slice","Setup"],"picked":"Backflip","floor":2},{"not_picked":["Prepared","Caltrops","Quick Slash"],"picked":"SKIP","floor":7},{"not_picked":["Footwork","Masterful Stab"],"picked":"Glass Knife","floor":11},{"not_picked":["Reflex","Blade Dance"],"picked":"Dagger Spray","floor":12},{"not_picked":["Underhanded Strike","Poisoned Stab"],"picked":"Prepared","floor":13},{"not_picked":["Phantasmal Killer","Corpse Explosion"],"picked":"A Thousand Cuts","floor":16},{"not_picked":["Eviscerate","Dodge and Roll+1"],"picked":"Escape Plan","floor":18},{"not_picked":["Tactician","Underhanded Strike"],"picked":"PiercingWail","floor":20},{"not_picked":["Accuracy+1","PiercingWail"],"picked":"Escape Plan","floor":28},{"not_picked":["Setup","Deadly Poison+1"],"picked":"Noxious Fumes","floor":30}],"player_experience":280811,"relics_obtained":[{"floor":7,"key":"StoneCalendar"},{"floor":9,"key":"Gremlin Horn"},{"floor":11,"key":"Pear"},{"floor":13,"key":"Bottled Tornado"},{"floor":14,"key":"Letter Opener"},{"floor":25,"key":"Bottled Flame"},{"floor":26,"key":"Matryoshka"},{"floor":30,"key":"Snake Skull"}],"event_choices":[{"event_name":"Liars Game","player_choice":"agreed","floor":3,"damage_taken":0},{"event_name":"The Lab","player_choice":"Got Potions","floor":4,"damage_taken":0},{"event_name":"Upgrade Shrine","player_choice":"Upgraded","floor":5,"damage_taken":0},{"event_name":"Drug Dealer","player_choice":"Became Test Subject","floor":21,"damage_taken":0},{"event_name":"Colosseum","player_choice":"Fight","floor":22,"damage_taken":0},{"event_name":"Colosseum","player_choice":"Fled From Nobs","floor":22,"damage_taken":0},{"event_name":"Forgotten Altar","player_choice":"Shed Blood","floor":24,"damage_taken":0}],"is_beta":true,"boss_relics":[{"not_picked":["Orrery","Empty Cage"],"picked":"Sozu"}],"items_purged_floors":[29],"is_endless":false,"potions_floor_spawned":[1,11,13,20,22],"killed_by":"Collector","ascension_level":1}