{"gold_per_floor":[118,131,148,165,4,35,35,55,81,127,153,165,209,240,252,339,351,375,277,269,291,321,333,345],"floor_reached":24,"playtime":1588,"items_purged":[],"score":389,"play_id":"ae121a02-2af6-4621-9e1c-b3e7769fdfea","local_time":"20190405142946","is_ascension_mode":true,"campfire_choices":[{"data":"Uppercut","floor":15,"key":"SMITH"},{"floor":23,"key":"REST"}],"neow_cost":"NONE","seed_source_timestamp":1781310143094708,"circlet_count":0,"master_deck":["AscendersBane","Strike_R","Strike_R","Strike_R","Strike_R","Defend_R","Defend_R","Defend_R+1","Defend_R","Bash","Shrug It Off","Pommel Strike","Uppercut+1","Pummel","Combust","Clothesline","Demon Form","Shrug It Off","Twin Strike","Shrug It Off","Juggernaut","Feel No Pain"],"relics":["Burning Blood","Pear","MawBank","Bronze Scales","Smiling Mask","Busted Crown"],"potions_floor_usage":[13,22],"damage_taken":[{"damage":4,"enemies":"Jaw Worm","floor":1,"turns":4},{"damage":1,"enemies":"Cultist","floor":2,"turns":3},{"damage":0,"enemies":"2 Louse","floor":3,"turns":3},{"damage":7,"enemies":"Gremlin Gang","floor":4,"turns":8},{"damage":42,"enemies":"Lagavulin","floor":6,"turns":10},{"damage":8,"enemies":"Large Slime","floor":8,"turns":6},{"damage":40,"enemies":"3 Sentries","floor":10,"turns":8},{"damage":3,"enemies":"Blue Slaver","floor":11,"turns":5},{"damage":21,"enemies":"Gremlin Nob","floor":13,"turns":5},{"damage":7,"enemies":"2 Fungi Beasts","floor":14,"turns":4},{"damage":12,"enemies":"Hexaghost","floor":16,"turns":9},{"damage":20,"enemies":"Shell Parasite","floor":18,"turns":5},{"damage":9,"enemies":"2 Thieves","floor":20,"turns":4},{"damage":24,"enemies":"Snake Plant","floor":21,"turns":4},{"damage":28,"enemies":"Chosen and Byrds","floor":22,"turns":6},{"damage":61,"enemies":"Masked Bandits","floor":24,"turns":5}],"seed_played":"5710560767221671611","potions_obtained":[{"floor":2,"key":"LiquidBronze"},{"floor":6,"key":"EssenceOfSteel"},{"floor":13,"key":"Strength Potion"}],"is_trial":false,"path_per_floor":["?","M","?","?","M","?"],"character_chosen":"IRONCLAD","items_purchased":["Combust","Clothesline","Hemokinesis"],"campfire_rested":1,"item_purchase_floors":[5,5,5],"current_hp_per_floor":[77,82,82,81,81,55,92,90,90,56,59,59,44,43,43,37,78,64,64,61,43,21,48,0],"gold":345,"neow_bonus":"TEN_PERCENT_HP_BONUS","is_prod":false,"is_daily":false,"chose_seed":false,"campfire_upgraded":1,"win_rate":0,"timestamp":1554488986,"path_taken":["M","M","M","M","$","E","?","M","T","E","?","?","E","M","R","BOSS","M","?","M","M","?","R","?"],"build_version":"2019-01-23","purchased_purges":0,"victory":false,"max_hp_per_floor":[82,82,82,82,82,92,92,92,92,92,92,92,92,92,92,92,92,92,92,92,92,92,92,92],"card_choices":[{"not_picked":["Clash","Headbutt"],"picked":"Shrug It Off","floor":1},{"not_picked":["Shrug It Off","Wild Strike"],"picked":"Pommel Strike","floor":2},{"not_picked":["Wild Strike","Thunderclap"],"picked":"Uppercut","floor":3},{"not_picked":["Barricade","Twin Strike"],"picked":"Pummel","floor":4},{"not_picked":["Wild Strike","Armaments"],"picked":"Demon Form","floor":6},{"not_picked":["Infernal Blade","Rupture"],"picked":"Shrug It Off","floor":8},{"not_picked":["Twin Strike","Spot Weakness","Warcry"],"picked":"SKIP","floor":10},{"not_picked":["Headbutt","Intimidate"],"picked":"Twin Strike","floor":11},{"not_picked":["Inflame","Brutality"],"picked":"Shrug It Off","floor":13},{"not_picked":["Combust","Clash","Sword Boomerang"],"picked":"SKIP","floor":14},{"not_picked":["Bludgeon","Double Tap"],"picked":"Juggernaut","floor":16},{"not_picked":["Twin Strike"],"picked":"SKIP","floor":18},{"not_picked":["Body Slam"],"picked":"SKIP","floor":20},{"not_picked":["Infernal Blade"],"picked":"SKIP","floor":21},{"not_picked":[],"picked":"Feel No Pain","floor":22}],"player_experience":1509693,"relics_obtained":[{"floor":6,"key":"Pear"},{"floor":9,"key":"MawBank"},{"floor":10,"key":"Bronze Scales"},{"floor":13,"key":"Smiling Mask"}],"event_choices":[{"cards_removed":["Hemokinesis"],"damage_healed":37,"gold_gain":0,"player_choice":"Offered Uncommon","damage_taken":0,"max_hp_gain":0,"max_hp_loss":0,"event_name":"Bonfire Elementals","floor":7,"gold_loss":0},{"damage_healed":0,"gold_gain":0,"player_choice":"Ignored","damage_taken":0,"max_hp_gain":0,"max_hp_loss":0,"event_name":"Liars Game","floor":12,"gold_loss":0},{"cards_removed":["Strike_R"],"damage_healed":0,"gold_gain":0,"player_choice":"Upgrade and Remove","damage_taken":0,"max_hp_gain":0,"max_hp_loss":0,"event_name":"Designer","floor":19,"gold_loss":110,"cards_upgraded":["Defend_R"]},{"damage_healed":0,"gold_gain":0,"player_choice":"Fought Bandits","damage_taken":0,"max_hp_gain":0,"max_hp_loss":0,"event_name":"Masked Bandits","floor":24,"gold_loss":0}],"is_beta":false,"boss_relics":[{"not_picked":["Runic Dome","Empty Cage"],"picked":"Busted Crown"}],"items_purged_floors":[],"is_endless":false,"potions_floor_spawned":[2,6,8,13,14,18],"killed_by":"Masked Bandits","ascension_level":15}