{"gold_per_floor":[118,131,131,131,8,38,48,48,96,96,108,128,159,177,177,276,276,292,207,179,179],"floor_reached":21,"playtime":1543,"items_purged":[],"score":216,"play_id":"8c0cb88b-84a6-4725-acbf-a93b87d41161","local_time":"20180801094753","is_ascension_mode":false,"campfire_choices":[{"data":"Terror","floor":8.0,"key":"SMITH"},{"floor":10.0,"key":"REST"},{"data":"Cloak And Dagger","floor":15.0,"key":"SMITH"}],"neow_cost":"NONE","seed_source_timestamp":0,"circlet_count":0,"master_deck":["Defend_G","Defend_G","Defend_G","Defend_G","Defend_G","Strike_G+1","Strike_G","Strike_G","Strike_G","Survivor","Neutralize","Leg Sweep","Sucker Punch","Cloak And Dagger+1","Cloak And Dagger","Noxious Fumes","Cloak And Dagger","Terror+1","Flechettes","Cloak And Dagger+1","Finisher","Deflect","A Thousand Cuts","Masterful Stab","Cloak And Dagger"],"special_seed":0,"relics":["Ring of the Snake","Orichalcum","Happy Flower","Lantern","Boot","HoveringKite","Omamori"],"potions_floor_usage":[21],"damage_taken":[{"damage":0.0,"enemies":"Small Slimes","floor":1.0,"turns":7.0},{"damage":0.0,"enemies":"2 Louse","floor":2.0,"turns":4.0},{"damage":8.0,"enemies":"3 Sentries","floor":6.0,"turns":8.0},{"damage":2.0,"enemies":"Jaw Worm","floor":7.0,"turns":4.0},{"damage":0.0,"enemies":"Looter","floor":11.0,"turns":3.0},{"damage":0.0,"enemies":"Exordium Thugs","floor":12.0,"turns":4.0},{"damage":3.0,"enemies":"Lagavulin","floor":13.0,"turns":6.0},{"damage":0.0,"enemies":"Gremlin Gang","floor":14.0,"turns":3.0},{"damage":8.0,"enemies":"The Guardian","floor":16.0,"turns":14.0},{"damage":7.0,"enemies":"Shell Parasite","floor":18.0,"turns":6.0},{"damage":22,"enemies":"2 Thieves","floor":20,"turns":5},{"damage":41,"floor":21,"turns":4}],"seed_played":"2831338429987044998","potions_obtained":[{"floor":2.0,"key":"Regen Potion"},{"floor":11.0,"key":"Dexterity Potion"},{"floor":14.0,"key":"Poison Potion"},{"floor":16.0,"key":"SpeedPotion"},{"floor":18.0,"key":"EssenceOfSteel"}],"is_trial":false,"path_per_floor":["M","M","?","?","$","E","M","R","T","R","M","M","E","M","R","B",null,"M","?","M"],"character_chosen":"THE_SILENT","items_purchased":["Cloak And Dagger","Noxious Fumes"],"campfire_rested":1,"item_purchase_floors":[5,5],"current_hp_per_floor":[70,70,56,44,44,51,49,49,49,70,70,70,67,67,67,59,70,63,63,41,0],"gold":179,"neow_bonus":"TRANSFORM_CARD","is_prod":false,"is_daily":false,"chose_seed":false,"campfire_upgraded":2,"win_rate":0.0,"timestamp":1533138473,"path_taken":["M","M","?","?","$","E","M","R","T","R","M","?","E","?","R","BOSS","M","?","M","?"],"build_version":"2018-07-26","purchased_purges":0,"victory":false,"max_hp_per_floor":[70,70,70,70,70,70,70,70,70,70,70,70,70,70,70,70,70,70,70,70,70],"card_choices":[{"not_picked":["Backflip","Underhanded Strike"],"picked":"Sucker Punch","floor":1.0},{"not_picked":["Noxious Fumes","Dash"],"picked":"Cloak And Dagger","floor":2.0},{"not_picked":["Blur","Flying Knee"],"picked":"Cloak And Dagger","floor":6.0},{"not_picked":["Escape Plan","Finisher"],"picked":"Terror","floor":7.0},{"not_picked":["Expertise","Sucker Punch"],"picked":"Flechettes","floor":11.0},{"not_picked":["Endless Agony","Outmaneuver"],"picked":"Cloak And Dagger","floor":12.0},{"not_picked":["Quick Slash","Escape Plan"],"picked":"Finisher","floor":13.0},{"not_picked":["Distraction","Deadly Poison"],"picked":"Deflect","floor":14.0},{"not_picked":["Unload","Doppelganger"],"picked":"A Thousand Cuts","floor":16.0},{"not_picked":["Well Laid Plans","Flying Knee"],"picked":"Masterful Stab","floor":18.0},{"not_picked":["Deadly Poison","Sucker Punch+1"],"picked":"Cloak And Dagger","floor":20}],"player_experience":141257,"relics_obtained":[{"floor":6.0,"key":"Happy Flower"},{"floor":9.0,"key":"Lantern"},{"floor":13.0,"key":"Boot"}],"event_choices":[{"event_name":"Shining Light","player_choice":"Entered Light","floor":3.0,"damage_taken":0.0},{"event_name":"Scrap Ooze","player_choice":"success","floor":4.0,"damage_taken":12.0},{"event_name":"Addict","player_choice":"Obtained Relic","floor":19,"damage_taken":0},{"event_name":"Masked Bandits","player_choice":"Fought over 179 gold","floor":21,"damage_taken":0}],"is_beta":false,"boss_relics":[{"not_picked":["Sozu","Fusion Hammer"],"picked":"HoveringKite"}],"items_purged_floors":[],"is_endless":false,"potions_floor_spawned":[2,11,14,16,18],"ascension_level":0}