{"gold_per_floor":[115,13,188,198,198,226,226,260,287,287,96,119,146,121,133,247,259,289,301,326,338,350,362,374],"floor_reached":24,"playtime":2963,"items_purged":[],"score":208,"play_id":"60ae3fe7-7f1c-46a8-b088-7833e50fb64c","local_time":"20181025181237","is_ascension_mode":false,"campfire_choices":[{"data":"Footwork","floor":7,"key":"SMITH"},{"floor":10,"key":"REST"},{"floor":15,"key":"REST"},{"data":"Accuracy","floor":23,"key":"SMITH"}],"neow_cost":"NONE","seed_source_timestamp":1295485611127178,"circlet_count":0,"master_deck":["Defend_G","Defend_G","Defend_G","Defend_G","Defend_G","Strike_G","Strike_G","Strike_G","Strike_G","Strike_G","Survivor","Neutralize","Finisher","Prepared","Tactician","Dagger Throw","Quick Slash","Footwork+1","Accuracy+1","Terror","Prepared","Blade Dance","Accuracy","Night Terror","Sucker Punch","Blade Dance","Dodge and Roll"],"relics":["Ring of the Snake","Omamori","FossilizedHelix","Strawberry","Odd Mushroom","MawBank","Eternal Feather"],"potions_floor_usage":[12,24],"damage_taken":[{"damage":0,"enemies":"Jaw Worm","floor":1,"turns":4},{"damage":1,"enemies":"2 Louse","floor":4,"turns":3},{"damage":25,"enemies":"Lagavulin","floor":6,"turns":9},{"damage":38,"enemies":"3 Sentries","floor":8,"turns":11},{"damage":10,"enemies":"The Mushroom Lair","floor":12,"turns":7},{"damage":13,"enemies":"Lagavulin","floor":13,"turns":6},{"damage":31,"enemies":"Slime Boss","floor":16,"turns":15},{"damage":22,"enemies":"Shell Parasite","floor":18,"turns":7},{"damage":47,"enemies":"Spheric Guardian","floor":20,"turns":6},{"damage":24,"enemies":"Cultist and Chosen","floor":24,"turns":8}],"seed_played":"2930035805015758547","potions_obtained":[{"floor":12,"key":"GhostInAJar"},{"floor":13,"key":"SkillPotion"},{"floor":20,"key":"Energy Potion"}],"is_trial":false,"path_per_floor":["M","$","?","M","?","E","R","E","T","R","$","?","E","?","R","B",null,"M","?","M","?","?","R"],"character_chosen":"THE_SILENT","items_purchased":["Tactician","Dagger Throw","EssenceOfSteel","Terror","Prepared"],"campfire_rested":2,"item_purchase_floors":[2,2,11,11,11],"current_hp_per_floor":[70,70,70,69,70,45,45,7,14,37,37,27,14,14,37,6,77,55,55,8,8,8,23,0],"gold":374,"neow_bonus":"THREE_CARDS","is_prod":false,"is_daily":false,"chose_seed":false,"campfire_upgraded":2,"win_rate":0,"timestamp":1540512757,"path_taken":["M","$","?","M","?","E","R","E","T","R","$","?","E","?","R","BOSS","M","?","?","?","?","R","M"],"build_version":"2018-10-25","purchased_purges":0,"victory":false,"max_hp_per_floor":[70,70,70,70,70,70,70,70,77,77,77,77,77,77,77,77,77,77,77,77,77,77,77,77],"card_choices":[{"not_picked":["PiercingWail","Prepared"],"picked":"Finisher","floor":0},{"not_picked":["Sucker Punch","PiercingWail"],"picked":"Prepared","floor":1},{"not_picked":["Accuracy","Flechettes"],"picked":"Quick Slash","floor":4},{"not_picked":["Outmaneuver","Cloak And Dagger"],"picked":"Footwork","floor":6},{"not_picked":["Deflect","Outmaneuver"],"picked":"Accuracy","floor":8},{"not_picked":["Dagger Throw","Riddle With Holes"],"picked":"Blade Dance","floor":12},{"not_picked":["Tactician","Backflip"],"picked":"Accuracy","floor":13},{"not_picked":["Tools of the Trade","Grand Finale"],"picked":"Night Terror","floor":16},{"not_picked":["Dagger Spray","Deadly Poison"],"picked":"Sucker Punch","floor":18},{"not_picked":["Reflex","Footwork"],"picked":"Dodge and Roll","floor":20}],"player_experience":837576,"relics_obtained":[{"floor":6,"key":"Omamori"},{"floor":8,"key":"FossilizedHelix"},{"floor":9,"key":"Strawberry"},{"floor":12,"key":"Odd Mushroom"},{"floor":13,"key":"MawBank"}],"event_choices":[{"damage_healed":0,"gold_gain":175,"player_choice":"AGREE","damage_taken":0,"max_hp_gain":0,"max_hp_loss":0,"event_name":"Liars Game","floor":3,"gold_loss":0,"cards_obtained":["Doubt"]},{"damage_healed":1,"gold_gain":0,"player_choice":"Full Heal","damage_taken":0,"max_hp_gain":0,"max_hp_loss":0,"event_name":"Wheel of Change","floor":5,"gold_loss":0},{"damage_healed":0,"gold_gain":0,"player_choice":"Fought Mushrooms","damage_taken":0,"max_hp_gain":0,"max_hp_loss":0,"event_name":"Mushrooms","floor":12,"gold_loss":0},{"damage_healed":0,"gold_gain":0,"player_choice":"Left Gold","damage_taken":0,"max_hp_gain":0,"max_hp_loss":0,"event_name":"World of Goop","floor":14,"gold_loss":37},{"damage_healed":0,"gold_gain":0,"player_choice":"Read","damage_taken":0,"max_hp_gain":0,"max_hp_loss":0,"event_name":"The Library","floor":19,"gold_loss":0,"cards_obtained":["Blade Dance"]},{"cards_removed":["Doubt"],"damage_healed":0,"gold_gain":0,"player_choice":"Removed Curses","damage_taken":0,"max_hp_gain":0,"max_hp_loss":0,"event_name":"Fountain of Cleansing","floor":21,"gold_loss":0},{"damage_healed":0,"gold_gain":0,"player_choice":"Ignored","damage_taken":0,"max_hp_gain":0,"max_hp_loss":0,"event_name":"Cursed Tome","floor":22,"gold_loss":0}],"is_beta":false,"boss_relics":[{"not_picked":["Snecko Eye","Busted Crown"],"picked":"Eternal Feather"}],"items_purged_floors":[],"is_endless":false,"potions_floor_spawned":[12,13,20],"killed_by":"Cultist and Chosen","ascension_level":0}