{"gold_per_floor":[111,122,122,72,82,82,82,157,183,201,226,239,274,297,297,401,401,418,418,50,69,121,147,147,179,205,205,236,236,255,266,266,365,415],"floor_reached":34,"playtime":1572,"items_purged":["Defend_R"],"score":443,"play_id":"de300e79-21e6-40bd-bf1f-e84a9e44173e","local_time":"20190315175634","is_ascension_mode":false,"campfire_choices":[{"data":"Clash","floor":6,"key":"SMITH"},{"data":"Iron Wave","floor":15,"key":"SMITH"},{"data":"Cleave","floor":24,"key":"SMITH"},{"data":"Twin Strike","floor":27,"key":"SMITH"},{"data":"Clash","floor":32,"key":"SMITH"}],"neow_cost":"NONE","seed_source_timestamp":193032179199337,"circlet_count":0,"master_deck":["Strike_R","Strike_R","Strike_R+1","Strike_R","Strike_R","Defend_R","Defend_R","Bash","Clash+1","Cleave+1","Clash+1","Reaper","Iron Wave+1","Twin Strike+1","Clash","Warcry+1","Limit Break+1","Clash+1","Clash"],"relics":["Black Blood","Ornamental Fan","Pen Nib","Bird Faced Urn","Bronze Scales","Odd Mushroom","GremlinMask","Shuriken","PreservedInsect","Toxic Egg 2","Meat on the Bone","Blood Vial","Unceasing Top","Tiny House"],"potions_floor_usage":[14,16,16,33,33],"damage_taken":[{"damage":1,"enemies":"Jaw Worm","floor":1,"turns":5},{"damage":2,"enemies":"2 Louse","floor":2,"turns":3},{"damage":0,"enemies":"Small Slimes","floor":5,"turns":3},{"damage":3,"enemies":"3 Louse","floor":10,"turns":4},{"damage":43,"enemies":"3 Sentries","floor":11,"turns":10},{"damage":6,"enemies":"Looter","floor":12,"turns":2},{"damage":21,"enemies":"Lagavulin","floor":13,"turns":5},{"damage":6,"enemies":"The Mushroom Lair","floor":14,"turns":3},{"damage":37,"enemies":"The Guardian","floor":16,"turns":9},{"damage":14,"enemies":"2 Thieves","floor":18,"turns":4},{"damage":6,"enemies":"Shell Parasite","floor":21,"turns":3},{"damage":30,"enemies":"Book of Stabbing","floor":23,"turns":4},{"damage":14,"enemies":"Gremlin Leader","floor":25,"turns":3},{"damage":22,"enemies":"Slavers","floor":28,"turns":4},{"damage":6,"enemies":"Chosen and Byrds","floor":30,"turns":4},{"damage":13,"enemies":"Sentry and Sphere","floor":31,"turns":3},{"damage":39,"enemies":"Automaton","floor":33,"turns":6}],"seed_played":"-322312124075041046","potions_obtained":[{"floor":1,"key":"LiquidBronze"},{"floor":2,"key":"PowerPotion"},{"floor":12,"key":"SkillPotion"},{"floor":13,"key":"BloodPotion"},{"floor":21,"key":"AttackPotion"},{"floor":25,"key":"Poison Potion"},{"floor":30,"key":"Fire Potion"},{"floor":31,"key":"Fire Potion"},{"floor":33,"key":"Ancient Potion"},{"floor":34,"key":"Explosive Potion"}],"is_trial":false,"path_per_floor":["?","?","?","?","?","?","$","M","T","?","M"],"character_chosen":"IRONCLAD","items_purchased":["Shuriken","Clash"],"campfire_rested":0,"item_purchase_floors":[20,20],"current_hp_per_floor":[80,80,68,68,74,74,74,63,63,66,29,29,14,34,34,9,80,76,76,76,80,80,65,65,61,61,61,57,57,63,62,62,51,85],"gold":415,"neow_bonus":"ONE_RANDOM_RARE_CARD","is_prod":false,"is_daily":false,"chose_seed":false,"campfire_upgraded":5,"win_rate":0,"timestamp":1552686994,"path_taken":["M","M","?","?","M","R","?","?","T","M","E","M","E","?","R","BOSS","M","?","?","?","?","E","R","E","T","R","E","?","M","?","R","BOSS"],"build_version":"2019-01-23","purchased_purges":1,"victory":false,"max_hp_per_floor":[80,80,80,80,80,80,80,80,80,80,80,80,80,80,80,80,80,80,80,80,80,80,80,80,80,80,80,80,80,80,80,80,80,85],"card_choices":[{"not_picked":["Entrench","Body Slam"],"picked":"Metallicize","floor":1},{"not_picked":["Pommel Strike","Pummel"],"picked":"Clash","floor":2},{"not_picked":["Feel No Pain","Havoc","Sever Soul"],"picked":"SKIP","floor":5},{"not_picked":["Armaments","Blood for Blood","Anger"],"picked":"SKIP","floor":10},{"not_picked":["Ghostly Armor","Exhume"],"picked":"Cleave","floor":11},{"not_picked":["Wild Strike","Body Slam"],"picked":"Clash","floor":12},{"not_picked":["Entrench","Thunderclap"],"picked":"Reaper","floor":13},{"not_picked":["Flex","Uppercut"],"picked":"Iron Wave","floor":14},{"not_picked":["Anger","Havoc"],"picked":"Twin Strike","floor":18},{"not_picked":["Shockwave","Sword Boomerang","Perfected Strike"],"picked":"SKIP","floor":21},{"not_picked":["Infernal Blade","Wild Strike+1","Entrench"],"picked":"SKIP","floor":23},{"not_picked":["Disarm+1","Thunderclap"],"picked":"Warcry+1","floor":25},{"not_picked":["Berserk","Rupture","Power Through+1"],"picked":"SKIP","floor":28},{"not_picked":["Clothesline","Armaments+1"],"picked":"Clash+1","floor":30},{"not_picked":["Twin Strike","Second Wind+1","Perfected Strike"],"picked":"SKIP","floor":31},{"not_picked":["Havoc+1","Iron Wave+1"],"picked":"Clash","floor":34}],"player_experience":656615,"relics_obtained":[{"floor":9,"key":"Pen Nib"},{"floor":11,"key":"Bird Faced Urn"},{"floor":13,"key":"Bronze Scales"},{"floor":14,"key":"Odd Mushroom"},{"floor":22,"key":"PreservedInsect"},{"floor":23,"key":"Toxic Egg 2"},{"floor":25,"key":"Meat on the Bone"},{"floor":26,"key":"Blood Vial"},{"floor":28,"key":"Unceasing Top"}],"event_choices":[{"damage_healed":0,"gold_gain":0,"player_choice":"Success","damage_taken":12,"relics_obtained":["Ornamental Fan"],"max_hp_gain":0,"max_hp_loss":0,"event_name":"Scrap Ooze","floor":3,"gold_loss":0},{"cards_removed":["Metallicize"],"damage_healed":0,"gold_gain":0,"player_choice":"Card Removal","damage_taken":0,"max_hp_gain":0,"max_hp_loss":0,"event_name":"The Cleric","floor":4,"gold_loss":50},{"cards_removed":["Brutality"],"damage_healed":0,"gold_gain":0,"player_choice":"Forget","damage_taken":0,"max_hp_gain":0,"max_hp_loss":0,"event_name":"Living Wall","floor":7,"gold_loss":0},{"damage_healed":0,"gold_gain":75,"player_choice":"Gather Gold","damage_taken":11,"max_hp_gain":0,"max_hp_loss":0,"event_name":"World of Goop","floor":8,"gold_loss":0},{"damage_healed":0,"gold_gain":0,"player_choice":"Fought Mushrooms","damage_taken":0,"max_hp_gain":0,"max_hp_loss":0,"event_name":"Mushrooms","floor":14,"gold_loss":0},{"damage_healed":0,"gold_gain":0,"player_choice":"Trade","damage_taken":0,"relics_obtained":["GremlinMask"],"max_hp_gain":0,"max_hp_loss":0,"event_name":"FaceTrader","floor":19,"gold_loss":0},{"damage_healed":0,"gold_gain":0,"cards_transformed":["Defend_R"],"player_choice":"Transformed","damage_taken":0,"max_hp_gain":0,"max_hp_loss":0,"event_name":"Transmorgrifier","floor":29,"gold_loss":0,"cards_obtained":["Limit Break"]}],"is_beta":false,"boss_relics":[{"not_picked":["Mark of Pain","Philosopher\u0027s Stone"],"picked":"Black Blood"},{"not_picked":["Velvet Choker","Runic Pyramid"],"picked":"Tiny House"}],"items_purged_floors":[20],"is_endless":false,"potions_floor_spawned":[1,2,12,13,21,25,30,31,33],"ascension_level":0}