{"gold_per_floor":[112,112,112,112,112,143,164,205,205,249,24,24,38,51,51,174,174,187,187,187],"floor_reached":20,"playtime":1812,"items_purged":[],"score":258,"play_id":"a66d5ca0-1bc3-47af-a59c-48ef103764b7","local_time":"20190404144027","is_ascension_mode":true,"campfire_choices":[{"floor":15,"key":"REST"}],"neow_cost":"NONE","seed_source_timestamp":1280171404150468,"circlet_count":0,"master_deck":["Strike_R","Strike_R","Strike_R","Strike_R","Strike_R","Defend_R","Defend_R","Defend_R","Defend_R","Bash","Cleave","Injury","Twin Strike","Heavy Blade","Double Tap","Evolve","Evolve","Armaments","Shrug It Off","Berserk","Battle Trance","Berserk"],"relics":["Burning Blood","NeowsBlessing","Golden Idol","Meat on the Bone","Anchor","Ice Cream","Ornamental Fan","Paper Frog","Happy Flower","Eternal Feather"],"potions_floor_usage":[8],"damage_taken":[{"damage":0,"enemies":"Small Slimes","floor":1,"turns":1},{"damage":0,"enemies":"Gremlin Nob","floor":6,"turns":1},{"damage":0,"enemies":"2 Louse","floor":7,"turns":1},{"damage":35,"enemies":"Lagavulin","floor":8,"turns":5},{"damage":26,"enemies":"3 Sentries","floor":10,"turns":5},{"damage":6,"enemies":"Cultist","floor":13,"turns":3},{"damage":4,"enemies":"Red Slaver","floor":14,"turns":5},{"damage":69,"enemies":"The Guardian","floor":16,"turns":10},{"damage":63,"enemies":"Spheric Guardian","floor":18,"turns":6},{"damage":53,"enemies":"Shell Parasite","floor":20,"turns":5}],"seed_played":"-2977976698679963405","potions_obtained":[{"floor":6,"key":"Fire Potion"},{"floor":8,"key":"Ancient Potion"},{"floor":14,"key":"SpeedPotion"}],"is_trial":false,"path_per_floor":["M","?","?","?","?","E","M","E","T","E","$","?","M","M","R","B",null,"M","?","M"],"character_chosen":"IRONCLAD","items_purchased":["Evolve","Happy Flower"],"campfire_rested":1,"item_purchase_floors":[11,11],"current_hp_per_floor":[80,80,80,73,80,80,80,51,51,43,43,43,55,57,80,29,80,35,35,0],"gold":187,"neow_bonus":"THREE_ENEMY_KILL","is_prod":false,"is_daily":false,"chose_seed":false,"campfire_upgraded":0,"win_rate":0,"timestamp":1554385227,"path_taken":["M","?","?","?","?","E","?","E","T","E","?","?","M","M","R","BOSS","M","?","?"],"build_version":"2019-01-23","purchased_purges":0,"victory":false,"max_hp_per_floor":[80,80,80,80,80,80,80,80,80,80,80,80,80,80,80,80,80,80,80,80],"card_choices":[{"not_picked":["True Grit","Thunderclap"],"picked":"Cleave","floor":1},{"not_picked":["Rupture","Intimidate"],"picked":"Twin Strike","floor":6},{"not_picked":["Sword Boomerang","Pommel Strike"],"picked":"Heavy Blade","floor":7},{"not_picked":["Shrug It Off","Sword Boomerang"],"picked":"Double Tap","floor":8},{"not_picked":["Armaments","Burning Pact"],"picked":"Evolve","floor":10},{"not_picked":["Warcry","Intimidate"],"picked":"Armaments","floor":13},{"not_picked":["Hemokinesis","Iron Wave"],"picked":"Shrug It Off","floor":14},{"not_picked":["Exhume","Offering"],"picked":"Berserk","floor":16},{"not_picked":["Sword Boomerang","Twin Strike+1"],"picked":"Battle Trance","floor":18}],"player_experience":304485,"relics_obtained":[{"floor":6,"key":"Anchor"},{"floor":8,"key":"Ice Cream"},{"floor":9,"key":"Ornamental Fan"},{"floor":10,"key":"Paper Frog"}],"event_choices":[{"damage_healed":0,"gold_gain":0,"player_choice":"Ignored","damage_taken":0,"max_hp_gain":0,"max_hp_loss":0,"event_name":"Golden Wing","floor":2,"gold_loss":0},{"damage_healed":0,"gold_gain":0,"player_choice":"Take Wound","damage_taken":0,"relics_obtained":["Golden Idol"],"max_hp_gain":0,"max_hp_loss":0,"event_name":"Golden Idol","floor":3,"gold_loss":0,"cards_obtained":["Injury"]},{"damage_healed":0,"gold_gain":0,"player_choice":"Success","damage_taken":7,"relics_obtained":["Meat on the Bone"],"max_hp_gain":0,"max_hp_loss":0,"event_name":"Scrap Ooze","floor":4,"gold_loss":0},{"damage_healed":7,"gold_gain":0,"player_choice":"Full Heal","damage_taken":0,"max_hp_gain":0,"max_hp_loss":0,"event_name":"Wheel of Change","floor":5,"gold_loss":0},{"damage_healed":0,"gold_gain":0,"player_choice":"Leave","damage_taken":0,"max_hp_gain":0,"max_hp_loss":0,"event_name":"The Cleric","floor":12,"gold_loss":0},{"damage_healed":0,"gold_gain":0,"player_choice":"Copied","damage_taken":0,"max_hp_gain":0,"max_hp_loss":0,"event_name":"Duplicator","floor":19,"gold_loss":0,"cards_obtained":["Berserk"]}],"is_beta":false,"boss_relics":[{"not_picked":["Runic Cube","Tiny House"],"picked":"Eternal Feather"}],"items_purged_floors":[],"is_endless":false,"potions_floor_spawned":[6,8,14],"killed_by":"Shell Parasite","ascension_level":4}