{"gold_per_floor":[109,129,129,149,149,149,114,149,149,159,159,179,208,220,220,299,299,310,321,11,24,41,41],"floor_reached":23,"playtime":1464,"items_purged":[],"score":379,"play_id":"e13d3a8a-6404-4c56-b202-9c715d73e593","local_time":"20190408142317","is_ascension_mode":true,"campfire_choices":[{"data":"Backstab","floor":6,"key":"SMITH"},{"floor":11,"key":"REST"},{"floor":15,"key":"REST"}],"neow_cost":"NONE","seed_source_timestamp":2040245675476990,"circlet_count":0,"master_deck":["AscendersBane","Defend_G","Defend_G","Defend_G","Defend_G","Defend_G","Strike_G","Strike_G","Strike_G","Strike_G","Strike_G","Survivor","Neutralize","Backstab+1","Backflip","Quick Slash","Crippling Poison","Choke","Leg Sweep","Noxious Fumes","Night Terror","Leg Sweep+1","Corpse Explosion","Well Laid Plans"],"relics":["Ring of the Snake","NeowsBlessing","Peace Pipe","Boot","Gremlin Horn","Centennial Puzzle","Fusion Hammer"],"potions_floor_usage":[13,13,16],"damage_taken":[{"damage":0,"enemies":"Cultist","floor":1,"turns":1},{"damage":0,"enemies":"2 Louse","floor":2,"turns":1},{"damage":0,"enemies":"Jaw Worm","floor":4,"turns":1},{"damage":51,"enemies":"Gremlin Nob","floor":8,"turns":6},{"damage":9,"enemies":"Looter","floor":10,"turns":3},{"damage":0,"enemies":"2 Fungi Beasts","floor":12,"turns":4},{"damage":22,"enemies":"3 Sentries","floor":13,"turns":12},{"damage":1,"enemies":"3 Louse","floor":14,"turns":2},{"damage":17,"enemies":"Hexaghost","floor":16,"turns":12},{"damage":1,"enemies":"3 Byrds","floor":18,"turns":5},{"damage":8,"enemies":"Shell Parasite","floor":19,"turns":9},{"damage":24,"enemies":"Shelled Parasite and Fungi","floor":21,"turns":10},{"damage":15,"enemies":"Cultist and Chosen","floor":22,"turns":8},{"damage":11,"enemies":"Book of Stabbing","floor":23,"turns":5}],"seed_played":"2355802185467404651","potions_obtained":[{"floor":1,"key":"Weak Potion"},{"floor":10,"key":"GhostInAJar"},{"floor":13,"key":"Poison Potion"},{"floor":16,"key":"GhostInAJar"}],"is_trial":false,"path_per_floor":["M","?","?","?"],"character_chosen":"THE_SILENT","items_purchased":["Corpse Explosion","Well Laid Plans","PowerPotion"],"campfire_rested":2,"item_purchase_floors":[20,20,20],"current_hp_per_floor":[59,59,64,64,46,46,63,12,12,3,24,24,2,1,22,5,55,54,46,46,22,7,0],"gold":41,"neow_bonus":"THREE_ENEMY_KILL","is_prod":false,"is_daily":false,"chose_seed":false,"campfire_upgraded":1,"win_rate":0,"timestamp":1554747797,"path_taken":["M","?","?","M","?","R","?","E","T","M","R","M","E","M","R","BOSS","M","M","$","M","M","E"],"build_version":"2019-01-23","purchased_purges":0,"victory":false,"max_hp_per_floor":[66,66,71,71,71,71,71,71,71,71,71,71,71,71,71,71,71,71,71,71,71,71,71],"card_choices":[{"not_picked":["Eviscerate","Acrobatics"],"picked":"Backstab","floor":1},{"not_picked":["Dodge and Roll","PiercingWail"],"picked":"Backflip","floor":2},{"not_picked":["Calculated Gamble","Eviscerate"],"picked":"Quick Slash","floor":4},{"not_picked":["Prepared","Underhanded Strike","Phantasmal Killer"],"picked":"SKIP","floor":8},{"not_picked":["Poisoned Stab","Bane"],"picked":"Crippling Poison","floor":10},{"not_picked":["Bane","Underhanded Strike"],"picked":"Choke","floor":12},{"not_picked":["Heel Hook","Outmaneuver"],"picked":"Leg Sweep","floor":13},{"not_picked":["Prepared","Sucker Punch"],"picked":"Noxious Fumes","floor":14},{"not_picked":["Burst","Envenom"],"picked":"Night Terror","floor":16},{"not_picked":["Dagger Spray","Caltrops"],"picked":"Leg Sweep+1","floor":18},{"not_picked":["Slice","Choke","Dagger Throw"],"picked":"SKIP","floor":19},{"not_picked":["Cloak And Dagger","Setup","Bane"],"picked":"SKIP","floor":21},{"not_picked":["Blade Dance","Quick Slash","Calculated Gamble"],"picked":"SKIP","floor":22}],"player_experience":1610815,"relics_obtained":[{"floor":8,"key":"Boot"},{"floor":9,"key":"Gremlin Horn"},{"floor":13,"key":"Centennial Puzzle"}],"event_choices":[{"damage_healed":0,"gold_gain":0,"player_choice":"Donut","damage_taken":0,"max_hp_gain":5,"max_hp_loss":0,"event_name":"Big Fish","floor":3,"gold_loss":0},{"damage_healed":0,"gold_gain":0,"player_choice":"Success","damage_taken":18,"relics_obtained":["Peace Pipe"],"max_hp_gain":0,"max_hp_loss":0,"event_name":"Scrap Ooze","floor":5,"gold_loss":0},{"damage_healed":17,"gold_gain":0,"player_choice":"Healed","damage_taken":0,"max_hp_gain":0,"max_hp_loss":0,"event_name":"The Cleric","floor":7,"gold_loss":35}],"is_beta":false,"boss_relics":[{"not_picked":["Black Star","Runic Dome"],"picked":"Fusion Hammer"}],"items_purged_floors":[],"is_endless":false,"potions_floor_spawned":[1,10,13,16,21,22],"killed_by":"Book of Stabbing","ascension_level":17}