{"gold_per_floor":[112,129,147,164,183,183,218,230,255,286,286,305,327,344,344,344],"floor_reached":16,"playtime":894,"items_purged":[],"score":116,"play_id":"23f3a338-1a6f-4daf-bf76-4e292a303e56","local_time":"20190315194538","is_ascension_mode":false,"campfire_choices":[{"data":"Rampage","floor":6,"key":"SMITH"},{"floor":11,"key":"REST"},{"data":"Cleave","floor":15,"key":"SMITH"}],"neow_cost":"PERCENT_DAMAGE","seed_source_timestamp":200255232320052,"circlet_count":0,"master_deck":["Strike_R","Strike_R","Strike_R","Strike_R","Strike_R","Defend_R","Defend_R","Defend_R","Defend_R","Bash","Impervious","Cleave","Cleave+1","Iron Wave","Rampage+1"],"relics":["Burning Blood","Dodecahedron","Art of War","Bag of Preparation","Odd Mushroom"],"potions_floor_usage":[7,12,13,13,16],"damage_taken":[{"damage":9,"enemies":"Jaw Worm","floor":1,"turns":4},{"damage":5,"enemies":"Cultist","floor":2,"turns":4},{"damage":1,"enemies":"2 Louse","floor":3,"turns":3},{"damage":9,"enemies":"Exordium Wildlife","floor":4,"turns":5},{"damage":0,"enemies":"Gremlin Gang","floor":5,"turns":3},{"damage":30,"enemies":"3 Sentries","floor":7,"turns":7},{"damage":10,"enemies":"Looter","floor":8,"turns":2},{"damage":45,"enemies":"Lagavulin","floor":10,"turns":8},{"damage":0,"enemies":"Blue Slaver","floor":12,"turns":4},{"damage":11,"enemies":"The Mushroom Lair","floor":13,"turns":5},{"damage":3,"enemies":"2 Fungi Beasts","floor":14,"turns":3},{"damage":60,"enemies":"Slime Boss","floor":16,"turns":9}],"seed_played":"5785520426495060879","potions_obtained":[{"floor":2,"key":"SmokeBomb"},{"floor":4,"key":"Explosive Potion"},{"floor":5,"key":"Regen Potion"},{"floor":10,"key":"Regen Potion"},{"floor":12,"key":"Energy Potion"},{"floor":13,"key":"Swift Potion"}],"is_trial":false,"path_per_floor":["?"],"character_chosen":"IRONCLAD","items_purchased":[],"campfire_rested":1,"item_purchase_floors":[],"current_hp_per_floor":[53,54,59,56,62,62,53,49,49,10,34,40,49,52,52,0],"gold":344,"neow_bonus":"THREE_RARE_CARDS","is_prod":false,"is_daily":false,"chose_seed":false,"campfire_upgraded":2,"win_rate":0,"timestamp":1552693538,"path_taken":["M","M","M","M","M","R","E","M","T","E","R","M","?","M","R","BOSS"],"build_version":"2019-01-23","purchased_purges":0,"victory":false,"max_hp_per_floor":[80,80,80,80,80,80,80,80,80,80,80,80,80,80,80,80],"card_choices":[{"not_picked":["Reaper","Demon Form"],"picked":"Impervious","floor":0},{"not_picked":["Pommel Strike","Thunderclap"],"picked":"Cleave","floor":1},{"not_picked":["Anger","Perfected Strike"],"picked":"Cleave","floor":2},{"not_picked":["Twin Strike","Second Wind"],"picked":"Iron Wave","floor":3},{"not_picked":["Flex","Power Through"],"picked":"Rampage","floor":4},{"not_picked":["Heavy Blade","Combust","Reckless Charge"],"picked":"SKIP","floor":5},{"not_picked":["Clothesline","Evolve","Body Slam"],"picked":"SKIP","floor":7},{"not_picked":["Pummel","Perfected Strike","Immolate"],"picked":"SKIP","floor":8},{"not_picked":["Shockwave","Impervious","Clash"],"picked":"SKIP","floor":10},{"not_picked":["Clothesline","Cleave","True Grit"],"picked":"SKIP","floor":12},{"not_picked":["Twin Strike","Sword Boomerang","Inflame"],"picked":"SKIP","floor":14}],"player_experience":663773,"relics_obtained":[{"floor":7,"key":"Dodecahedron"},{"floor":9,"key":"Art of War"},{"floor":10,"key":"Bag of Preparation"},{"floor":13,"key":"Odd Mushroom"}],"event_choices":[{"damage_healed":0,"gold_gain":0,"player_choice":"Fought Mushrooms","damage_taken":0,"max_hp_gain":0,"max_hp_loss":0,"event_name":"Mushrooms","floor":13,"gold_loss":0}],"is_beta":false,"boss_relics":[],"items_purged_floors":[],"is_endless":false,"potions_floor_spawned":[2,4,5,10,12,13],"killed_by":"Slime Boss","ascension_level":0}