{"gold_per_floor":[117,129,140,150,85,110,110,124,151,106,138,138,138,169,169,247,247,264,264,276,287,1,1],"floor_reached":23,"playtime":1354,"items_purged":[],"score":389,"play_id":"af3cff3e-317b-493a-bd96-de874e2a5154","local_time":"20190331142236","is_ascension_mode":true,"campfire_choices":[{"data":"Footwork","floor":7,"key":"SMITH"},{"floor":13,"key":"REST"},{"data":"Glass Knife","floor":15,"key":"SMITH"}],"neow_cost":"NONE","seed_source_timestamp":1349115364098932,"circlet_count":0,"master_deck":["AscendersBane","Defend_G","Defend_G","Defend_G","Defend_G","Defend_G","Strike_G","Strike_G","Strike_G","Survivor","Neutralize+1","Sucker Punch","Sucker Punch","Dash","Glass Knife+1","Footwork+1","Slice","Dodge and Roll","Backstab","Dodge and Roll"],"relics":["Ring of the Snake","Orichalcum","Regal Pillow","Bronze Scales","Dead Branch","Busted Crown","Shovel"],"potions_floor_usage":[11,11,23,23],"damage_taken":[{"damage":4,"enemies":"Small Slimes","floor":1,"turns":3},{"damage":0,"enemies":"Cultist","floor":2,"turns":4},{"damage":4,"enemies":"Jaw Worm","floor":3,"turns":5},{"damage":7,"enemies":"Large Slime","floor":4,"turns":6},{"damage":28,"enemies":"Lagavulin","floor":6,"turns":9},{"damage":5,"enemies":"Red Slaver","floor":8,"turns":4},{"damage":2,"enemies":"3 Sentries","floor":11,"turns":8},{"damage":0,"enemies":"Lagavulin","floor":14,"turns":10},{"damage":6,"enemies":"The Guardian","floor":16,"turns":9},{"damage":0,"enemies":"Chosen","floor":18,"turns":3},{"damage":0,"enemies":"Shell Parasite","floor":20,"turns":4},{"damage":0,"enemies":"Centurion and Healer","floor":21,"turns":11},{"damage":69,"enemies":"Gremlin Leader","floor":23,"turns":15}],"seed_played":"1067946449578523994","potions_obtained":[{"floor":2,"key":"GamblersBrew"},{"floor":4,"key":"Fire Potion"},{"floor":11,"key":"FearPotion"},{"floor":21,"key":"Fire Potion"}],"is_trial":false,"path_per_floor":["?","M","$","?","?"],"character_chosen":"THE_SILENT","items_purchased":["Slice","Shovel"],"campfire_rested":1,"item_purchase_floors":[10,22],"current_hp_per_floor":[59,59,55,48,48,20,20,15,15,15,13,6,42,42,42,36,62,62,62,62,62,62,0],"gold":1,"neow_bonus":"UPGRADE_CARD","is_prod":false,"is_daily":false,"chose_seed":false,"campfire_upgraded":2,"win_rate":0,"timestamp":1554056556,"path_taken":["M","M","M","M","?","E","R","?","T","?","E","?","R","E","R","BOSS","M","?","M","M","$","E"],"build_version":"2019-01-23","purchased_purges":0,"victory":false,"max_hp_per_floor":[70,70,70,70,70,70,70,70,70,70,70,70,70,70,70,70,70,70,70,70,70,70,70],"card_choices":[{"not_picked":["Poisoned Stab","PiercingWail"],"picked":"Sucker Punch","floor":1},{"not_picked":["Prepared","PiercingWail"],"picked":"Sucker Punch","floor":2},{"not_picked":["Expertise","Blur"],"picked":"Dash","floor":3},{"not_picked":["Flying Knee","Cloak And Dagger"],"picked":"Glass Knife","floor":4},{"not_picked":["Bouncing Flask","Storm of Steel"],"picked":"Footwork","floor":6},{"not_picked":["Flechettes","Bane","Acrobatics"],"picked":"SKIP","floor":8},{"not_picked":["Dagger Throw","Sucker Punch"],"picked":"Dodge and Roll","floor":11},{"not_picked":["Blade Dance","Deflect"],"picked":"Backstab","floor":14},{"not_picked":["Riddle With Holes"],"picked":"SKIP","floor":18},{"not_picked":["Acrobatics"],"picked":"SKIP","floor":20},{"not_picked":[],"picked":"Dodge and Roll","floor":21}],"player_experience":1329469,"relics_obtained":[{"floor":6,"key":"Regal Pillow"},{"floor":11,"key":"Bronze Scales"},{"floor":14,"key":"Dead Branch"}],"event_choices":[{"damage_healed":0,"gold_gain":0,"player_choice":"Paid Gold","damage_taken":0,"relics_obtained":["Orichalcum"],"max_hp_gain":0,"max_hp_loss":0,"event_name":"WeMeetAgain","floor":5,"gold_loss":65},{"cards_removed":["Strike_G"],"damage_healed":0,"gold_gain":0,"player_choice":"Card Removal","damage_taken":7,"max_hp_gain":0,"max_hp_loss":0,"event_name":"Golden Wing","floor":12,"gold_loss":0},{"cards_removed":["Strike_G"],"damage_healed":0,"gold_gain":0,"player_choice":"Offered Basic","damage_taken":0,"max_hp_gain":0,"max_hp_loss":0,"event_name":"Bonfire Elementals","floor":19,"gold_loss":0}],"is_beta":false,"boss_relics":[{"not_picked":["Fusion Hammer","Coffee Dripper"],"picked":"Busted Crown"}],"items_purged_floors":[],"is_endless":false,"potions_floor_spawned":[2,4,11,21],"killed_by":"Gremlin Leader","ascension_level":13}