{"gold_per_floor":[116,127,145,145,0,30,30,30,30,64,76,76,76,101,101,172,172,187,43,56,56,66,66,84,84,84,97,97],"floor_reached":28,"playtime":1521,"items_purged":["Strike_G"],"score":393,"play_id":"67d2d2a5-457f-4bc5-9447-fe0f3aaae7a5","local_time":"20190403130818","is_ascension_mode":true,"campfire_choices":[{"data":"Neutralize","floor":7,"key":"SMITH"},{"floor":13,"key":"REST"},{"floor":15,"key":"REST"},{"floor":25,"key":"REST"}],"neow_cost":"PERCENT_DAMAGE","seed_source_timestamp":1603688595522040,"circlet_count":0,"master_deck":["AscendersBane","Defend_G","Defend_G","Defend_G","Defend_G","Defend_G","Strike_G","Strike_G","Strike_G","Survivor","Neutralize+1","Quick Slash","Finisher","Slice","Backstab+1","Flying Knee","Poisoned Stab","Slice","Glass Knife","Noxious Fumes","Dagger Throw","Noxious Fumes+1","Acrobatics","Leg Sweep","Backflip"],"relics":["Ring of the Snake","Turnip","Torii","Calipers","Peace Pipe","WingedGreaves","Snecko Eye","Oddly Smooth Stone","Pear"],"potions_floor_usage":[10,11,16,20,27],"damage_taken":[{"damage":6,"enemies":"Jaw Worm","floor":1,"turns":7},{"damage":0,"enemies":"Cultist","floor":2,"turns":4},{"damage":2,"enemies":"2 Louse","floor":3,"turns":4},{"damage":20,"enemies":"3 Sentries","floor":6,"turns":12},{"damage":12,"enemies":"Lagavulin","floor":10,"turns":10},{"damage":0,"enemies":"Lots of Slimes","floor":11,"turns":1},{"damage":25,"enemies":"Gremlin Nob","floor":14,"turns":4},{"damage":21,"enemies":"Hexaghost","floor":16,"turns":10},{"damage":23,"enemies":"Chosen","floor":18,"turns":6},{"damage":1,"enemies":"Spheric Guardian","floor":20,"turns":3},{"damage":0,"enemies":"Snecko","floor":22,"turns":4},{"damage":11,"enemies":"Centurion and Healer","floor":24,"turns":5},{"damage":25,"enemies":"Sentry and Sphere","floor":27,"turns":8},{"damage":24,"enemies":"Cultist and Chosen","floor":28,"turns":5}],"seed_played":"-1896965112564207522","potions_obtained":[{"floor":6,"key":"Dexterity Potion"},{"floor":10,"key":"Explosive Potion"},{"floor":11,"key":"Poison Potion"},{"floor":16,"key":"SkillPotion"},{"floor":18,"key":"GamblersBrew"},{"floor":22,"key":"FearPotion"},{"floor":24,"key":"Energy Potion"}],"is_trial":false,"path_per_floor":["?","$","M","?","?","M","?"],"character_chosen":"THE_SILENT","items_purchased":["Backstab","Oddly Smooth Stone"],"campfire_rested":3,"item_purchase_floors":[5,19],"current_hp_per_floor":[39,39,37,37,37,17,17,17,17,5,5,5,26,1,22,1,53,30,30,29,29,29,29,18,39,49,24,0],"gold":97,"neow_bonus":"ONE_RARE_RELIC","is_prod":false,"is_daily":false,"chose_seed":false,"campfire_upgraded":1,"win_rate":0,"timestamp":1554311298,"path_taken":["M","M","M","?","$","E","R","?","T","E","?","?","R","E","R","BOSS","M","$","M","?","?","?","M","R","T","M","M"],"build_version":"2019-01-23","purchased_purges":1,"victory":false,"max_hp_per_floor":[70,70,70,70,70,70,70,70,70,70,70,70,70,70,70,70,70,70,70,70,70,70,70,70,70,80,80,80],"card_choices":[{"not_picked":["Underhanded Strike","Bane"],"picked":"Quick Slash","floor":1},{"not_picked":["Bane","Distraction"],"picked":"Finisher","floor":2},{"not_picked":["Quick Slash","Crippling Poison"],"picked":"Slice","floor":3},{"not_picked":["Accuracy","Well Laid Plans"],"picked":"Flying Knee","floor":6},{"not_picked":["Escape Plan","Concentrate"],"picked":"Poisoned Stab","floor":10},{"not_picked":["Choke","Underhanded Strike"],"picked":"Slice","floor":11},{"not_picked":["Bouncing Flask","Acrobatics","Outmaneuver"],"picked":"SKIP","floor":14},{"not_picked":["Bullet Time","Doppelganger"],"picked":"Glass Knife","floor":16},{"not_picked":["Underhanded Strike","Terror"],"picked":"Noxious Fumes","floor":18},{"not_picked":["Reflex","Flying Knee"],"picked":"Dagger Throw","floor":20},{"not_picked":["Deflect","Sucker Punch+1"],"picked":"Acrobatics","floor":22},{"not_picked":["Outmaneuver","Dagger Spray"],"picked":"Leg Sweep","floor":24},{"not_picked":["Skewer","Catalyst"],"picked":"Backflip","floor":27}],"player_experience":1420212,"relics_obtained":[{"floor":6,"key":"Torii"},{"floor":9,"key":"Calipers"},{"floor":10,"key":"Peace Pipe"},{"floor":14,"key":"WingedGreaves"},{"floor":26,"key":"Pear"}],"event_choices":[{"cards_removed":["Strike_G"],"damage_healed":0,"gold_gain":0,"player_choice":"Offered Basic","damage_taken":0,"max_hp_gain":0,"max_hp_loss":0,"event_name":"Bonfire Elementals","floor":4,"gold_loss":0},{"damage_healed":0,"gold_gain":0,"player_choice":"Grow","damage_taken":0,"max_hp_gain":0,"max_hp_loss":0,"event_name":"Living Wall","floor":12,"gold_loss":0,"cards_upgraded":["Backstab"]},{"damage_healed":0,"gold_gain":0,"player_choice":"Copied","damage_taken":0,"max_hp_gain":0,"max_hp_loss":0,"event_name":"Duplicator","floor":21,"gold_loss":0,"cards_obtained":["Noxious Fumes"]},{"damage_healed":0,"gold_gain":0,"player_choice":"Upgraded","damage_taken":0,"max_hp_gain":0,"max_hp_loss":0,"event_name":"Upgrade Shrine","floor":23,"gold_loss":0,"cards_upgraded":["Noxious Fumes"]}],"is_beta":false,"boss_relics":[{"not_picked":["Orrery","Cursed Key"],"picked":"Snecko Eye"}],"items_purged_floors":[5],"is_endless":false,"potions_floor_spawned":[6,10,11,16,18,22,24],"killed_by":"Cultist and Chosen","ascension_level":13}