{"path_per_floor":["M","?","?","M","?","R","E","$","T","M","M","?","M","E","R","B",null,"M","?","?","?","$","R","M","R","T","M","M","M","?","M","R"],"character_chosen":"IRONCLAD","items_purchased":["Mummified Hand"],"gold_per_floor":[110,110,110,124,124,124,157,82,82,98,116,116,132,167,167,262,262,277,277,277,277,17,17,30,30,30,42,58,68,68,83,83],"floor_reached":33,"campfire_rested":2,"playtime":1647,"current_hp_per_floor":[79,79,79,74,74,74,39,39,39,47,50,34,41,30,54,12,90,74,81,66,66,66,66,73,73,73,54,36,26,26,26,56],"items_purged":["Regret"],"gold":83,"play_id":"38467e55-81c3-40c2-a128-4d704bdd6b50","is_prod":false,"is_daily":false,"is_ascension_mode":false,"campfire_upgraded":3,"path_taken":["M","?","?","M","?","R","E","$","T","M","M","?","M","E","R","BOSS","M","?","?","?","?","R","M","R","T","M","M","M","?","M","R","BOSS"],"build_version":"2018-02-01-PROD3","purchased_purges":1,"victory":false,"master_deck":["Strike_R","Strike_R+1","Strike_R","Strike_R","Strike_R","Defend_R","Defend_R","Defend_R","Bash","Limit Break","Wild Strike","Reckless Charge+1","Pain","Flame Barrier+1","Flash of Steel","Anger+1","Shrug It Off","Headbutt","Wild Strike","Demon Form+1","Regret","Injury","Pommel Strike","Iron Wave+1","Inflame+1","Barricade","Flex"],"max_hp_per_floor":[80,80,80,80,80,80,80,80,80,80,80,80,80,80,80,80,90,90,97,102,102,102,102,102,102,102,102,102,102,102,102,102],"relics":["Burning Blood","Toolbox","Blood Vial","Calipers","Ice Cream","Calling Bell","Pear","Lantern","Prayer Wheel","Strawberry","Mummified Hand","Juzu Bracelet"],"card_choices":[{"not_picked":["Shrug It Off","Havoc"],"picked":"Limit Break"},{"not_picked":["Thunderclap","Body Slam"],"picked":"Reckless Charge"},{"not_picked":["Searing Blow","True Grit"],"picked":"Anger"},{"not_picked":["Bludgeon","Heavy Blade"],"picked":"Shrug It Off"},{"not_picked":["Clash","Thunderclap"],"picked":"Headbutt"},{"not_picked":["Sword Boomerang","Searing Blow"],"picked":"Wild Strike"},{"not_picked":["Exhume","Feed"],"picked":"Demon Form"},{"not_picked":["Sever Soul","Shrug It Off"],"picked":"Pommel Strike"},{"not_picked":["Sentinel","Perfected Strike"],"picked":"Iron Wave"},{"not_picked":["Cleave","Spot Weakness"],"picked":"Inflame"},{"not_picked":["Reckless Charge","Cleave"],"picked":"Barricade"},{"not_picked":["Perfected Strike","Battle Trance"],"picked":"Flex"}],"player_experience":89757,"potions_floor_usage":[16,16,16,29,33],"damage_taken":[{"damage":7,"enemies":"Small Slimes","floor":1,"turns":4},{"damage":11,"enemies":"Jaw Worm","floor":4,"turns":2},{"damage":41,"enemies":"3 Sentries","floor":7,"turns":8},{"damage":4,"enemies":"2 Louse","floor":10,"turns":2},{"damage":5,"enemies":"Exordium Wildlife","floor":11,"turns":3},{"damage":1,"enemies":"Large Slime","floor":13,"turns":6},{"damage":19,"enemies":"Lagavulin","floor":14,"turns":6},{"damage":50,"enemies":"The Guardian","floor":16,"turns":8},{"damage":22,"enemies":"Chosen","floor":18,"turns":6},{"damage":1,"enemies":"3 Byrds","floor":24,"turns":2},{"damage":27,"enemies":"Snake Plant","floor":27,"turns":4},{"damage":26,"enemies":"Snecko","floor":28,"turns":5},{"damage":18,"enemies":"Centurion and Healer","floor":29,"turns":5},{"damage":8,"enemies":"Snake Plant","floor":31,"turns":3},{"damage":75,"enemies":"Automaton","floor":33,"turns":6}],"event_choices":[{"event_name":"Living Wall","player_choice":"Change","floor":2,"damage_taken":0},{"event_name":"Big Fish","player_choice":"Box","floor":3,"damage_taken":0},{"event_name":"Match and Keep!","player_choice":"3 cards matched","floor":5,"damage_taken":0},{"event_name":"Shining Light","player_choice":"Entered Light","floor":12,"damage_taken":0},{"event_name":"The Mausoleum","player_choice":"Yes","floor":19,"damage_taken":0},{"event_name":"Forgotten Altar","player_choice":"Shed Blood","floor":20,"damage_taken":0},{"event_name":"Back to Basics","player_choice":"Elegance","floor":21,"damage_taken":0},{"event_name":"Beggar","player_choice":"Ignored","floor":30,"damage_taken":0}],"boss_relics":[{"not_picked":["Tiny House","Ectoplasm"],"picked":"Calling Bell"}],"potions_floor_spawned":[7,13,14,24,29],"seed_played":"5167536936358740727","killed_by":"Automaton","ascension_level":0,"is_trial":false}