{"path_per_floor":["M","M","M","M","M","R","?","$","T","?","R","E","R","?","R","B",null,"M","$","M","M","M","M","R","M","T","R","E","R","?","?","R","B",null,"M","M","M","?","M","R","M","$","T","M","R","?","M"],"character_chosen":"IRONCLAD","items_purchased":["Battle Trance","Bottled Flame","Strength Potion"],"gold_per_floor":[115,126,139,149,165,165,165,90,114,64,64,99,99,99,99,197,197,210,70,87,104,123,136,136,147,147,147,179,179,179,179,179,281,281,293,305,324,324,344,344,360,69,69,87,87,87,104],"floor_reached":48,"campfire_rested":0,"playtime":2404,"current_hp_per_floor":[74,80,80,80,76,76,76,76,76,76,76,66,66,66,66,14,80,80,80,75,57,59,65,73,54,54,62,60,68,68,63,63,42,67,67,67,58,58,68,71,67,67,67,39,51,41,14],"items_purged":["Strike_R","Strike_R"],"gold":104,"play_id":"5d48ebbe-012d-4157-96dc-30e5f7619038","is_prod":false,"is_daily":false,"is_ascension_mode":false,"campfire_upgraded":2,"path_taken":["M","M","M","M","M","R","?","$","T","?","R","E","R","?","R","BOSS","M","$","M","M","M","M","R","M","T","R","E","R","?","?","R","BOSS","M","M","M","?","M","R","M","$","T","M","R","?","M","M"],"build_version":"2018-01-25-PROD3","purchased_purges":2,"victory":false,"master_deck":["Defend_R","Defend_R","Defend_R","Bash","Infernal Blade+1","Pommel Strike","Infernal Blade+1","Pommel Strike+1","Feed+1","Shrug It Off","Inflame","Offering","Flex","Battle Trance","Inflame","Limit Break","Spot Weakness","Infernal Blade","Rampage+1","Inflame+1","Bite_R","Bite_R","Bite_R","Bite_R","Barricade","Armaments+1","Shrug It Off+1","Heavy Blade","Pommel Strike","Flex+1","Madness","Madness"],"max_hp_per_floor":[80,80,80,80,80,80,80,80,80,80,80,80,80,80,80,80,80,80,80,83,83,87,91,91,91,91,91,91,91,91,63,63,67,67,67,67,71,71,71,71,71,71,71,71,71,71,71],"relics":["Black Blood","Bag of Marbles","Shovel","Lantern","Whetstone","Eternal Feather","Mercury Hourglass","Letter Opener","Molten Egg","Charon\u0027s Ashes","Frozen Egg","Orichalcum","Kunai","Bottled Flame","Ice Cream","Darkstone Periapt"],"card_choices":[{"not_picked":["Power Through","True Grit"],"picked":"Pommel Strike"},{"not_picked":["Battle Trance","Anger"],"picked":"Infernal Blade"},{"not_picked":["Havoc","Heavy Blade"],"picked":"Pommel Strike"},{"not_picked":["Dual Wield","Power Through"],"picked":"Feed"},{"not_picked":["Anger","Whirlwind"],"picked":"Shrug It Off"},{"not_picked":["Anger","True Grit"],"picked":"Inflame"},{"not_picked":["Brutality","Dark Embrace"],"picked":"Offering"},{"not_picked":["Sword Boomerang","Havoc"],"picked":"Flex"},{"not_picked":["Fire Breathing","Hemokinesis"],"picked":"Inflame"},{"not_picked":["Sword Boomerang","Wild Strike"],"picked":"Limit Break"},{"not_picked":["Sever Soul","Evolve"],"picked":"Spot Weakness"},{"not_picked":["Second Wind","Sever Soul"],"picked":"Infernal Blade"},{"not_picked":["Flex","Headbutt"],"picked":"Rampage"},{"not_picked":["Fire Breathing","Thunderclap"],"picked":"Inflame"},{"not_picked":["Berserk","Brutality"],"picked":"Barricade"},{"not_picked":["Pommel Strike","Wild Strike"],"picked":"Armaments"},{"not_picked":["Pummel","Spot Weakness"],"picked":"Shrug It Off"},{"not_picked":["Warcry","Corruption"],"picked":"Heavy Blade"},{"not_picked":["Anger","True Grit"],"picked":"Pommel Strike"},{"not_picked":["Dropkick","Anger"],"picked":"Flex"}],"player_experience":71772,"potions_floor_usage":[16,16,16,33,33,37],"damage_taken":[{"damage":12,"enemies":"2 Louse","floor":1,"turns":3},{"damage":0,"enemies":"Small Slimes","floor":2,"turns":3},{"damage":0,"enemies":"Cultist","floor":3,"turns":2},{"damage":2,"enemies":"Large Slime","floor":4,"turns":4},{"damage":10,"enemies":"Looter","floor":5,"turns":3},{"damage":16,"enemies":"Gremlin Nob","floor":12,"turns":3},{"damage":73,"enemies":"Hexaghost","floor":16,"turns":10},{"damage":4,"enemies":"Spheric Guardian","floor":18,"turns":2},{"damage":14,"enemies":"Chosen","floor":20,"turns":2},{"damage":24,"enemies":"Snecko","floor":21,"turns":5},{"damage":8,"enemies":"3 Cultists","floor":22,"turns":4},{"damage":4,"enemies":"Slaver and Parasite","floor":23,"turns":1},{"damage":25,"enemies":"Snake Plant","floor":25,"turns":2},{"damage":8,"enemies":"Book of Stabbing","floor":28,"turns":2},{"damage":44,"enemies":"Automaton","floor":33,"turns":6},{"damage":4,"enemies":"Orb Walker","floor":35,"turns":1},{"damage":11,"enemies":"3 Shapes","floor":36,"turns":3},{"damage":27,"enemies":"Maw","floor":37,"turns":5},{"damage":13,"enemies":"4 Shapes","floor":39,"turns":2},{"damage":18,"enemies":"3 Darklings","floor":41,"turns":3},{"damage":48,"enemies":"Maw","floor":44,"turns":5},{"damage":41,"enemies":"Sphere and 2 Shapes","floor":47,"turns":4},{"damage":24,"enemies":"4 Shapes","floor":48,"turns":1}],"event_choices":[{"event_name":"Living Wall","player_choice":"Grow","floor":7,"damage_taken":0},{"event_name":"The Cleric","player_choice":"Card Removal","floor":10,"damage_taken":0},{"event_name":"Liars Game","player_choice":"disagreed","floor":14,"damage_taken":0},{"event_name":"Back to Basics","player_choice":"Elegance","floor":30,"damage_taken":0},{"event_name":"Vampires","player_choice":"Became a vampire","floor":31,"damage_taken":0},{"event_name":"Bonfire Elementals","player_choice":"SPECIAL","floor":38,"damage_taken":0},{"event_name":"Winding Halls","player_choice":"Embrace Madness","floor":46,"damage_taken":0}],"boss_relics":[{"not_picked":["Astrolabe","Ectoplasm"],"picked":"Eternal Feather"},{"not_picked":["Runic Cube","Velvet Choker"],"picked":"Black Blood"}],"potions_floor_spawned":[1,3,5,16,21,22,28,33,35,36,39],"seed_played":"6529509497081416274","killed_by":"4 Shapes","ascension_level":0,"is_trial":false}