{"gold_per_floor":[112,123,134,154,168,200,200,235,235,235,248,265,265],"floor_reached":13,"playtime":1099,"items_purged":[],"score":163,"play_id":"fd6f6d7b-972c-4d9f-966d-48673abe92df","local_time":"20190401111923","is_ascension_mode":true,"campfire_choices":[{"data":"Footwork","floor":7,"key":"SMITH"},{"floor":10,"key":"REST"}],"neow_cost":"TEN_PERCENT_HP_LOSS","seed_source_timestamp":1424777212833713,"circlet_count":0,"master_deck":["AscendersBane","Defend_G","Defend_G","Defend_G","Defend_G","Defend_G","Strike_G","Strike_G","Strike_G","Strike_G","Strike_G","Survivor","Neutralize","Dagger Spray","Deadly Poison","Deadly Poison","Dagger Throw","Storm of Steel","Footwork+1","Leg Sweep","Dodge and Roll","Backflip","Flying Knee"],"relics":["Ring of the Snake","Unceasing Top","Prayer Wheel","Orichalcum"],"potions_floor_usage":[8,13,13],"damage_taken":[{"damage":0,"enemies":"Cultist","floor":1,"turns":4},{"damage":0,"enemies":"Jaw Worm","floor":2,"turns":6},{"damage":0,"enemies":"2 Louse","floor":3,"turns":2},{"damage":6,"enemies":"Lots of Slimes","floor":4,"turns":3},{"damage":4,"enemies":"Looter","floor":5,"turns":4},{"damage":32,"enemies":"3 Sentries","floor":6,"turns":7},{"damage":22,"enemies":"Lagavulin","floor":8,"turns":7},{"damage":13,"enemies":"Exordium Wildlife","floor":11,"turns":5},{"damage":1,"enemies":"3 Louse","floor":12,"turns":4},{"damage":36,"enemies":"3 Sentries","floor":13,"turns":12}],"seed_played":"-1973985771763061489","potions_obtained":[{"floor":3,"key":"PowerPotion"},{"floor":5,"key":"Regen Potion"},{"floor":6,"key":"GhostInAJar"},{"floor":12,"key":"Regen Potion"}],"is_trial":false,"path_per_floor":["M"],"character_chosen":"THE_SILENT","items_purchased":[],"campfire_rested":1,"item_purchase_floors":[],"current_hp_per_floor":[63,63,63,57,53,21,21,14,14,32,19,18,0],"gold":265,"neow_bonus":"ONE_RARE_RELIC","is_prod":false,"is_daily":false,"chose_seed":false,"campfire_upgraded":1,"win_rate":0,"timestamp":1554131963,"path_taken":["M","M","M","?","M","E","R","E","T","R","M","M","E"],"build_version":"2019-01-23","purchased_purges":0,"victory":false,"max_hp_per_floor":[63,63,63,63,63,63,63,63,63,63,63,63,63],"card_choices":[{"not_picked":["Acrobatics","Riddle With Holes"],"picked":"Dagger Spray","floor":1},{"not_picked":["Bane","Dodge and Roll"],"picked":"Deadly Poison","floor":2},{"not_picked":["Dagger Spray","Outmaneuver"],"picked":"Deadly Poison","floor":3},{"not_picked":["Blade Dance","Acrobatics"],"picked":"Dagger Throw","floor":4},{"not_picked":["Accuracy","Bouncing Flask"],"picked":"Storm of Steel","floor":5},{"not_picked":["Underhanded Strike","Catalyst"],"picked":"Footwork","floor":6},{"not_picked":["Bullet Time","Underhanded Strike","Terror"],"picked":"SKIP","floor":8},{"not_picked":["Deadly Poison","Cloak And Dagger"],"picked":"Leg Sweep","floor":11},{"not_picked":["Quick Slash","Outmaneuver"],"picked":"Dodge and Roll","floor":11},{"not_picked":["Sucker Punch","Poisoned Stab"],"picked":"Backflip","floor":12},{"not_picked":["Flechettes","Concentrate"],"picked":"Flying Knee","floor":12}],"player_experience":1364479,"relics_obtained":[{"floor":6,"key":"Prayer Wheel"},{"floor":8,"key":"Orichalcum"}],"event_choices":[],"is_beta":false,"boss_relics":[],"items_purged_floors":[],"is_endless":false,"potions_floor_spawned":[3,5,6,12],"killed_by":"3 Sentries","ascension_level":13}