{"gold_per_floor":[114,64,64,64,76,105,120,152,175,189,202,377,393,122,122,122],"floor_reached":16,"playtime":726,"items_purged":["Doubt"],"score":158,"play_id":"ebf52d57-7991-4faa-ac25-b2c008474ca8","local_time":"20190112213856","is_ascension_mode":true,"campfire_choices":[{"floor":15,"key":"REST"}],"neow_cost":"NONE","seed_source_timestamp":118948032495,"circlet_count":0,"master_deck":["Defend_G","Defend_G","Defend_G","Defend_G","Strike_G","Strike_G","Strike_G","Strike_G","Survivor","Neutralize","Deadly Poison","Reflex","Footwork","Catalyst","Dagger Throw","Venomology","Acrobatics","Dodge and Roll"],"relics":["Ring of the Snake","NeowsBlessing","Art of War","Ancient Tea Set","Smiling Mask","Toolbox"],"potions_floor_usage":[13,16],"damage_taken":[{"damage":0,"enemies":"Jaw Worm","floor":1,"turns":1},{"damage":0,"enemies":"Cultist","floor":5,"turns":1},{"damage":0,"enemies":"Lagavulin","floor":6,"turns":1},{"damage":1,"enemies":"2 Louse","floor":7,"turns":3},{"damage":51,"enemies":"3 Sentries","floor":8,"turns":15},{"damage":1,"enemies":"2 Fungi Beasts","floor":10,"turns":5},{"damage":1,"enemies":"Looter","floor":11,"turns":3},{"damage":3,"enemies":"Blue Slaver","floor":13,"turns":3},{"damage":38,"enemies":"Hexaghost","floor":16,"turns":14}],"seed_played":"-1064378837918801312","potions_obtained":[{"floor":6,"key":"Dexterity Potion"},{"floor":8,"key":"Fire Potion"},{"floor":10,"key":"FairyPotion"}],"is_trial":false,"path_per_floor":["M","?","$","?","M","E","M","E","T","M","M","?","M","$","R","B"],"character_chosen":"THE_SILENT","items_purchased":["Toolbox","Dodge and Roll"],"campfire_rested":1,"item_purchase_floors":[14,14],"current_hp_per_floor":[70,70,70,70,70,70,69,18,18,17,16,16,13,13,34,4],"gold":122,"neow_bonus":"THREE_ENEMY_KILL","is_prod":false,"is_daily":false,"chose_seed":false,"campfire_upgraded":0,"win_rate":0,"timestamp":1547357936,"path_taken":["M","?","$","?","M","E","M","E","T","?","M","?","M","$","R","BOSS"],"build_version":"2019-01-10","purchased_purges":1,"victory":false,"max_hp_per_floor":[70,70,70,70,70,70,70,70,70,70,70,70,70,70,70,70],"card_choices":[{"not_picked":["Choke","Underhanded Strike"],"picked":"Deadly Poison","floor":1},{"not_picked":["Outmaneuver","Masterful Stab"],"picked":"Footwork","floor":5},{"not_picked":["Acrobatics","Phantasmal Killer"],"picked":"Catalyst","floor":6},{"not_picked":["Heel Hook","Underhanded Strike","Poisoned Stab"],"picked":"SKIP","floor":7},{"not_picked":["Flying Knee","Cloak And Dagger"],"picked":"Dagger Throw","floor":8},{"not_picked":["Expertise","Deadly Poison","Setup"],"picked":"SKIP","floor":10},{"not_picked":["Prepared","Finisher"],"picked":"Venomology","floor":11},{"not_picked":["Poisoned Stab","Slice"],"picked":"Acrobatics","floor":13}],"player_experience":221500,"relics_obtained":[{"floor":6,"key":"Art of War"},{"floor":8,"key":"Ancient Tea Set"},{"floor":9,"key":"Smiling Mask"}],"event_choices":[{"cards_removed":["Defend_G"],"damage_healed":0,"gold_gain":0,"player_choice":"Card Removal","damage_taken":0,"max_hp_gain":0,"max_hp_loss":0,"event_name":"The Cleric","floor":2,"gold_loss":50},{"damage_healed":0,"gold_gain":0,"cards_transformed":["Strike_G"],"player_choice":"Transformed","damage_taken":0,"max_hp_gain":0,"max_hp_loss":0,"event_name":"Transmorgrifier","floor":4,"gold_loss":0,"cards_obtained":["Reflex"]},{"damage_healed":0,"gold_gain":175,"player_choice":"AGREE","damage_taken":0,"max_hp_gain":0,"max_hp_loss":0,"event_name":"Liars Game","floor":12,"gold_loss":0,"cards_obtained":["Doubt"]}],"is_beta":false,"boss_relics":[],"items_purged_floors":[14],"is_endless":false,"potions_floor_spawned":[6,8,10,11],"killed_by":"Hexaghost","ascension_level":3}