{"gold_per_floor":[12,12,29,29,44,44,73,97,97,97,129,129,144,162,162,260,260,275,23,47,47,64,97,97,108,108,13,30,30,47,61,61,161,161,181,248,298,348,362,412,462],"floor_reached":41,"playtime":4243,"items_purged":[],"score":448,"play_id":"3495f472-b44a-40b5-b752-6aaa56c3ad78","local_time":"20190131093522","is_ascension_mode":false,"campfire_choices":[{"floor":6,"key":"REST"},{"floor":10,"key":"REST"},{"floor":12,"key":"REST"},{"floor":15,"key":"REST"},{"data":"Static Discharge","floor":24,"key":"SMITH"},{"floor":32,"key":"REST"}],"neow_cost":"NO_GOLD","seed_source_timestamp":208181346550455,"circlet_count":0,"master_deck":["Defend_B","Defend_B","Defend_B","Defend_B","Zap+1","Dualcast+1","Redo","Static Discharge+1","White Noise","Rainbow","Genetic Algorithm","Seek","Cold Snap+1","Bite","Bite","Bite","Bite","Bite","Capacitor+1","Sweeping Beam+1","Deep Breath+1","Ball Lightning","Rebound+1","Rainbow+1","Storm+1","Static Discharge","Secret Technique+1"],"relics":["Cracked Core","Ice Cream","Boot","Anchor","Oddly Smooth Stone","Matryoshka","Ornamental Fan","Sozu","Mercury Hourglass","War Paint","Centennial Puzzle","Bottled Lightning","Smiling Mask","Toxic Egg 2","SsserpentHead","Inserter"],"potions_floor_usage":[16,16,39],"damage_taken":[{"damage":1,"enemies":"Jaw Worm","floor":1,"turns":5},{"damage":1,"enemies":"Small Slimes","floor":3,"turns":3},{"damage":1,"enemies":"Cultist","floor":5,"turns":4},{"damage":28,"enemies":"3 Sentries","floor":7,"turns":7},{"damage":34,"enemies":"Gremlin Nob","floor":11,"turns":5},{"damage":0,"enemies":"3 Louse","floor":13,"turns":4},{"damage":2,"enemies":"Exordium Wildlife","floor":14,"turns":4},{"damage":44,"enemies":"Hexaghost","floor":16,"turns":9},{"damage":12,"enemies":"3 Byrds","floor":18,"turns":5},{"damage":0,"enemies":"Spheric Guardian","floor":22,"turns":3},{"damage":31,"enemies":"Slavers","floor":23,"turns":5},{"damage":19,"enemies":"Shelled Parasite and Fungi","floor":25,"turns":3},{"damage":12,"enemies":"Centurion and Healer","floor":28,"turns":5},{"damage":5,"enemies":"3 Cultists","floor":30,"turns":4},{"damage":8,"enemies":"Chosen and Byrds","floor":31,"turns":5},{"damage":51,"enemies":"Collector","floor":33,"turns":8},{"damage":21,"enemies":"3 Darklings","floor":35,"turns":4},{"damage":6,"enemies":"Orb Walker","floor":36,"turns":3},{"damage":33,"enemies":"Spire Growth","floor":39,"turns":4},{"damage":14,"enemies":"Jaw Worm Horde","floor":41,"turns":1}],"seed_played":"-2114352944426879263","potions_obtained":[{"floor":5,"key":"Poison Potion"},{"floor":7,"key":"FearPotion"},{"floor":13,"key":"Weak Potion"}],"is_trial":false,"path_per_floor":["?","?","T","T","?","$","M","?","M","?","?","?","M"],"character_chosen":"DEFECT","items_purchased":["Mercury Hourglass","Deep Breath+1"],"campfire_rested":5,"item_purchase_floors":[19,27],"current_hp_per_floor":[74,62,61,54,53,75,47,47,47,69,35,57,57,55,75,31,75,63,63,63,52,52,31,31,18,18,18,16,16,23,27,42,19,52,33,35,35,35,10,10,0],"gold":462,"neow_bonus":"ONE_RARE_RELIC","is_prod":false,"is_daily":false,"chose_seed":false,"campfire_upgraded":1,"win_rate":0.0,"timestamp":1548945322,"path_taken":["M","?","M","?","M","R","E","?","T","R","E","R","M","M","R","BOSS","M","$","?","?","M","E","R","M","T","?","?","?","M","M","R","BOSS","M","?","?","?","M","?","?"],"build_version":"2019-01-23","purchased_purges":0,"victory":false,"max_hp_per_floor":[75,75,75,75,75,75,75,75,75,75,75,75,75,75,75,75,75,75,75,75,52,52,52,52,52,52,52,52,52,52,52,52,52,52,52,52,52,52,52,52,52],"card_choices":[{"not_picked":["Coolheaded","Undo","Lockon"],"picked":"SKIP","floor":1},{"not_picked":["Cold Snap","Loop"],"picked":"Redo","floor":3},{"not_picked":["Cold Snap","Hello World"],"picked":"Static Discharge","floor":5},{"not_picked":["Darkness","Double Energy","Compile Driver"],"picked":"SKIP","floor":7},{"not_picked":["Gash","Force Field"],"picked":"White Noise","floor":11},{"not_picked":["Rip and Tear","Steam"],"picked":"Rainbow","floor":13},{"not_picked":["Skim","Conserve Battery"],"picked":"Genetic Algorithm","floor":14},{"not_picked":["Thunder Strike","Reboot"],"picked":"Seek","floor":16},{"not_picked":["Heatsinks+1","Coolheaded"],"picked":"Cold Snap+1","floor":18},{"not_picked":["Static Discharge","Hello World"],"picked":"Capacitor+1","floor":22},{"not_picked":["Turbo","Stack+1"],"picked":"Sweeping Beam+1","floor":23},{"not_picked":["Auto Shields+1","Loop","Heatsinks+1"],"picked":"SKIP","floor":25},{"not_picked":["Stack+1","Leap+1","Cold Snap"],"picked":"SKIP","floor":28},{"not_picked":["Melter","Fusion+1"],"picked":"Ball Lightning","floor":30},{"not_picked":["Barrage","Chaos+1"],"picked":"Rebound+1","floor":31},{"not_picked":["Meteor Strike","Buffer"],"picked":"Rainbow+1","floor":33},{"not_picked":["Leap+1","Scrape"],"picked":"Storm+1","floor":35},{"not_picked":["Steam+1","Sweeping Beam+1"],"picked":"Static Discharge","floor":36},{"not_picked":["Flash of Steel","Finesse+1"],"picked":"Secret Technique+1","floor":37},{"not_picked":["Streamline","Stack+1","Leap+1"],"picked":"SKIP","floor":39}],"player_experience":56569,"relics_obtained":[{"floor":7,"key":"Anchor"},{"floor":8,"key":"Oddly Smooth Stone"},{"floor":9,"key":"Matryoshka"},{"floor":11,"key":"Ornamental Fan"},{"floor":20,"key":"War Paint"},{"floor":20,"key":"Centennial Puzzle"},{"floor":23,"key":"Bottled Lightning"},{"floor":26,"key":"Smiling Mask"},{"floor":26,"key":"Toxic Egg 2"}],"event_choices":[{"damage_healed":0,"gold_gain":0,"player_choice":"Success","damage_taken":12,"relics_obtained":["Boot"],"max_hp_gain":0,"max_hp_loss":0,"event_name":"Scrap Ooze","floor":2,"gold_loss":0},{"cards_removed":["Strike_B"],"damage_healed":0,"gold_gain":0,"player_choice":"Card Removal","damage_taken":7,"max_hp_gain":0,"max_hp_loss":0,"event_name":"Golden Wing","floor":4,"gold_loss":0},{"damage_healed":0,"gold_gain":0,"player_choice":"Became a vampire","damage_taken":0,"max_hp_gain":0,"max_hp_loss":23,"event_name":"Vampires","floor":21,"gold_loss":0,"cards_obtained":["Bite","Bite","Bite","Bite","Bite"]},{"damage_healed":0,"gold_gain":0,"player_choice":"Trade","damage_taken":0,"relics_obtained":["SsserpentHead"],"max_hp_gain":0,"max_hp_loss":0,"event_name":"FaceTrader","floor":29,"gold_loss":0},{"damage_healed":0,"gold_gain":0,"player_choice":"Memory 1","damage_taken":0,"max_hp_gain":0,"max_hp_loss":0,"event_name":"SensoryStone","floor":37,"gold_loss":0},{"damage_healed":0,"gold_gain":0,"player_choice":"Ignored","damage_taken":0,"max_hp_gain":0,"max_hp_loss":0,"event_name":"Mysterious Sphere","floor":38,"gold_loss":0},{"damage_healed":0,"gold_gain":0,"player_choice":"Got Potions","damage_taken":0,"max_hp_gain":0,"max_hp_loss":0,"event_name":"Lab","floor":40,"gold_loss":0}],"is_beta":false,"boss_relics":[{"not_picked":["Coffee Dripper","Empty Cage"],"picked":"Sozu"},{"not_picked":["White Beast Statue","Astrolabe"],"picked":"Inserter"}],"items_purged_floors":[],"is_endless":false,"potions_floor_spawned":[5,7,13,22,25,30,33,39],"killed_by":"Jaw Worm Horde","ascension_level":0}