{"gold_per_floor":[112,112,112,124,49,49,76,90,139,152,186,205,221,241,241,346,346,362,362,362,375,395,395,424,424,424,278,278,298,42,42],"floor_reached":31,"playtime":1400,"items_purged":["Regret","Regret"],"score":374,"play_id":"ac25ff5e-5d54-40e6-890f-90797b8f5365","local_time":"20181104112620","is_ascension_mode":true,"campfire_choices":[{"data":"Armaments","floor":6,"key":"SMITH"},{"data":"Searing Blow","floor":15,"key":"SMITH"},{"floor":23,"key":"REST"},{"floor":25,"key":"REST"},{"floor":28,"key":"REST"}],"neow_cost":"NONE","seed_source_timestamp":2140292950733970,"circlet_count":0,"master_deck":["Strike_R","Strike_R","Strike_R","Strike_R","Strike_R","Defend_R","Defend_R","Defend_R","Defend_R","Bash","Trip","Battle Trance","Armaments+1","Dropkick","Headbutt","Searing Blow+1","Headbutt","Body Slam","Double Tap","RitualDagger","Metallicize+1","Shrug It Off"],"relics":["Burning Blood","Orichalcum","Peace Pipe","Centennial Puzzle","Frozen Egg 2","Cursed Key","Singing Bowl","Pantograph","Matryoshka"],"potions_floor_usage":[7,11,16,16,19,21,29],"damage_taken":[{"damage":4,"enemies":"2 Louse","floor":1,"turns":4},{"damage":10,"enemies":"Jaw Worm","floor":4,"turns":4},{"damage":22,"enemies":"Gremlin Nob","floor":7,"turns":5},{"damage":0,"enemies":"Cultist","floor":8,"turns":3},{"damage":9,"enemies":"Exordium Thugs","floor":10,"turns":5},{"damage":7,"enemies":"Lagavulin","floor":11,"turns":5},{"damage":10,"enemies":"Blue Slaver","floor":12,"turns":3},{"damage":0,"enemies":"Exordium Wildlife","floor":13,"turns":3},{"damage":9,"enemies":"Looter","floor":14,"turns":4},{"damage":40,"enemies":"The Guardian","floor":16,"turns":10},{"damage":21,"enemies":"Shell Parasite","floor":18,"turns":3},{"damage":26,"enemies":"Colosseum Slavers","floor":19,"turns":5},{"damage":0,"enemies":"3 Byrds","floor":21,"turns":5},{"damage":13,"enemies":"Snecko","floor":22,"turns":3},{"damage":41,"enemies":"Slavers","floor":24,"turns":5},{"damage":10,"enemies":"Shelled Parasite and Fungi","floor":29,"turns":3},{"damage":76,"enemies":"Gremlin Leader","floor":31,"turns":5}],"seed_played":"239769396800415441","potions_obtained":[{"floor":4,"key":"Regen Potion"},{"floor":8,"key":"BloodPotion"},{"floor":10,"key":"AttackPotion"},{"floor":11,"key":"Dexterity Potion"},{"floor":14,"key":"Fire Potion"},{"floor":18,"key":"EssenceOfSteel"},{"floor":24,"key":"SkillPotion"}],"is_trial":false,"path_per_floor":["M","?","?","M","$","R","E","M","T","M","E","M","M","M","R","B",null,"M","?","?","M","M","R","E","R","T","$","R","M","$","E"],"character_chosen":"IRONCLAD","items_purchased":["Shrug It Off","Matryoshka"],"campfire_rested":3,"item_purchase_floors":[27,30],"current_hp_per_floor":[74,74,74,70,70,70,66,72,72,69,68,64,70,67,67,41,70,55,35,29,35,28,52,17,41,41,41,65,63,63,0],"gold":42,"neow_bonus":"RANDOM_COLORLESS","is_prod":false,"is_daily":false,"chose_seed":false,"campfire_upgraded":2,"win_rate":0,"timestamp":1541355980,"path_taken":["M","?","?","M","$","R","E","M","T","?","E","?","M","M","R","BOSS","M","?","?","M","M","R","E","R","T","?","R","M","$","E"],"build_version":"2018-11-01","purchased_purges":2,"victory":false,"max_hp_per_floor":[80,80,80,80,80,80,80,80,80,80,80,80,80,80,80,80,80,80,80,80,80,80,80,80,80,80,80,80,82,82,82],"card_choices":[{"not_picked":["Cleave","Clothesline"],"picked":"Battle Trance","floor":1},{"not_picked":["Rage","Clothesline"],"picked":"Armaments","floor":4},{"not_picked":["Cleave","Heavy Blade"],"picked":"Dropkick","floor":7},{"not_picked":["Iron Wave","Infernal Blade"],"picked":"Headbutt","floor":8},{"not_picked":["Burning Pact","Wild Strike"],"picked":"Searing Blow","floor":10},{"not_picked":["True Grit","Anger"],"picked":"Headbutt","floor":11},{"not_picked":["Offering","Cleave","True Grit"],"picked":"SKIP","floor":12},{"not_picked":["Wild Strike","Clash"],"picked":"Body Slam","floor":13},{"not_picked":["Twin Strike","Feel No Pain+1","Anger"],"picked":"SKIP","floor":14},{"not_picked":["Limit Break","Dark Embrace+1"],"picked":"Double Tap","floor":16},{"not_picked":["Infernal Blade","Disarm","Perfected Strike"],"picked":"SKIP","floor":18},{"not_picked":["Rupture+1","Whirlwind","Heavy Blade"],"picked":"SKIP","floor":21},{"not_picked":["Burning Pact","Corruption+1","Infernal Blade"],"picked":"SKIP","floor":22},{"not_picked":["Sever Soul+1","Entrench"],"picked":"Metallicize+1","floor":24},{"not_picked":["Anger","True Grit","Headbutt"],"picked":"Singing Bowl","floor":29}],"player_experience":1002102,"relics_obtained":[{"floor":7,"key":"Peace Pipe"},{"floor":9,"key":"Centennial Puzzle"},{"floor":11,"key":"Frozen Egg 2"},{"floor":24,"key":"Singing Bowl"},{"floor":26,"key":"Pantograph"}],"event_choices":[{"damage_healed":0,"gold_gain":0,"player_choice":"Ignored","damage_taken":0,"max_hp_gain":0,"max_hp_loss":0,"event_name":"Golden Wing","floor":2,"gold_loss":0},{"damage_healed":0,"gold_gain":0,"player_choice":"Box","damage_taken":0,"relics_obtained":["Orichalcum"],"max_hp_gain":0,"max_hp_loss":0,"event_name":"Big Fish","floor":3,"gold_loss":0,"cards_obtained":["Regret"]},{"damage_healed":0,"gold_gain":0,"player_choice":"Fight","damage_taken":0,"max_hp_gain":0,"max_hp_loss":0,"event_name":"Colosseum","floor":19,"gold_loss":0},{"damage_healed":0,"gold_gain":0,"player_choice":"Fled From Nobs","damage_taken":0,"max_hp_gain":0,"max_hp_loss":0,"event_name":"Colosseum","floor":19,"gold_loss":0},{"damage_healed":0,"gold_gain":0,"player_choice":"Joined the Cult","damage_taken":6,"max_hp_gain":0,"max_hp_loss":0,"event_name":"Nest","floor":20,"gold_loss":0,"cards_obtained":["RitualDagger"]}],"is_beta":false,"boss_relics":[{"not_picked":["Orrery","Calling Bell"],"picked":"Cursed Key"}],"items_purged_floors":[5,27],"is_endless":false,"potions_floor_spawned":[4,8,10,11,14,18,24],"killed_by":"Gremlin Leader","ascension_level":8}