{"gold_per_floor":[110,121,42,54,54,82,101,111,134,154,229,242,259,259,259,357,357,368,467,467,340,340],"floor_reached":22,"playtime":895,"items_purged":["Strike_R"],"score":244,"play_id":"8a8576b6-9a28-4ba0-99e0-a8b5c8dc78b8","local_time":"20190121174653","is_ascension_mode":true,"campfire_choices":[{"floor":15.0,"key":"REST"}],"neow_cost":"TEN_PERCENT_HP_LOSS","seed_source_timestamp":763577031726717,"circlet_count":0,"master_deck":["Strike_R","Strike_R+1","Strike_R","Defend_R","Defend_R","Defend_R","Defend_R","Bash+1","Trip","Panacea","Inflame","Dropkick","Headbutt","Burning Pact","Disarm","Whirlwind","Shrug It Off","Sword Boomerang","Feed","Armaments"],"special_seed":0,"relics":["Burning Blood","Bronze Scales","Pen Nib","Snecko Eye","MutagenicStrength"],"potions_floor_usage":[18,22],"damage_taken":[{"damage":0.0,"enemies":"2 Louse","floor":1.0,"turns":2.0},{"damage":0.0,"enemies":"Small Slimes","floor":2.0,"turns":3.0},{"damage":7.0,"enemies":"Jaw Worm","floor":4.0,"turns":2.0},{"damage":30.0,"enemies":"Lagavulin","floor":6.0,"turns":7.0},{"damage":3.0,"enemies":"Blue Slaver","floor":7.0,"turns":3.0},{"damage":6.0,"enemies":"Looter","floor":8.0,"turns":4.0},{"damage":13.0,"enemies":"Large Slime","floor":10.0,"turns":4.0},{"damage":4.0,"enemies":"2 Fungi Beasts","floor":12.0,"turns":3.0},{"damage":0.0,"enemies":"Lots of Slimes","floor":13.0,"turns":1.0},{"damage":22.0,"enemies":"The Guardian","floor":16.0,"turns":11.0},{"damage":15,"enemies":"2 Thieves","floor":18,"turns":3},{"damage":16,"enemies":"Chosen","floor":22,"turns":6}],"seed_played":"-8449260452727583801","potions_obtained":[{"floor":1.0,"key":"Weak Potion"},{"floor":2.0,"key":"PowerPotion"},{"floor":7.0,"key":"Dexterity Potion"},{"floor":10.0,"key":"Explosive Potion"},{"floor":13.0,"key":"Swift Potion"},{"floor":16.0,"key":"Swift Potion"}],"is_trial":false,"path_per_floor":["M","M","$","M","?","E","M","M","T","M","?","M","M","?","R","B",null,"M","?","?","$","M"],"character_chosen":"IRONCLAD","items_purchased":["Dropkick","Armaments"],"campfire_rested":1,"item_purchase_floors":[3,21],"current_hp_per_floor":[72,72,72,71,57,33,36,36,36,29,18,20,26,19,40,24,60,51,51,51,51,35],"gold":340,"neow_bonus":"RANDOM_COLORLESS_2","is_prod":false,"is_daily":false,"chose_seed":false,"campfire_upgraded":0,"win_rate":0,"timestamp":1548121613,"path_taken":["M","M","$","M","?","E","M","M","T","M","?","M","M","?","R","BOSS","M","?","?","$","M"],"build_version":"2019-01-17v2","purchased_purges":1,"victory":false,"max_hp_per_floor":[72,72,72,72,72,72,72,72,72,72,72,72,72,72,72,72,72,72,72,72,72,72],"card_choices":[{"not_picked":["Power Through","Cleave"],"picked":"Inflame","floor":1.0},{"not_picked":["Hemokinesis","Flex","Heavy Blade"],"picked":"SKIP","floor":2.0},{"not_picked":["Blood for Blood","Body Slam"],"picked":"Headbutt","floor":4.0},{"not_picked":["Thunderclap","Dropkick"],"picked":"Burning Pact","floor":6.0},{"not_picked":["Shrug It Off","Hemokinesis"],"picked":"Disarm","floor":7.0},{"not_picked":["Flex","Body Slam","Heavy Blade"],"picked":"SKIP","floor":8.0},{"not_picked":["Flex","Searing Blow"],"picked":"Whirlwind","floor":10.0},{"not_picked":["Pommel Strike","Second Wind"],"picked":"Shrug It Off","floor":12.0},{"not_picked":["Reckless Charge","Iron Wave"],"picked":"Sword Boomerang","floor":13.0},{"not_picked":["Dark Embrace","Berserk"],"picked":"Feed","floor":16.0},{"not_picked":["Flex","Bloodletting","Cleave"],"picked":"SKIP","floor":18}],"player_experience":277206,"relics_obtained":[{"floor":6.0,"key":"Bronze Scales"},{"floor":9.0,"key":"Pen Nib"}],"event_choices":[{"damage_healed":0.0,"max_hp_gain":0.0,"max_hp_loss":0.0,"gold_gain":0.0,"event_name":"Shining Light","player_choice":"Entered Light","floor":5.0,"gold_loss":0.0,"damage_taken":14.0,"cards_upgraded":["Bash","Strike_R"]},{"damage_healed":0.0,"max_hp_gain":0.0,"max_hp_loss":0.0,"gold_gain":75.0,"event_name":"World of Goop","player_choice":"Gather Gold","floor":11.0,"gold_loss":0.0,"damage_taken":11.0},{"cards_removed":["Strike_R"],"damage_healed":0.0,"max_hp_gain":0.0,"max_hp_loss":0.0,"gold_gain":0.0,"event_name":"Golden Wing","player_choice":"Card Removal","floor":14.0,"gold_loss":0.0,"damage_taken":7.0},{"damage_healed":0,"gold_gain":99,"player_choice":"Stole From Cult","damage_taken":0,"max_hp_gain":0,"max_hp_loss":0,"event_name":"Nest","floor":19,"gold_loss":0},{"damage_healed":0,"gold_gain":0,"player_choice":"Inject Mutagens","damage_taken":0,"relics_obtained":["MutagenicStrength"],"max_hp_gain":0,"max_hp_loss":0,"event_name":"Drug Dealer","floor":20,"gold_loss":0}],"is_beta":false,"boss_relics":[{"not_picked":["Black Blood","Astrolabe"],"picked":"Snecko Eye"}],"items_purged_floors":[21],"is_endless":false,"potions_floor_spawned":[1,2,7,10,13,16],"killed_by":"Chosen","ascension_level":6}