{"gold_per_floor":[116,127,180,190,202,234,234,234,234,249,267,279,294,219,219,231],"floor_reached":16,"playtime":808,"items_purged":["Dualcast"],"score":106,"play_id":"fc0f742b-935a-42f8-ba9d-e8933e95c0f2","local_time":"20190218230915","is_ascension_mode":false,"campfire_choices":[{"floor":8,"key":"DIG"},{"floor":15,"key":"DIG"}],"neow_cost":"NONE","seed_source_timestamp":427726265475550,"circlet_count":0,"master_deck":["Strike_B","Strike_B","Strike_B","Strike_B","Defend_B","Defend_B","Defend_B","Defend_B","Zap","Self Repair","Defragment","FTL"],"relics":["Coffee Dripper","Tiny Chest","Shovel","Du-Vu Doll","FossilizedHelix","MawBank"],"potions_floor_usage":[6,10,13,16],"damage_taken":[{"damage":0,"enemies":"Cultist","floor":1,"turns":4},{"damage":9,"enemies":"2 Louse","floor":2,"turns":3},{"damage":0,"enemies":"Small Slimes","floor":4,"turns":3},{"damage":10,"enemies":"Looter","floor":5,"turns":3},{"damage":38,"enemies":"3 Sentries","floor":6,"turns":9},{"damage":0,"enemies":"Exordium Wildlife","floor":10,"turns":6},{"damage":5,"enemies":"Large Slime","floor":11,"turns":6},{"damage":5,"enemies":"Exordium Thugs","floor":12,"turns":5},{"damage":0,"enemies":"Blue Slaver","floor":13,"turns":3},{"damage":52,"enemies":"The Guardian","floor":16,"turns":10}],"seed_played":"3819972047128013516","potions_obtained":[{"floor":2,"key":"Weak Potion"},{"floor":5,"key":"Swift Potion"},{"floor":7,"key":"Swift Potion"},{"floor":7,"key":"FearPotion"},{"floor":11,"key":"Swift Potion"},{"floor":13,"key":"SpeedPotion"}],"is_trial":false,"path_per_floor":["M","T","?","M"],"character_chosen":"DEFECT","items_purchased":[],"campfire_rested":0,"item_purchase_floors":[],"current_hp_per_floor":[75,66,66,66,63,32,32,32,32,39,41,43,50,50,50,0],"gold":231,"neow_bonus":"BOSS_RELIC","is_prod":false,"is_daily":false,"chose_seed":false,"campfire_upgraded":0,"win_rate":0,"timestamp":1550549355,"path_taken":["M","?","?","M","M","E","?","R","T","M","M","M","?","$","R","BOSS"],"build_version":"2019-01-23","purchased_purges":1,"victory":false,"max_hp_per_floor":[75,75,75,75,75,75,75,75,75,75,75,75,75,75,75,75],"card_choices":[{"not_picked":["Beam Cell","Heatsinks","Compile Driver"],"picked":"SKIP","floor":1},{"not_picked":["Coolheaded","Steam","Conserve Battery"],"picked":"SKIP","floor":2},{"not_picked":["Undo","BootSequence"],"picked":"Self Repair","floor":4},{"not_picked":["Compile Driver","Go for the Eyes","Skim"],"picked":"SKIP","floor":5},{"not_picked":["Beam Cell","Core Surge","Steam Power"],"picked":"SKIP","floor":6},{"not_picked":["Hologram","Rebound"],"picked":"Defragment","floor":10},{"not_picked":["Undo","Turbo","Beam Cell"],"picked":"SKIP","floor":11},{"not_picked":["Double Energy","Genetic Algorithm"],"picked":"FTL","floor":12},{"not_picked":["Steam Power","Scrape","Ball Lightning"],"picked":"SKIP","floor":13}],"player_experience":530115,"relics_obtained":[{"floor":3,"key":"Tiny Chest"},{"floor":6,"key":"Shovel"},{"floor":8,"key":"Du-Vu Doll"},{"floor":9,"key":"FossilizedHelix"},{"floor":15,"key":"MawBank"}],"event_choices":[{"damage_healed":0,"gold_gain":0,"player_choice":"Got Potions","damage_taken":0,"max_hp_gain":0,"max_hp_loss":0,"event_name":"Lab","floor":7,"gold_loss":0}],"is_beta":false,"boss_relics":[],"items_purged_floors":[14],"is_endless":false,"potions_floor_spawned":[2,5,11,12,13],"killed_by":"The Guardian","ascension_level":0}