{"gold_per_floor":[116,131,206,226,226,226,259,259,284,284,310,322,349,58,58,130,130,142,159,159,172,189,189,217,217,217,217],"floor_reached":27,"playtime":1527,"items_purged":[],"score":427,"play_id":"0f86eedd-db2a-4fa6-b113-465f0c326a5d","local_time":"20190402223236","is_ascension_mode":true,"campfire_choices":[{"data":"Bash","floor":6.0,"key":"SMITH"},{"data":"Headbutt","floor":10.0,"key":"SMITH"},{"data":"Flame Barrier","floor":15,"key":"SMITH"},{"floor":23,"key":"REST"}],"neow_cost":"NONE","seed_source_timestamp":0,"circlet_count":0,"master_deck":["AscendersBane","Strike_R","Strike_R","Strike_R","Strike_R","Defend_R+1","Defend_R","Defend_R+1","Defend_R","Bash+1","Metallicize","Seeing Red","Flame Barrier+1","Headbutt+1","Searing Blow","Shrug It Off","Clothesline","Thunderclap","Carnage","Inflame","Demon Form","RitualDagger","Writhe"],"special_seed":0,"relics":["Burning Blood","Pen Nib","War Paint","Champion Belt","MawBank","Red Skull","Busted Crown","Orichalcum","Centennial Puzzle","Toxic Egg 2"],"potions_floor_usage":[19,24],"damage_taken":[{"damage":9.0,"enemies":"Jaw Worm","floor":1.0,"turns":5.0},{"damage":1.0,"enemies":"Small Slimes","floor":2.0,"turns":4.0},{"damage":0.0,"enemies":"Cultist","floor":4.0,"turns":4.0},{"damage":41.0,"enemies":"Gremlin Nob","floor":7.0,"turns":5.0},{"damage":20.0,"enemies":"Lagavulin","floor":11.0,"turns":9.0},{"damage":2.0,"enemies":"Exordium Thugs","floor":12.0,"turns":6.0},{"damage":8.0,"enemies":"3 Sentries","floor":13.0,"turns":10.0},{"damage":18,"enemies":"Hexaghost","floor":16,"turns":9},{"damage":27,"enemies":"Spheric Guardian","floor":18,"turns":4},{"damage":9,"enemies":"2 Thieves","floor":19,"turns":4},{"damage":22,"enemies":"3 Cultists","floor":21,"turns":5},{"damage":4,"enemies":"Cultist and Chosen","floor":22,"turns":4},{"damage":41,"enemies":"Book of Stabbing","floor":24,"turns":6},{"damage":18,"enemies":"Centurion and Healer","floor":27,"turns":3}],"seed_played":"-8660748670669171107","potions_obtained":[{"floor":2.0,"key":"Poison Potion"},{"floor":11.0,"key":"PowerPotion"},{"floor":13.0,"key":"Weak Potion"},{"floor":18,"key":"Strength Potion"},{"floor":19,"key":"Weak Potion"}],"is_trial":false,"path_per_floor":["?","?","?","M","?","?"],"character_chosen":"IRONCLAD","items_purchased":["Red Skull","Carnage","Inflame"],"campfire_rested":1,"item_purchase_floors":[14,14,14],"current_hp_per_floor":[72,77,66,72,77,77,42,42,42,42,28,32,30,30,30,18,70,49,46,40,24,26,52,17,17,17,0],"gold":217,"neow_bonus":"TEN_PERCENT_HP_BONUS","is_prod":false,"is_daily":false,"chose_seed":false,"campfire_upgraded":3,"win_rate":0,"timestamp":1554258756,"path_taken":["M","M","?","M","?","R","E","?","T","R","E","?","E","$","R","BOSS","M","M","?","M","M","R","E","?","T","M"],"build_version":"2019-01-23","purchased_purges":0,"victory":false,"max_hp_per_floor":[82,82,82,82,87,87,87,87,87,87,87,87,87,87,87,87,87,87,87,87,87,87,87,87,87,87,87],"card_choices":[{"not_picked":["Iron Wave","Clash"],"picked":"Metallicize","floor":1.0},{"not_picked":["Thunderclap","Sentinel"],"picked":"Seeing Red","floor":2.0},{"not_picked":["Fire Breathing","Shrug It Off"],"picked":"Flame Barrier","floor":4.0},{"not_picked":["Body Slam","Cleave"],"picked":"Headbutt","floor":7.0},{"not_picked":["Bloodletting","Clash"],"picked":"Shrug It Off","floor":11.0},{"not_picked":["Heavy Blade","Anger"],"picked":"Clothesline","floor":12.0},{"not_picked":["Impervious","Pommel Strike"],"picked":"Thunderclap","floor":13.0},{"not_picked":["Fiend Fire","Juggernaut"],"picked":"Demon Form","floor":16},{"not_picked":["Wild Strike"],"picked":"SKIP","floor":18},{"not_picked":["Clothesline"],"picked":"SKIP","floor":19},{"not_picked":["Body Slam"],"picked":"SKIP","floor":21},{"not_picked":["Cleave+1"],"picked":"SKIP","floor":22},{"not_picked":["Headbutt"],"picked":"SKIP","floor":24}],"player_experience":1400718,"relics_obtained":[{"floor":7.0,"key":"Pen Nib"},{"floor":9.0,"key":"War Paint"},{"floor":11.0,"key":"Champion Belt"},{"floor":13.0,"key":"MawBank"},{"floor":24,"key":"Orichalcum"},{"floor":26,"key":"Toxic Egg 2"}],"event_choices":[{"damage_healed":0.0,"max_hp_gain":0.0,"max_hp_loss":0.0,"gold_gain":75.0,"event_name":"World of Goop","player_choice":"Gather Gold","floor":3.0,"gold_loss":0.0,"damage_taken":11.0},{"damage_healed":0.0,"max_hp_gain":5.0,"max_hp_loss":0.0,"gold_gain":0.0,"event_name":"Big Fish","player_choice":"Donut","floor":5.0,"gold_loss":0.0,"damage_taken":0.0},{"damage_healed":0.0,"max_hp_gain":0.0,"max_hp_loss":0.0,"gold_gain":0.0,"cards_transformed":["Strike_R"],"event_name":"Transmorgrifier","player_choice":"Transformed","floor":8.0,"gold_loss":0.0,"damage_taken":0.0,"cards_obtained":["Searing Blow"]},{"damage_healed":0,"gold_gain":0,"player_choice":"Joined the Cult","damage_taken":6,"max_hp_gain":0,"max_hp_loss":0,"event_name":"Nest","floor":20,"gold_loss":0,"cards_obtained":["RitualDagger"]},{"damage_healed":0,"gold_gain":0,"player_choice":"Opened","damage_taken":0,"relics_obtained":["Centennial Puzzle"],"max_hp_gain":0,"max_hp_loss":0,"event_name":"The Mausoleum","floor":25,"gold_loss":0,"cards_obtained":["Writhe"]}],"is_beta":false,"boss_relics":[{"not_picked":["Black Blood","Eternal Feather"],"picked":"Busted Crown"}],"items_purged_floors":[],"is_endless":false,"potions_floor_spawned":[2,11,13,18,19,21],"killed_by":"Centurion and Healer","ascension_level":14}