{"gold_per_floor":[20,30,45,57,71,103,103,130,130,130],"floor_reached":10,"playtime":361,"items_purged":[],"score":80,"play_id":"31b33915-40b9-4825-901c-444ed285f171","local_time":"20190208092650","is_ascension_mode":false,"campfire_choices":[{"floor":7,"key":"REST"}],"neow_cost":"NO_GOLD","seed_source_timestamp":854104339358524,"circlet_count":0,"master_deck":["Strike_R","Strike_R","Strike_R","Strike_R","Strike_R","Defend_R","Defend_R","Defend_R","Defend_R","Bash","Forethought","Madness","Cleave","Iron Wave","Shrug It Off","Flame Barrier","Body Slam","Bludgeon","Flame Barrier"],"relics":["Burning Blood","Bag of Preparation"],"potions_floor_usage":[6],"damage_taken":[{"damage":7,"enemies":"Small Slimes","floor":1,"turns":4},{"damage":1,"enemies":"Cultist","floor":2,"turns":4},{"damage":4,"enemies":"2 Louse","floor":3,"turns":2},{"damage":2,"enemies":"2 Fungi Beasts","floor":4,"turns":5},{"damage":19,"enemies":"Exordium Wildlife","floor":5,"turns":5},{"damage":53,"enemies":"Lagavulin","floor":6,"turns":10},{"damage":28,"enemies":"Gremlin Nob","floor":8,"turns":5}],"seed_played":"-6149784867653483772","potions_obtained":[{"floor":1,"key":"SpeedPotion"},{"floor":2,"key":"GamblersBrew"},{"floor":6,"key":"SkillPotion"},{"floor":8,"key":"SpeedPotion"}],"is_trial":false,"path_per_floor":["M","M","M","M","M","E","R","E","T","?"],"character_chosen":"IRONCLAD","items_purchased":[],"campfire_rested":1,"item_purchase_floors":[],"current_hp_per_floor":[79,80,80,80,67,20,44,22,22,22],"gold":130,"neow_bonus":"RANDOM_COLORLESS_2","is_prod":false,"is_daily":false,"chose_seed":false,"campfire_upgraded":0,"win_rate":0,"timestamp":1549643210,"path_taken":["M","M","M","M","M","E","R","E","T","?"],"build_version":"2019-01-23","purchased_purges":0,"victory":false,"max_hp_per_floor":[80,80,80,80,80,80,80,80,80,80],"card_choices":[{"not_picked":["Combust","Shockwave"],"picked":"Cleave","floor":1},{"not_picked":["Metallicize","Combust"],"picked":"Iron Wave","floor":2},{"not_picked":["Dropkick","Rupture"],"picked":"Shrug It Off","floor":3},{"not_picked":["Pommel Strike","Clash"],"picked":"Flame Barrier","floor":4},{"not_picked":["Wild Strike","Clothesline"],"picked":"Body Slam","floor":5},{"not_picked":["Bloodletting","Entrench"],"picked":"Bludgeon","floor":6},{"not_picked":["Armaments","Battle Trance"],"picked":"Flame Barrier","floor":8}],"player_experience":1403324,"relics_obtained":[{"floor":8,"key":"Bag of Preparation"}],"event_choices":[],"is_beta":false,"boss_relics":[],"items_purged_floors":[],"is_endless":false,"potions_floor_spawned":[1,2,6,8],"ascension_level":0}