{"gold_per_floor":[116,116,41,41,59,103,103,123,123,148,186,186,220,395,395,519,519,543,559,50,75,88,121,121,121,200,200,220,220,220,27,27,152,152,172,46,65,79,9,9,9,0,0,36,57,73,91,112,112,112,112,112,38,38],"floor_reached":54,"playtime":3833,"items_purged":["Strike_R","Doubt","Clash+1"],"score":965,"play_id":"c88025db-ef36-4f93-8a1f-82bee8078da9","local_time":"20190320122435","is_ascension_mode":true,"campfire_choices":[{"data":"Corruption","floor":7,"key":"SMITH"},{"data":"Bash","floor":12,"key":"SMITH"},{"data":"Flex","floor":15,"key":"SMITH"},{"data":"1","floor":24,"key":"LIFT"},{"data":"2","floor":27,"key":"LIFT"},{"data":"3","floor":29,"key":"LIFT"},{"data":"Rampage","floor":32,"key":"SMITH"},{"data":"Limit Break","floor":40,"key":"SMITH"},{"floor":49,"key":"RECALL"},{"data":"Feel No Pain","floor":52,"key":"SMITH"}],"neow_cost":"NONE","seed_source_timestamp":389157760737240,"circlet_count":0,"master_deck":["Strike_R","Strike_R","Defend_R","Defend_R+1","Defend_R","Bash+1","Flex+1","Corruption+1","Rage","Shrug It Off","Impervious","Feel No Pain+1","Infernal Blade+1","Dual Wield+1","Burning Pact","Rampage+1","Spot Weakness","Rage","Iron Wave","Spot Weakness","Headbutt","Spot Weakness","Ghostly","Ghostly","Ghostly","Ghostly","Ghostly","Havoc+1","J.A.X.","Limit Break+1","True Grit+1","Flex+1","Disarm","Inflame","Headbutt","Metallicize","True Grit+1","True Grit+1","Disarm+1"],"relics":["Burning Blood","NeowsBlessing","Golden Idol","Thread and Needle","Bird Faced Urn","Paper Frog","Champion Belt","Astrolabe","Membership Card","Girya","Regal Pillow","Question Card","Blue Candle","Coffee Dripper","Mummified Hand","Red Mask","Pocketwatch","Red Skull"],"potions_floor_usage":[22,22,22,28],"damage_taken":[{"damage":0,"enemies":"Cultist","floor":1,"turns":1},{"damage":0,"enemies":"Small Slimes","floor":5,"turns":1},{"damage":0,"enemies":"3 Sentries","floor":6,"turns":2},{"damage":0,"enemies":"Jaw Worm","floor":8,"turns":2},{"damage":12,"enemies":"Exordium Wildlife","floor":10,"turns":5},{"damage":14,"enemies":"Lagavulin","floor":11,"turns":5},{"damage":16,"enemies":"3 Sentries","floor":13,"turns":9},{"damage":46,"enemies":"Hexaghost","floor":16,"turns":11},{"damage":0,"enemies":"3 Byrds","floor":18,"turns":7},{"damage":5,"enemies":"Chosen","floor":19,"turns":6},{"damage":1,"enemies":"Sentry and Sphere","floor":21,"turns":5},{"damage":31,"enemies":"Chosen and Byrds","floor":22,"turns":10},{"damage":14,"enemies":"Book of Stabbing","floor":23,"turns":5},{"damage":15,"enemies":"Snake Plant","floor":28,"turns":6},{"damage":16,"enemies":"Champ","floor":33,"turns":12},{"damage":1,"enemies":"3 Shapes","floor":35,"turns":6},{"damage":0,"enemies":"Orb Walker","floor":37,"turns":3},{"damage":25,"enemies":"Spire Growth","floor":38,"turns":4},{"damage":5,"enemies":"Nemesis","floor":44,"turns":9},{"damage":3,"enemies":"3 Darklings","floor":45,"turns":8},{"damage":2,"enemies":"Sphere and 2 Shapes","floor":46,"turns":5},{"damage":3,"enemies":"Jaw Worm Horde","floor":47,"turns":7},{"damage":13,"enemies":"Spire Growth","floor":48,"turns":8},{"damage":26,"enemies":"Time Eater","floor":50,"turns":12},{"damage":48,"enemies":"Shield and Spear","floor":54,"turns":3}],"seed_played":"7326402214715406087","potions_obtained":[{"floor":5,"key":"Weak Potion"},{"floor":8,"key":"BloodPotion"},{"floor":13,"key":"EssenceOfSteel"},{"floor":21,"key":"GamblersBrew"},{"floor":23,"key":"EntropicBrew"}],"is_trial":false,"path_per_floor":["?","?","?","?","?","?","?"],"character_chosen":"IRONCLAD","items_purchased":["Membership Card","Girya","Rampage","Spot Weakness","Rage","Iron Wave","Blue Candle","Mummified Hand","Disarm","Inflame","Red Skull"],"campfire_rested":0,"item_purchase_floors":[20,20,20,20,20,20,31,36,39,39,53],"current_hp_per_floor":[80,64,64,64,70,74,74,74,74,70,64,64,56,56,56,20,61,71,74,74,74,60,56,56,37,37,37,28,28,28,28,28,22,33,37,37,37,18,18,18,18,18,18,25,34,37,37,37,37,19,33,33,33,0],"gold":38,"neow_bonus":"THREE_ENEMY_KILL","is_prod":false,"is_daily":false,"chose_seed":false,"campfire_upgraded":6,"win_rate":0,"timestamp":1553099075,"path_taken":["M","?","$","?","M","E","R","M","T","M","E","R","E","?","R","BOSS","M","M","$","M","M","E","R","?","T","R","M","R","?","$","R","BOSS","M","$","M","M","$","R","?","?","T","E","M","M","M","M","R","BOSS","R","$","E"],"build_version":"2019-01-23","purchased_purges":3,"victory":false,"max_hp_per_floor":[80,80,80,74,74,74,74,74,74,74,74,74,74,74,74,74,74,74,74,74,74,74,74,74,37,37,37,37,37,37,37,37,37,37,37,37,37,37,37,37,37,37,37,37,37,37,37,37,37,37,37,37,37,37],"card_choices":[{"not_picked":["Clash","Body Slam"],"picked":"Carnage","floor":1},{"not_picked":["Sever Soul","Reckless Charge"],"picked":"Flex","floor":5},{"not_picked":["Ghostly Armor","Pommel Strike"],"picked":"Corruption","floor":6},{"not_picked":["Evolve","Cleave"],"picked":"Rage","floor":8},{"not_picked":["Anger","Battle Trance"],"picked":"Shrug It Off","floor":10},{"not_picked":["Rupture","Iron Wave"],"picked":"Impervious","floor":11},{"not_picked":["Reckless Charge","Whirlwind"],"picked":"Feel No Pain","floor":13},{"not_picked":["Perfected Strike","Heavy Blade+1"],"picked":"Burning Pact","floor":18},{"not_picked":["Wild Strike+1","Headbutt+1","Armaments+1"],"picked":"SKIP","floor":19},{"not_picked":["Dropkick","Pummel"],"picked":"Spot Weakness","floor":21},{"not_picked":["Wild Strike","Rampage"],"picked":"Headbutt","floor":22},{"not_picked":["Infernal Blade+1","Demon Form"],"picked":"Spot Weakness","floor":23},{"not_picked":["Headbutt","Pommel Strike","Flame Barrier"],"picked":"Havoc+1","floor":28},{"not_picked":["Brutality","Fiend Fire","Impervious"],"picked":"Limit Break","floor":33},{"not_picked":["Clothesline+1","Clash+1","Shrug It Off+1"],"picked":"True Grit+1","floor":35},{"not_picked":["Clash+1","Hemokinesis","Rupture+1"],"picked":"Flex+1","floor":37},{"not_picked":["Uppercut+1","Rage+1","Havoc","Pommel Strike"],"picked":"SKIP","floor":38},{"not_picked":["Clash+1","Combust","Dual Wield+1"],"picked":"Headbutt","floor":44},{"not_picked":["Perfected Strike","Berserk","Corruption+1"],"picked":"Metallicize","floor":45},{"not_picked":["Clothesline+1","Bloodletting","Sentinel"],"picked":"True Grit+1","floor":46},{"not_picked":["Warcry","Power Through","Flex"],"picked":"True Grit+1","floor":47},{"not_picked":["Thunderclap","Intimidate","Feed"],"picked":"Disarm+1","floor":48}],"player_experience":824134,"relics_obtained":[{"floor":6,"key":"Thread and Needle"},{"floor":9,"key":"Bird Faced Urn"},{"floor":11,"key":"Paper Frog"},{"floor":13,"key":"Champion Belt"},{"floor":23,"key":"Regal Pillow"},{"floor":26,"key":"Question Card"},{"floor":44,"key":"Pocketwatch"}],"event_choices":[{"damage_healed":0,"gold_gain":0,"player_choice":"Entered Light","damage_taken":16,"max_hp_gain":0,"max_hp_loss":0,"event_name":"Shining Light","floor":2,"gold_loss":0,"cards_upgraded":["Defend_R","Carnage"]},{"damage_healed":0,"gold_gain":0,"player_choice":"Lose Max HP","damage_taken":0,"relics_obtained":["Golden Idol"],"max_hp_gain":0,"max_hp_loss":6,"event_name":"Golden Idol","floor":4,"gold_loss":0},{"damage_healed":0,"gold_gain":175,"player_choice":"AGREE","damage_taken":0,"max_hp_gain":0,"max_hp_loss":0,"event_name":"Liars Game","floor":14,"gold_loss":0,"cards_obtained":["Doubt"]},{"damage_healed":0,"gold_gain":0,"player_choice":"Became a Ghost","damage_taken":0,"max_hp_gain":0,"max_hp_loss":37,"event_name":"Ghosts","floor":25,"gold_loss":0,"cards_obtained":["Ghostly","Ghostly","Ghostly","Ghostly","Ghostly"]},{"damage_healed":0,"gold_gain":0,"player_choice":"Obtain J.A.X.","damage_taken":0,"max_hp_gain":0,"max_hp_loss":0,"event_name":"Drug Dealer","floor":30,"gold_loss":0,"cards_obtained":["J.A.X."]},{"cards_removed":["Carnage"],"damage_healed":0,"gold_gain":0,"player_choice":"Removed Attack","damage_taken":0,"max_hp_gain":0,"max_hp_loss":0,"event_name":"Falling","floor":41,"gold_loss":0},{"damage_healed":0,"gold_gain":0,"player_choice":"Paid","damage_taken":0,"relics_obtained":["Red Mask"],"max_hp_gain":0,"max_hp_loss":0,"event_name":"Tomb of Lord Red Mask","floor":42,"gold_loss":9}],"is_beta":false,"boss_relics":[{"not_picked":["Pandora\u0027s Box","Eternal Feather"],"picked":"Astrolabe"},{"not_picked":["Calling Bell","Philosopher\u0027s Stone"],"picked":"Coffee Dripper"}],"items_purged_floors":[3,20,31],"is_endless":false,"potions_floor_spawned":[5,8,13,18,21,23,35,38,45],"killed_by":"Shield and Spear","ascension_level":5}