{"gold_per_floor":[110,110,52,66,241,271,271,305,358,389,66,83,112,122,122,226,226,240,240,240,69,84,113,129,129],"floor_reached":25,"playtime":12107,"items_purged":[],"score":299,"play_id":"cc90c05c-5450-4173-b402-16528c406f93","local_time":"20180926124813","is_ascension_mode":true,"campfire_choices":[{"floor":7,"key":"REST"},{"floor":15,"key":"REST"}],"neow_cost":"","seed_source_timestamp":1094087760651711,"circlet_count":0,"master_deck":["Strike_R","Strike_R","Strike_R","Strike_R","Strike_R","Defend_R","Defend_R","Defend_R","Defend_R","Bash","Flame Barrier","Regret","Shockwave","Doubt","Headbutt","Clothesline","Feel No Pain","Apotheosis+1","True Grit","Discovery","Exhume","Uppercut","Spot Weakness","Limit Break","Disarm","Clothesline","Iron Wave","Limit Break","Spot Weakness"],"relics":["Burning Blood","Centennial Puzzle","Mercury Hourglass","Oddly Smooth Stone","Art of War","Red Skull","Charon\u0027s Ashes","Pen Nib","White Beast Statue","Orichalcum","Potion Belt"],"potions_floor_usage":[10,10,16,16,23,23,25,25],"damage_taken":[{"damage":1,"enemies":"Cultist","floor":1,"turns":3},{"damage":0,"enemies":"Small Slimes","floor":4,"turns":2},{"damage":34,"enemies":"3 Sentries","floor":6,"turns":8},{"damage":51,"enemies":"Lagavulin","floor":8,"turns":10},{"damage":8,"enemies":"Gremlin Nob","floor":10,"turns":4},{"damage":0,"enemies":"Jaw Worm","floor":12,"turns":3},{"damage":12,"enemies":"3 Sentries","floor":13,"turns":4},{"damage":0,"enemies":"2 Fungi Beasts","floor":14,"turns":3},{"damage":30,"enemies":"Hexaghost","floor":16,"turns":10},{"damage":6,"enemies":"Spheric Guardian","floor":18,"turns":5},{"damage":1,"enemies":"3 Byrds","floor":22,"turns":4},{"damage":25,"enemies":"Book of Stabbing","floor":23,"turns":6},{"damage":19,"enemies":"Centurion and Healer","floor":24,"turns":8},{"damage":52,"enemies":"Slavers","floor":25,"turns":4}],"seed_played":"-6285814927427851409","potions_obtained":[{"floor":6,"key":"SteroidPotion"},{"floor":8,"key":"BloodPotion"},{"floor":10,"key":"PowerPotion"},{"floor":14,"key":"Dexterity Potion"},{"floor":18,"key":"PowerPotion"},{"floor":22,"key":"BloodPotion"},{"floor":23,"key":"EssenceOfSteel"},{"floor":24,"key":"Strength Potion"}],"is_trial":false,"path_per_floor":["M","?","?","M","?","E","R","E","T","E","$","M","E","M","R","B",null,"M","?","?","$","M","E","M"],"character_chosen":"IRONCLAD","items_purchased":["Apotheosis","True Grit","Discovery","Orichalcum","Clothesline"],"campfire_rested":2,"item_purchase_floors":[11,11,11,21,21],"current_hp_per_floor":[80,80,80,80,80,52,76,31,31,37,37,43,37,43,67,43,80,80,80,65,65,70,59,46,0],"gold":129,"neow_bonus":"","is_prod":false,"is_daily":false,"chose_seed":false,"campfire_upgraded":0,"win_rate":0,"timestamp":1537987693,"path_taken":["M","?","?","M","?","E","R","E","T","E","$","M","E","?","R","BOSS","M","?","?","?","?","E","M","E"],"build_version":"2018-09-20","purchased_purges":0,"victory":false,"max_hp_per_floor":[80,80,80,80,80,80,80,80,80,80,80,80,80,80,80,80,80,80,80,85,85,85,85,85,85],"card_choices":[{"not_picked":["Headbutt","Wild Strike"],"picked":"Flame Barrier","floor":1},{"not_picked":["Clash","Burning Pact"],"picked":"Shockwave","floor":4},{"not_picked":["Bloodletting","Second Wind"],"picked":"Headbutt","floor":6},{"not_picked":["True Grit","Twin Strike"],"picked":"Clothesline","floor":8},{"not_picked":["Uppercut","Battle Trance"],"picked":"Feel No Pain","floor":10},{"not_picked":["True Grit","Havoc"],"picked":"Exhume","floor":12},{"not_picked":["Dual Wield","Dropkick"],"picked":"Uppercut","floor":13},{"not_picked":["Havoc","Whirlwind"],"picked":"Spot Weakness","floor":14},{"not_picked":["Exhume","Demon Form"],"picked":"Limit Break","floor":16},{"not_picked":["Clash","Thunderclap"],"picked":"Disarm","floor":18},{"not_picked":["Armaments","Warcry"],"picked":"Iron Wave","floor":22},{"not_picked":["Twin Strike","Clothesline+1"],"picked":"Limit Break","floor":23},{"not_picked":["True Grit","Bloodletting"],"picked":"Spot Weakness","floor":24}],"player_experience":623675,"relics_obtained":[{"floor":6,"key":"Oddly Smooth Stone"},{"floor":8,"key":"Art of War"},{"floor":9,"key":"Red Skull"},{"floor":10,"key":"Charon\u0027s Ashes"},{"floor":13,"key":"Pen Nib"},{"floor":23,"key":"Potion Belt"}],"event_choices":[{"event_name":"Big Fish","player_choice":"Box","floor":2,"damage_taken":0},{"event_name":"WeMeetAgain","player_choice":"Gold","floor":3,"damage_taken":0},{"event_name":"Liars Game","player_choice":"agreed","floor":5,"damage_taken":0},{"event_name":"Accursed Blacksmith","player_choice":"Forge","floor":19,"damage_taken":0},{"event_name":"Forgotten Altar","player_choice":"Shed Blood","floor":20,"damage_taken":0}],"is_beta":false,"boss_relics":[{"not_picked":["Runic Dome","Philosopher\u0027s Stone"],"picked":"White Beast Statue"}],"items_purged_floors":[],"is_endless":false,"potions_floor_spawned":[6,8,10,14,18,22,23,24],"killed_by":"Slavers","ascension_level":4}