{"gold_per_floor":[218,235,254,274,292,307,321,334,334,248,248,263,313,331,331,431,431,401,413,413,190,207,207,217,217,217,217,14,24,24],"floor_reached":30,"playtime":1035,"items_purged":[],"score":230,"play_id":"a5deb2ae-8995-4552-a38c-b43b3bdbccd5","local_time":"20190214094852","is_ascension_mode":false,"campfire_choices":[{"data":"Perfected Strike","floor":15.0,"key":"SMITH"},{"data":"Armaments","floor":23.0,"key":"SMITH"},{"floor":25.0,"key":"REST"}],"neow_cost":"NONE","seed_source_timestamp":137915496600975,"circlet_count":0,"master_deck":["Strike_R","Strike_R","Strike_R","Strike_R","Strike_R","Defend_R","Defend_R","Defend_R","Defend_R","Bash","Battle Trance","Pommel Strike","Wild Strike","Twin Strike","Twin Strike","Hemokinesis","Perfected Strike+1","Twin Strike","Good Instincts","Shrug It Off","Double Tap","Impervious","Disarm","True Grit","Shrug It Off","Bandage Up","Double Tap","Armaments+1","RitualDagger","Evolve","Bandage Up","Shrug It Off","Hemokinesis+1"],"special_seed":0,"relics":["Burning Blood"],"potions_floor_usage":[29],"damage_taken":[{"damage":6.0,"enemies":"Jaw Worm","floor":1.0,"turns":4.0},{"damage":0.0,"enemies":"Small Slimes","floor":2.0,"turns":3.0},{"damage":5.0,"enemies":"2 Louse","floor":3.0,"turns":3.0},{"damage":6.0,"enemies":"2 Fungi Beasts","floor":4.0,"turns":4.0},{"damage":7.0,"enemies":"Exordium Wildlife","floor":5.0,"turns":4.0},{"damage":0.0,"enemies":"3 Louse","floor":6.0,"turns":1.0},{"damage":20.0,"enemies":"Large Slime","floor":7.0,"turns":6.0},{"damage":13.0,"enemies":"Looter","floor":8.0,"turns":3.0},{"damage":5.0,"enemies":"3 Louse","floor":12.0,"turns":2.0},{"damage":4.0,"enemies":"Blue Slaver","floor":14.0,"turns":3.0},{"damage":54.0,"enemies":"Hexaghost","floor":16.0,"turns":9.0},{"damage":11.0,"enemies":"2 Thieves","floor":18.0,"turns":5.0},{"damage":20.0,"enemies":"Spheric Guardian","floor":19.0,"turns":4.0},{"damage":22.0,"enemies":"Chosen and Byrds","floor":22.0,"turns":9.0},{"damage":21.0,"enemies":"Centurion and Healer","floor":24.0,"turns":7.0},{"damage":29,"enemies":"Shelled Parasite and Fungi","floor":29,"turns":9},{"damage":57,"enemies":"3 Cultists","floor":30,"turns":8}],"seed_played":"291421982238895673","potions_obtained":[{"floor":1.0,"key":"EssenceOfSteel"},{"floor":3.0,"key":"SkillPotion"},{"floor":4.0,"key":"AttackPotion"},{"floor":7.0,"key":"Fire Potion"},{"floor":12.0,"key":"Ancient Potion"},{"floor":19.0,"key":"SpeedPotion"},{"floor":24.0,"key":"Strength Potion"}],"is_trial":false,"path_per_floor":["M","M","M","M","M","M","M","M","T","$","?","M","?","M","R","B",null,"M","M","?","$","M","R","M","R","T","?","$","M","M"],"character_chosen":"IRONCLAD","items_purchased":["Good Instincts","Shrug It Off","Bandage Up","Double Tap","Evolve","Bandage Up","Shrug It Off"],"campfire_rested":1,"item_purchase_floors":[10,21,21,21,28,28,28],"current_hp_per_floor":[80,80,80,80,79,80,66,59,59,59,59,60,60,62,62,14,80,75,61,61,61,49,49,38,62,62,56,56,41,0],"gold":24,"neow_bonus":"HUNDRED_GOLD","is_prod":false,"is_daily":false,"chose_seed":false,"campfire_upgraded":2,"win_rate":0,"timestamp":1550162932,"path_taken":["M","M","M","M","M","M","M","M","T","$","?","M","?","M","R","BOSS","M","M","?","$","M","R","M","R","T","?","?","M","?"],"build_version":"2019-01-23","purchased_purges":0,"victory":false,"max_hp_per_floor":[80,80,80,80,80,80,80,80,80,80,80,80,80,80,80,80,80,80,80,80,80,80,80,80,80,80,80,80,80,80],"card_choices":[{"not_picked":["Iron Wave","Feel No Pain"],"picked":"Battle Trance","floor":1.0},{"not_picked":["Body Slam","Havoc"],"picked":"Pommel Strike","floor":2.0},{"not_picked":["Blood for Blood","Dropkick"],"picked":"Wild Strike","floor":3.0},{"not_picked":["Anger","Iron Wave"],"picked":"Twin Strike","floor":4.0},{"not_picked":["Sword Boomerang","Warcry"],"picked":"Twin Strike","floor":5.0},{"not_picked":["Clash","Havoc"],"picked":"Hemokinesis","floor":6.0},{"not_picked":["Uppercut","Cleave"],"picked":"Perfected Strike","floor":7.0},{"not_picked":["Fiend Fire","Intimidate"],"picked":"Twin Strike","floor":8.0},{"not_picked":["Perfected Strike","Spot Weakness"],"picked":"Shrug It Off","floor":12.0},{"not_picked":["Sword Boomerang","Havoc"],"picked":"Double Tap","floor":14.0},{"not_picked":["Fiend Fire","Bludgeon"],"picked":"Impervious","floor":16.0},{"not_picked":["Clash","Hemokinesis"],"picked":"Disarm","floor":18.0},{"not_picked":["Twin Strike","Sever Soul"],"picked":"True Grit","floor":19.0},{"not_picked":["Searing Blow","Heavy Blade"],"picked":"Armaments","floor":22.0},{"not_picked":["Entrench","Battle Trance","Havoc"],"picked":"SKIP","floor":24.0},{"not_picked":["Inflame","Seeing Red"],"picked":"Hemokinesis+1","floor":29}],"player_experience":1468991,"relics_obtained":[],"event_choices":[{"damage_healed":0.0,"max_hp_gain":0.0,"max_hp_loss":0.0,"gold_gain":0.0,"event_name":"Scrap Ooze","player_choice":"Fled","floor":11.0,"gold_loss":0.0,"damage_taken":0.0},{"damage_healed":0.0,"max_hp_gain":0.0,"max_hp_loss":0.0,"gold_gain":50.0,"event_name":"Golden Wing","player_choice":"Gained Gold","floor":13.0,"gold_loss":0.0,"damage_taken":0.0},{"damage_healed":0.0,"max_hp_gain":0.0,"max_hp_loss":0.0,"gold_gain":0.0,"event_name":"Ghosts","player_choice":"Ignored","floor":20.0,"gold_loss":0.0,"damage_taken":0.0},{"damage_healed":0.0,"max_hp_gain":0.0,"max_hp_loss":0.0,"gold_gain":0.0,"event_name":"Nest","player_choice":"Joined the Cult","floor":27.0,"gold_loss":0.0,"damage_taken":6.0,"cards_obtained":["RitualDagger"]}],"is_beta":false,"boss_relics":[{"not_picked":["Sozu","White Beast Statue","Coffee Dripper"]}],"items_purged_floors":[],"is_endless":false,"potions_floor_spawned":[1,3,4,7,12,14,19,24],"killed_by":"3 Cultists","ascension_level":0}