{"gold_per_floor":[116,133,98,98,114,114,147,147,174,186,215,238,263,294,306,391,403,425,449,70,70,70],"floor_reached":22,"playtime":823,"items_purged":[],"score":310,"play_id":"68dfe1e5-3df3-4c53-a745-e3a5dcff1922","local_time":"20190218100940","is_ascension_mode":true,"campfire_choices":[{"data":"Infernal Blade","floor":6,"key":"SMITH"},{"data":"Rupture","floor":8,"key":"SMITH"},{"data":"Hemokinesis","floor":10,"key":"SMITH"},{"floor":15,"key":"REST"}],"neow_cost":"NONE","seed_source_timestamp":231274978334805,"circlet_count":0,"master_deck":["AscendersBane","Strike_R","Strike_R","Strike_R","Strike_R","Strike_R","Defend_R","Defend_R","Defend_R","Defend_R","Bash","Deep Breath","Rupture+1","Pommel Strike","Infernal Blade+1","Hemokinesis+1","Rupture","Flex","Combust","Cleave","Feed","Rage","Battle Trance","Anger","Sword Boomerang","Thunderclap","Rupture","Anger+1","Shrug It Off","Finesse"],"relics":["Burning Blood","Boot","MawBank","Orrery","Kunai"],"potions_floor_usage":[5,7,16,16],"damage_taken":[{"damage":14,"enemies":"Small Slimes","floor":1,"turns":5},{"damage":10,"enemies":"Cultist","floor":2,"turns":5},{"damage":9,"enemies":"Jaw Worm","floor":5,"turns":3},{"damage":24,"enemies":"Gremlin Nob","floor":7,"turns":4},{"damage":6,"enemies":"Exordium Wildlife","floor":11,"turns":2},{"damage":5,"enemies":"3 Louse","floor":12,"turns":5},{"damage":2,"enemies":"Large Slime","floor":13,"turns":3},{"damage":15,"enemies":"Red Slaver","floor":14,"turns":3},{"damage":48,"enemies":"The Guardian","floor":16,"turns":11},{"damage":23,"enemies":"Chosen","floor":18,"turns":5},{"damage":24,"enemies":"3 Byrds","floor":19,"turns":4},{"damage":35,"enemies":"Colosseum Slavers","floor":21,"turns":4},{"damage":9,"enemies":"Snake Plant","floor":22,"turns":2}],"seed_played":"-8098194971832607079","potions_obtained":[{"floor":2,"key":"AttackPotion"},{"floor":4,"key":"Energy Potion"},{"floor":12,"key":"FearPotion"},{"floor":13,"key":"Dexterity Potion"},{"floor":18,"key":"Energy Potion"}],"is_trial":false,"path_per_floor":["M","M","?","?","M","R","E","R","T","R","M","M","M","M","R","B",null,"M","M","$","?","M"],"character_chosen":"IRONCLAD","items_purchased":["Kunai","Shrug It Off","Finesse"],"campfire_rested":1,"item_purchase_floors":[20,20,20],"current_hp_per_floor":[64,60,80,80,77,77,59,59,59,59,59,60,64,55,79,37,69,52,37,37,8,0],"gold":70,"neow_bonus":"RANDOM_COLORLESS","is_prod":false,"is_daily":false,"chose_seed":false,"campfire_upgraded":3,"win_rate":0,"timestamp":1550509780,"path_taken":["M","M","?","?","M","R","E","R","T","R","M","?","M","M","R","BOSS","M","M","$","?","M"],"build_version":"2019-01-23","purchased_purges":0,"victory":false,"max_hp_per_floor":[80,80,80,80,80,80,80,80,80,80,80,80,80,80,80,80,80,80,83,83,83,83],"card_choices":[{"not_picked":["Iron Wave","Sever Soul"],"picked":"Rupture","floor":1},{"not_picked":["Heavy Blade","Blood for Blood"],"picked":"Pommel Strike","floor":2},{"not_picked":["Dropkick","Clothesline"],"picked":"Infernal Blade","floor":5},{"not_picked":["Clothesline","Bloodletting"],"picked":"Hemokinesis","floor":7},{"not_picked":["Clothesline","Body Slam"],"picked":"Rupture","floor":11},{"not_picked":["Wild Strike","True Grit"],"picked":"Flex","floor":12},{"not_picked":["Fiend Fire","Evolve"],"picked":"Combust","floor":13},{"not_picked":["Uppercut","Blood for Blood"],"picked":"Cleave","floor":14},{"not_picked":["Offering","Exhume"],"picked":"Feed","floor":16},{"not_picked":["Body Slam","Shockwave"],"picked":"Rage","floor":17},{"not_picked":["Iron Wave","Armaments"],"picked":"Battle Trance","floor":17},{"not_picked":["Inflame","Iron Wave"],"picked":"Anger","floor":17},{"not_picked":["Body Slam","Perfected Strike"],"picked":"Sword Boomerang","floor":17},{"not_picked":["Evolve","Entrench"],"picked":"Thunderclap","floor":17},{"not_picked":["Wild Strike","Heavy Blade"],"picked":"Rupture","floor":18},{"not_picked":["Searing Blow","Headbutt"],"picked":"Anger+1","floor":19}],"player_experience":1519182,"relics_obtained":[{"floor":7,"key":"Boot"},{"floor":9,"key":"MawBank"}],"event_choices":[{"damage_healed":20,"gold_gain":0,"player_choice":"Healed","damage_taken":0,"max_hp_gain":0,"max_hp_loss":0,"event_name":"The Cleric","floor":3,"gold_loss":35},{"damage_healed":0,"gold_gain":0,"player_choice":"Got Potions","damage_taken":0,"max_hp_gain":0,"max_hp_loss":0,"event_name":"Lab","floor":4,"gold_loss":0},{"damage_healed":0,"gold_gain":0,"player_choice":"Fight","damage_taken":0,"max_hp_gain":0,"max_hp_loss":0,"event_name":"Colosseum","floor":21,"gold_loss":0},{"damage_healed":0,"gold_gain":0,"player_choice":"Fled From Nobs","damage_taken":0,"max_hp_gain":0,"max_hp_loss":0,"event_name":"Colosseum","floor":21,"gold_loss":0}],"is_beta":false,"boss_relics":[{"not_picked":["Ectoplasm","Sozu"],"picked":"Orrery"}],"items_purged_floors":[],"is_endless":false,"potions_floor_spawned":[2,12,13,14,18],"killed_by":"Snake Plant","ascension_level":13}