{"gold_per_floor":[118,118,134,134,59,85,85,110,157,2,20,44,63,80,80,175,175,192,192,192,125,125,125,186,198,198,230,230,257,257,269,269,269],"floor_reached":33,"playtime":1427,"items_purged":["Pain"],"score":373,"play_id":"1d78ac13-b6b0-4d62-a64b-751b6850c62b","local_time":"20180923110717","is_ascension_mode":true,"campfire_choices":[{"floor":7.0,"key":"REST"},{"floor":15,"key":"REST"},{"data":"Armaments","floor":23,"key":"SMITH"},{"data":"Inflame","floor":30,"key":"SMITH"},{"data":"Heavy Blade","floor":32,"key":"SMITH"}],"neow_cost":"NONE","seed_source_timestamp":0,"circlet_count":0,"master_deck":["Strike_R","Strike_R","Strike_R","Defend_R","Defend_R","Defend_R","Defend_R","Bash","Hemokinesis","Shrug It Off","True Grit","Uppercut","Bludgeon","Armaments+1","Battle Trance","Shrug It Off","Double Tap","Ghostly Armor","Inflame+1","Reckless Charge","True Grit+1","Clash+1","Headbutt+1","Pummel+1","Heavy Blade+1"],"special_seed":0,"relics":["Burning Blood","WarpedTongs","PreservedInsect","Pocketwatch","Smiling Mask","Strawberry","Oddly Smooth Stone","Blood Vial","Velvet Choker","MutagenicStrength","Tiny Chest","Bottled Tornado","Juzu Bracelet","Anchor","Question Card"],"potions_floor_usage":[24,27,29,33],"damage_taken":[{"damage":0.0,"enemies":"2 Louse","floor":1.0,"turns":2.0},{"damage":8.0,"enemies":"Cultist","floor":3.0,"turns":6.0},{"damage":25.0,"enemies":"Lagavulin","floor":6.0,"turns":11.0},{"damage":10.0,"enemies":"Gremlin Nob","floor":8.0,"turns":3.0},{"damage":0.0,"enemies":"Small Slimes","floor":11.0,"turns":2.0},{"damage":8,"enemies":"Exordium Thugs","floor":13,"turns":5},{"damage":5,"enemies":"Large Slime","floor":14,"turns":6},{"damage":64,"enemies":"Hexaghost","floor":16,"turns":11},{"damage":8,"enemies":"Shell Parasite","floor":18,"turns":5},{"damage":16,"enemies":"Colosseum Slavers","floor":20,"turns":4},{"damage":9,"enemies":"Book of Stabbing","floor":24,"turns":4},{"damage":2,"enemies":"Spheric Guardian","floor":25,"turns":3},{"damage":31,"enemies":"Slavers","floor":27,"turns":8},{"damage":12,"enemies":"Gremlin Leader","floor":29,"turns":4},{"damage":0,"enemies":"Snake Plant","floor":31,"turns":3},{"damage":80,"enemies":"Collector","floor":33,"turns":9}],"seed_played":"5298114965632481625","potions_obtained":[{"floor":1.0,"key":"Explosive Potion"},{"floor":3.0,"key":"Strength Potion"},{"floor":8.0,"key":"SpeedPotion"},{"floor":13,"key":"Ancient Potion"},{"floor":24,"key":"FearPotion"},{"floor":25,"key":"Regen Potion"}],"is_trial":false,"path_per_floor":["M","?","M","?","$","E","R","E","T","$","M","T","M","M","R","B",null,"M","?","?","$","?","R","E","M","T","E","T","E","R","M","R"],"character_chosen":"IRONCLAD","items_purchased":["Oddly Smooth Stone","Inflame"],"campfire_rested":2,"item_purchase_floors":[10,21],"current_hp_per_floor":[80,80,78,71,71,52,76,72,79,79,85,85,85,87,87,29,87,85,85,77,77,77,77,76,82,82,74,74,70,70,78,78,0],"gold":269,"neow_bonus":"TRANSFORM_CARD","is_prod":false,"is_daily":false,"chose_seed":false,"campfire_upgraded":3,"win_rate":0,"timestamp":1537722437,"path_taken":["M","?","?","?","?","E","R","E","T","?","M","?","M","M","R","BOSS","M","?","?","$","?","R","E","?","T","E","?","E","R","M","R","BOSS"],"build_version":"2018-09-20","purchased_purges":1,"victory":false,"max_hp_per_floor":[80,80,80,80,80,80,80,80,87,87,87,87,87,87,87,87,87,87,87,87,87,87,87,87,87,87,87,87,87,87,87,87,87],"card_choices":[{"not_picked":["Battle Trance","Clash"],"picked":"Shrug It Off","floor":1.0},{"not_picked":["Rupture","Clothesline"],"picked":"True Grit","floor":3.0},{"not_picked":["Blood for Blood","Sentinel"],"picked":"Uppercut","floor":6.0},{"not_picked":["Pommel Strike","Iron Wave"],"picked":"Bludgeon","floor":8.0},{"not_picked":["Fire Breathing","Heavy Blade"],"picked":"Armaments","floor":11},{"not_picked":["Second Wind","Warcry"],"picked":"Battle Trance","floor":13},{"not_picked":["Rampage","Pummel"],"picked":"Shrug It Off","floor":14},{"not_picked":["Offering","Dark Embrace"],"picked":"Double Tap","floor":16},{"not_picked":["Pommel Strike+1","Wild Strike+1"],"picked":"Ghostly Armor","floor":18},{"not_picked":["Intimidate","Seeing Red"],"picked":"True Grit+1","floor":24},{"not_picked":["Thunderclap","Body Slam"],"picked":"Clash+1","floor":25},{"not_picked":["Hemokinesis","Twin Strike"],"picked":"Headbutt+1","floor":27},{"not_picked":["Entrench","Power Through"],"picked":"Pummel+1","floor":29},{"not_picked":["Warcry","Twin Strike+1","Battle Trance+1"],"picked":"Heavy Blade","floor":31}],"player_experience":558512,"relics_obtained":[{"floor":6.0,"key":"Pocketwatch"},{"floor":8.0,"key":"Smiling Mask"},{"floor":9.0,"key":"Strawberry"},{"floor":12,"key":"Blood Vial"},{"floor":24,"key":"Tiny Chest"},{"floor":26,"key":"Bottled Tornado"},{"floor":27,"key":"Juzu Bracelet"},{"floor":28,"key":"Anchor"},{"floor":29,"key":"Question Card"}],"event_choices":[{"event_name":"Accursed Blacksmith","player_choice":"Rummage","floor":2.0,"damage_taken":0.0},{"event_name":"Scrap Ooze","player_choice":"success","floor":4.0,"damage_taken":7.0},{"event_name":"Drug Dealer","player_choice":"Inject Mutagens","floor":19,"damage_taken":0},{"event_name":"Colosseum","player_choice":"Fight","floor":20,"damage_taken":0},{"event_name":"Colosseum","player_choice":"Fled From Nobs","floor":20,"damage_taken":0},{"event_name":"Transmorgrifier","player_choice":"Transform","floor":22,"damage_taken":0}],"is_beta":false,"boss_relics":[{"not_picked":["Black Blood","Runic Pyramid"],"picked":"Velvet Choker"}],"items_purged_floors":[5],"is_endless":false,"potions_floor_spawned":[1,3,8,11,13,20,24,25],"killed_by":"Collector","ascension_level":4}