{"gold_per_floor":[119,119,119,135,159,199,217,217],"floor_reached":8,"playtime":319,"items_purged":[],"score":58,"play_id":"26845a87-1cee-4154-9f63-be5d01473487","local_time":"20190219173406","is_ascension_mode":false,"campfire_choices":[],"neow_cost":"NONE","seed_source_timestamp":494506252000066,"circlet_count":0,"master_deck":["Strike_B","Strike_B","Strike_B","Strike_B","Defend_B","Defend_B","Defend_B","Defend_B","Zap+1","Dualcast","Loop","Seek"],"relics":["Cracked Core","Golden Idol","Torii","Gremlin Horn"],"potions_floor_usage":[8],"damage_taken":[{"damage":1,"enemies":"2 Louse","floor":1,"turns":2},{"damage":1,"enemies":"Cultist","floor":4,"turns":4},{"damage":1,"enemies":"Jaw Worm","floor":5,"turns":4},{"damage":46,"enemies":"Lagavulin","floor":6,"turns":8},{"damage":1,"enemies":"Looter","floor":7,"turns":3},{"damage":16,"enemies":"Exordium Wildlife","floor":8,"turns":1}],"seed_played":"511807299400860865","potions_obtained":[{"floor":5,"key":"FearPotion"},{"floor":7,"key":"Regen Potion"}],"is_trial":false,"path_per_floor":["?","?","M"],"character_chosen":"DEFECT","items_purchased":[],"campfire_rested":0,"item_purchase_floors":[],"current_hp_per_floor":[74,56,56,55,54,8,7,0],"gold":217,"neow_bonus":"UPGRADE_CARD","is_prod":false,"is_daily":false,"chose_seed":false,"campfire_upgraded":0,"win_rate":0,"timestamp":1550615646,"path_taken":["M","?","?","M","?","E","M","M"],"build_version":"2019-01-23","purchased_purges":0,"victory":false,"max_hp_per_floor":[75,75,75,75,75,75,75,75],"card_choices":[{"not_picked":["Go for the Eyes","Turbo","Beam Cell"],"picked":"SKIP","floor":1},{"not_picked":["Gash","BootSequence"],"picked":"Loop","floor":4},{"not_picked":["Gash","Beam Cell","Hologram"],"picked":"SKIP","floor":5},{"not_picked":["Rebound","Barrage","White Noise"],"picked":"SKIP","floor":6},{"not_picked":["Reprogram","Stack"],"picked":"Seek","floor":7}],"player_experience":547438,"relics_obtained":[{"floor":3,"key":"Torii"},{"floor":6,"key":"Gremlin Horn"}],"event_choices":[{"damage_healed":0,"gold_gain":0,"player_choice":"Take Damage","damage_taken":18,"relics_obtained":["Golden Idol"],"max_hp_gain":0,"max_hp_loss":0,"event_name":"Golden Idol","floor":2,"gold_loss":0},{"damage_healed":0,"gold_gain":0,"player_choice":"Relic","damage_taken":0,"max_hp_gain":0,"max_hp_loss":0,"event_name":"Wheel of Change","floor":3,"gold_loss":0}],"is_beta":false,"boss_relics":[],"items_purged_floors":[],"is_endless":false,"potions_floor_spawned":[5,7],"killed_by":"Exordium Wildlife","ascension_level":0}