{"gold_per_floor":[110,127,142,14,14,14,189,223,246,216,216,50,83,101,101,197,197,211,12,26,26,43,43,43,74,74,86,86,86,86,86,86,86],"floor_reached":33,"playtime":1361,"items_purged":["Shame","Doubt"],"score":285,"play_id":"2f9eaa27-2aac-4d1e-9810-567fb577b5e7","local_time":"20180824095456","is_ascension_mode":true,"campfire_choices":[{"data":"Cloak And Dagger","floor":6,"key":"SMITH"},{"floor":11,"key":"REST"},{"floor":15,"key":"REST"},{"floor":23,"key":"REST"},{"floor":28,"key":"REST"},{"data":"Infinite Blades","floor":30,"key":"SMITH"},{"floor":32,"key":"REST"}],"neow_cost":"CURSE","seed_source_timestamp":634928763931374,"circlet_count":0,"master_deck":["Defend_G","Defend_G","Defend_G","Defend_G","Defend_G","Strike_G","Strike_G","Strike_G","Strike_G","Survivor","Neutralize","Blade Dance","Sucker Punch","Bouncing Flask","Cloak And Dagger+1","Dodge and Roll","Backstab","Noxious Fumes","Bouncing Flask","Dagger Throw","Catalyst","Backflip","Glass Knife","Blade Dance","Infinite Blades","Quick Slash","Prepared","Necronomicurse","Dagger Throw+1","Slice","Quick Slash","Infinite Blades+1","Catalyst"],"relics":["Ring of the Serpent","Incense Burner","Vajra","Happy Flower","Sundial","Necronomicon","Paper Crane","Mummified Hand","Omamori"],"potions_floor_usage":[20,25,27,33,33],"damage_taken":[{"damage":0,"enemies":"2 Louse","floor":1,"turns":4},{"damage":2,"enemies":"Cultist","floor":2,"turns":4},{"damage":5,"enemies":"Small Slimes","floor":3,"turns":3},{"damage":28,"enemies":"Lagavulin","floor":8,"turns":7},{"damage":1,"enemies":"Looter","floor":10,"turns":4},{"damage":12,"enemies":"3 Sentries","floor":13,"turns":7},{"damage":2,"enemies":"Exordium Wildlife","floor":14,"turns":3},{"damage":21,"enemies":"Slime Boss","floor":16,"turns":10},{"damage":4,"enemies":"Chosen","floor":18,"turns":4},{"damage":5,"enemies":"3 Byrds","floor":20,"turns":4},{"damage":16,"enemies":"Shelled Parasite and Fungi","floor":22,"turns":5},{"damage":29,"enemies":"Gremlin Leader","floor":25,"turns":5},{"damage":0,"enemies":"Snecko","floor":27,"turns":3},{"damage":69,"enemies":"Collector","floor":33,"turns":7}],"seed_played":"731272982957793665","potions_obtained":[{"floor":3,"key":"Swift Potion"},{"floor":14,"key":"Swift Potion"},{"floor":16,"key":"Explosive Potion"},{"floor":18,"key":"SpeedPotion"},{"floor":22,"key":"Poison Potion"},{"floor":25,"key":"LiquidBronze"}],"is_trial":false,"path_per_floor":["M","M","M","$","?","R","?","E","T","M","R","$","E","M","R","B",null,"M","$","M","?","M","R","?","E","T","M","R","T","R","?","R"],"character_chosen":"THE_SILENT","items_purchased":["Cloak And Dagger","Noxious Fumes","Bouncing Flask","Dagger Throw","Infinite Blades","Quick Slash"],"campfire_rested":5,"item_purchase_floors":[4,12,12,12,19,19],"current_hp_per_floor":[70,68,63,63,56,56,56,28,28,27,48,48,36,34,55,34,70,66,66,61,45,29,50,50,21,21,21,42,42,42,42,63,0],"gold":86,"neow_bonus":"ONE_RARE_RELIC","is_prod":false,"is_daily":false,"chose_seed":false,"campfire_upgraded":2,"win_rate":0,"timestamp":1535126096,"path_taken":["M","M","M","$","?","R","?","E","T","?","R","?","E","M","R","BOSS","M","$","M","?","M","R","?","E","T","M","R","?","R","?","R","BOSS"],"build_version":"2018-08-23v2","purchased_purges":2,"victory":false,"max_hp_per_floor":[70,70,70,70,70,70,70,70,70,70,70,70,70,70,70,70,70,70,70,70,70,70,70,70,70,70,70,70,70,70,70,70,70],"card_choices":[{"not_picked":["Backflip","Accuracy"],"picked":"Blade Dance","floor":1},{"not_picked":["Blade Dance","Outmaneuver"],"picked":"Sucker Punch","floor":2},{"not_picked":["Skewer","Prepared"],"picked":"Bouncing Flask","floor":3},{"not_picked":["Bullet Time","Bane"],"picked":"Dodge and Roll","floor":8},{"not_picked":["Quick Slash","Flying Knee"],"picked":"Backstab","floor":10},{"not_picked":["Backflip","Crippling Poison"],"picked":"Catalyst","floor":13},{"not_picked":["Prepared","Predator"],"picked":"Backflip","floor":14},{"not_picked":["Malaise","Tools of the Trade"],"picked":"Glass Knife","floor":16},{"not_picked":["Underhanded Strike","Backflip+1"],"picked":"Blade Dance","floor":18},{"not_picked":["Calculated Gamble","Doppelganger"],"picked":"Prepared","floor":20},{"not_picked":["Tactician","Heel Hook"],"picked":"Dagger Throw+1","floor":22},{"not_picked":["Calculated Gamble","Bouncing Flask"],"picked":"Quick Slash","floor":25},{"not_picked":["Quick Slash","Backflip"],"picked":"Infinite Blades","floor":27}],"player_experience":333243,"relics_obtained":[{"floor":8,"key":"Vajra"},{"floor":9,"key":"Happy Flower"},{"floor":13,"key":"Sundial"},{"floor":21,"key":"Necronomicon"},{"floor":25,"key":"Paper Crane"},{"floor":26,"key":"Mummified Hand"},{"floor":29,"key":"Omamori"}],"event_choices":[{"event_name":"Wheel of Change","player_choice":"Damage","floor":5,"damage_taken":0},{"event_name":"Liars Game","player_choice":"agreed","floor":7,"damage_taken":0},{"event_name":"Cursed Tome","player_choice":"Obtained Book","floor":21,"damage_taken":0},{"event_name":"Transmorgrifier","player_choice":"Transform","floor":24,"damage_taken":0},{"event_name":"Duplicator","player_choice":"One dupe","floor":31,"damage_taken":0}],"is_beta":false,"boss_relics":[{"not_picked":["Runic Pyramid","Eternal Feather"],"picked":"Ring of the Serpent"}],"items_purged_floors":[4,19],"is_endless":false,"potions_floor_spawned":[3,14,16,18,22,25],"killed_by":"Collector","ascension_level":1}