{"gold_per_floor":[114,289,84,84,84,111,124,124,149,160,174,174,190,204,204,302,302,317,332,332,431,28,28,28,28,28,43,43,4,4,19,19,121,121,139,139,151,163,163,163,181,208,208,208,223,235,235,249,249,249],"floor_reached":50,"playtime":3458,"items_purged":["Doubt"],"score":599,"play_id":"db263557-45c1-4a4f-9be9-ada873313ffa","local_time":"20190110110648","is_ascension_mode":true,"campfire_choices":[{"data":"Cloak And Dagger","floor":8.0,"key":"SMITH"},{"data":"Accuracy","floor":12.0,"key":"SMITH"},{"data":"Neutralize","floor":15.0,"key":"SMITH"},{"floor":23.0,"key":"REST"},{"data":"Infinite Blades","floor":25.0,"key":"SMITH"},{"floor":28.0,"key":"REST"},{"data":"Corpse Explosion","floor":32.0,"key":"SMITH"},{"data":"Poisoned Stab","floor":40.0,"key":"SMITH"},{"floor":49.0,"key":"REST"}],"neow_cost":"NONE","seed_source_timestamp":754773573061858,"circlet_count":0,"master_deck":["Defend_G","Defend_G","Survivor","Neutralize+1","Dodge and Roll","Accuracy+1","Cloak And Dagger+1","Acrobatics+1","Backflip","Infinite Blades+1","Corpse Explosion+1","Escape Plan","Tools of the Trade+1","Catalyst","Noxious Fumes+1","Bite","Bite","Bite","Bite","Distraction+1","After Image+1","Flying Knee+1","Malaise+1","A Thousand Cuts+1","Concentrate+1","Poisoned Stab+1","Blade Dance+1","Distraction+1","Trip+1","PiercingWail+1","Crippling Poison+1","Parasite","Prepared+1"],"special_seed":0,"relics":["Ring of the Snake","NeowsBlessing","Pen Nib","Orichalcum","WristBlade","Frozen Egg 2","Mummified Hand","Astrolabe","Toxic Egg 2","Dodecahedron"],"potions_floor_usage":[50],"damage_taken":[{"damage":0.0,"enemies":"2 Louse","floor":1.0,"turns":1.0},{"damage":0.0,"enemies":"Lagavulin","floor":6.0,"turns":1.0},{"damage":0.0,"enemies":"Jaw Worm","floor":7.0,"turns":1.0},{"damage":0.0,"enemies":"Small Slimes","floor":10.0,"turns":5.0},{"damage":3.0,"enemies":"Looter","floor":11.0,"turns":4.0},{"damage":8.0,"enemies":"Exordium Wildlife","floor":13.0,"turns":5.0},{"damage":5.0,"enemies":"Blue Slaver","floor":14.0,"turns":4.0},{"damage":17.0,"enemies":"The Guardian","floor":16.0,"turns":13.0},{"damage":10.0,"enemies":"Shell Parasite","floor":18.0,"turns":6.0},{"damage":22.0,"enemies":"2 Thieves","floor":19.0,"turns":4.0},{"damage":37.0,"enemies":"Colosseum Slavers","floor":20.0,"turns":6.0},{"damage":21.0,"enemies":"Sentry and Sphere","floor":27.0,"turns":6.0},{"damage":11.0,"enemies":"Snecko","floor":31.0,"turns":5.0},{"damage":62.0,"enemies":"Collector","floor":33.0,"turns":11.0},{"damage":7.0,"enemies":"Orb Walker","floor":35.0,"turns":3.0},{"damage":26.0,"enemies":"3 Shapes","floor":37.0,"turns":5.0},{"damage":0.0,"enemies":"Transient","floor":38.0,"turns":5.0},{"damage":14.0,"enemies":"Maw","floor":41.0,"turns":5.0},{"damage":23.0,"enemies":"Giant Head","floor":42.0,"turns":6.0},{"damage":2.0,"enemies":"Sphere and 2 Shapes","floor":45.0,"turns":2.0},{"damage":0.0,"enemies":"Transient","floor":46.0,"turns":5.0},{"damage":0.0,"enemies":"Writhing Mass","floor":48.0,"turns":4.0},{"damage":67,"enemies":"Awakened One","floor":50,"turns":20}],"seed_played":"-233756078634619245","potions_obtained":[{"floor":1.0,"key":"Explosive Potion"},{"floor":6.0,"key":"GhostInAJar"},{"floor":14.0,"key":"Swift Potion"},{"floor":16.0,"key":"Swift Potion"},{"floor":18.0,"key":"Weak Potion"},{"floor":38.0,"key":"AttackPotion"},{"floor":41.0,"key":"PowerPotion"},{"floor":42.0,"key":"AttackPotion"},{"floor":46.0,"key":"EssenceOfSteel"},{"floor":48.0,"key":"Fire Potion"}],"is_trial":false,"path_per_floor":["M","?","$","?","?","E","M","R","T","M","M","R","M","M","R","B",null,"M","M","?","?","$","R","?","R","T","M","R","$","?","M","R","B",null,"M","?","M","M","?","R","M","E","T","?","M","M","?","M","R","B"],"character_chosen":"THE_SILENT","items_purchased":["Accuracy","Cloak And Dagger","Frozen Egg 2","Tools of the Trade+1","Noxious Fumes+1"],"campfire_rested":3,"item_purchase_floors":[3,3,22,22,29],"current_hp_per_floor":[70,70,70,56,61,61,61,61,61,61,58,58,50,45,45,28,75,65,43,6,6,6,28,28,28,28,7,29,29,29,30,30,4,52,49,49,32,46,46,46,38,21,21,21,19,27,27,33,48,13],"gold":249,"neow_bonus":"THREE_ENEMY_KILL","is_prod":false,"is_daily":false,"chose_seed":false,"campfire_upgraded":6,"win_rate":0,"timestamp":1547147208,"path_taken":["M","?","$","?","?","E","M","R","T","M","M","R","M","M","R","BOSS","M","M","?","?","$","R","?","R","T","?","R","$","?","M","R","BOSS","M","?","?","M","?","R","?","E","T","?","M","M","?","M","R","BOSS"],"build_version":"2019-01-03v4","purchased_purges":1,"victory":false,"max_hp_per_floor":[70,70,70,70,75,75,75,75,75,75,75,75,75,75,75,75,75,75,75,75,75,75,75,75,75,75,75,75,75,52,52,52,52,52,52,52,52,52,52,52,52,52,52,52,52,52,52,52,52,52],"card_choices":[{"not_picked":["Bouncing Flask","Poisoned Stab"],"picked":"Dodge and Roll","floor":1.0},{"not_picked":["Bouncing Flask","Crippling Poison"],"picked":"Acrobatics","floor":6.0},{"not_picked":["Deflect","Wraith Form v2"],"picked":"Backflip","floor":7.0},{"not_picked":["Heel Hook","Concentrate"],"picked":"Infinite Blades","floor":10.0},{"not_picked":["Deadly Poison","Outmaneuver","Escape Plan"],"picked":"SKIP","floor":11.0},{"not_picked":["Quick Slash","Cloak And Dagger","Prepared"],"picked":"SKIP","floor":13.0},{"not_picked":["Dagger Throw","Slice","Underhanded Strike"],"picked":"SKIP","floor":14.0},{"not_picked":["Unload","Adrenaline"],"picked":"Corpse Explosion","floor":16.0},{"not_picked":["Backflip","Riddle With Holes+1","Dash"],"picked":"SKIP","floor":18.0},{"not_picked":["Flying Knee","Dash"],"picked":"Escape Plan","floor":19.0},{"not_picked":["Dodge and Roll","Concentrate","Infinite Blades+1"],"picked":"SKIP","floor":27.0},{"not_picked":["Skewer","Acrobatics"],"picked":"Distraction+1","floor":31.0},{"not_picked":["Malaise","Wraith Form v2+1"],"picked":"After Image+1","floor":33.0},{"not_picked":["Outmaneuver","Deflect+1","Dagger Spray"],"picked":"SKIP","floor":35.0},{"not_picked":["Prepared","Bouncing Flask"],"picked":"Concentrate+1","floor":37.0},{"not_picked":["Quick Slash+1","Dodge and Roll+1","Heel Hook"],"picked":"SKIP","floor":38.0},{"not_picked":["Cloak And Dagger+1","Prepared"],"picked":"Blade Dance+1","floor":41.0},{"not_picked":["Doppelganger","Acrobatics"],"picked":"Distraction+1","floor":42.0},{"not_picked":["Enlightenment+1","Good Instincts+1"],"picked":"Trip+1","floor":44.0},{"not_picked":["Dagger Throw+1","Flying Knee+1"],"picked":"PiercingWail+1","floor":45.0},{"not_picked":["Bane+1","Riddle With Holes+1"],"picked":"Crippling Poison+1","floor":46.0},{"not_picked":["Sucker Punch+1","Poisoned Stab"],"picked":"Prepared+1","floor":48.0}],"player_experience":190297,"relics_obtained":[{"floor":6.0,"key":"Pen Nib"},{"floor":9.0,"key":"Orichalcum"},{"floor":26.0,"key":"Mummified Hand"},{"floor":42.0,"key":"Toxic Egg 2"},{"floor":43.0,"key":"Dodecahedron"}],"event_choices":[{"damage_healed":0.0,"max_hp_gain":0.0,"max_hp_loss":0.0,"gold_gain":175.0,"event_name":"Liars Game","player_choice":"AGREE","floor":2.0,"gold_loss":0.0,"damage_taken":0.0,"cards_obtained":["Doubt"]},{"damage_healed":0.0,"max_hp_gain":0.0,"max_hp_loss":0.0,"gold_gain":0.0,"event_name":"Shining Light","player_choice":"Entered Light","floor":4.0,"gold_loss":0.0,"damage_taken":14.0,"cards_upgraded":["Strike_G","Defend_G"]},{"damage_healed":0.0,"max_hp_gain":5.0,"max_hp_loss":0.0,"gold_gain":0.0,"event_name":"Big Fish","player_choice":"Donut","floor":5.0,"gold_loss":0.0,"damage_taken":0.0},{"damage_healed":0.0,"max_hp_gain":0.0,"max_hp_loss":0.0,"gold_gain":0.0,"event_name":"Colosseum","player_choice":"Fight","floor":20.0,"gold_loss":0.0,"damage_taken":0.0},{"damage_healed":0.0,"max_hp_gain":0.0,"max_hp_loss":0.0,"gold_gain":0.0,"event_name":"Colosseum","player_choice":"Fled From Nobs","floor":20.0,"gold_loss":0.0,"damage_taken":0.0},{"damage_healed":0.0,"max_hp_gain":0.0,"max_hp_loss":0.0,"gold_gain":99.0,"event_name":"Nest","player_choice":"Stole From Cult","floor":21.0,"gold_loss":0.0,"damage_taken":0.0},{"damage_healed":0.0,"max_hp_gain":0.0,"max_hp_loss":0.0,"gold_gain":0.0,"cards_transformed":["Strike_G","Strike_G"],"event_name":"Drug Dealer","player_choice":"Became Test Subject","floor":24.0,"gold_loss":0.0,"damage_taken":0.0,"cards_obtained":["Expertise","Catalyst"]},{"damage_healed":0.0,"max_hp_gain":0.0,"max_hp_loss":23.0,"gold_gain":0.0,"event_name":"Vampires","player_choice":"Became a vampire","floor":30.0,"gold_loss":0.0,"damage_taken":0.0,"cards_obtained":["Bite","Bite","Bite","Bite","Bite"]},{"damage_healed":0.0,"max_hp_gain":0.0,"max_hp_loss":0.0,"gold_gain":0.0,"event_name":"Accursed Blacksmith","player_choice":"Forge","floor":36.0,"gold_loss":0.0,"damage_taken":0.0,"cards_upgraded":["Acrobatics"]},{"damage_healed":0.0,"max_hp_gain":0.0,"max_hp_loss":0.0,"gold_gain":0.0,"cards_transformed":["Defend_G"],"event_name":"Transmorgrifier","player_choice":"Transformed","floor":39.0,"gold_loss":0.0,"damage_taken":0.0,"cards_obtained":["Poisoned Stab"]},{"damage_healed":0.0,"max_hp_gain":0.0,"max_hp_loss":0.0,"gold_gain":0.0,"event_name":"SensoryStone","player_choice":"Memory 1","floor":44.0,"gold_loss":0.0,"damage_taken":0.0},{"cards_removed":["Bite"],"damage_healed":0.0,"max_hp_gain":0.0,"max_hp_loss":0.0,"gold_gain":0.0,"event_name":"Falling","player_choice":"Removed Attack","floor":47.0,"gold_loss":0.0,"damage_taken":0.0}],"is_beta":false,"boss_relics":[{"not_picked":["Empty Cage","Lizard Tail"],"picked":"WristBlade"},{"not_picked":["Pandora\u0027s Box","Philosopher\u0027s Stone"],"picked":"Astrolabe"}],"items_purged_floors":[3],"is_endless":false,"potions_floor_spawned":[1,6,14,16,18,19,20,27,38,41,42,46,48],"killed_by":"Awakened One","ascension_level":3}