{"gold_per_floor":[117,117,117,130,50,85,103,127,127,163,163,163,163,198,198,198],"floor_reached":16,"playtime":492,"items_purged":[],"score":186,"play_id":"c9678978-8471-448c-a05d-37c1016b83e5","local_time":"20181028150705","is_ascension_mode":true,"campfire_choices":[{"data":"Feed","floor":11,"key":"SMITH"},{"floor":13,"key":"REST"},{"data":"Armaments","floor":15,"key":"SMITH"}],"neow_cost":"NONE","seed_source_timestamp":1546030343568411,"circlet_count":0,"master_deck":["Strike_R","Strike_R","Strike_R","Strike_R","Strike_R","Defend_R","Defend_R","Defend_R","Defend_R","Bash","Armaments+1","Injury","Pommel Strike","Twin Strike","Shrug It Off","Feed+1","Uppercut","Warcry","Wild Strike","Perfected Strike"],"relics":["Burning Blood","NeowsBlessing","Golden Idol","Boot","Bag of Preparation","Letter Opener","Dead Branch"],"potions_floor_usage":[10,10,14],"damage_taken":[{"damage":0,"enemies":"Jaw Worm","floor":1,"turns":1},{"damage":0,"enemies":"2 Louse","floor":4,"turns":1},{"damage":0,"enemies":"3 Sentries","floor":6,"turns":2},{"damage":1,"enemies":"Cultist","floor":7,"turns":3},{"damage":21,"enemies":"Lots of Slimes","floor":8,"turns":5},{"damage":27,"enemies":"Lagavulin","floor":10,"turns":5},{"damage":12,"enemies":"3 Sentries","floor":14,"turns":7},{"damage":77,"enemies":"Slime Boss","floor":16,"turns":11}],"seed_played":"-3030455849401891268","potions_obtained":[{"floor":4,"key":"Fire Potion"},{"floor":7,"key":"AttackPotion"},{"floor":8,"key":"PowerPotion"}],"is_trial":false,"path_per_floor":["M","$","?","M","$","E","M","M","T","E","R","$","R","E","R"],"character_chosen":"IRONCLAD","items_purchased":["Twin Strike","Shrug It Off"],"campfire_rested":1,"item_purchase_floors":[5,5],"current_hp_per_floor":[78,78,78,80,80,80,83,71,71,50,50,50,75,73,73,0],"gold":198,"neow_bonus":"THREE_ENEMY_KILL","is_prod":false,"is_daily":false,"chose_seed":false,"campfire_upgraded":2,"win_rate":0,"timestamp":1540760825,"path_taken":["M","$","?","?","$","E","M","?","T","E","R","$","R","E","R","BOSS"],"build_version":"2018-10-25v2","purchased_purges":0,"victory":false,"max_hp_per_floor":[80,80,80,80,80,80,83,86,86,86,86,86,86,90,90,90],"card_choices":[{"not_picked":["Armaments","Iron Wave","Burning Pact"],"picked":"SKIP","floor":1},{"not_picked":["Iron Wave","Burning Pact"],"picked":"Armaments","floor":1},{"not_picked":["Warcry","Hemokinesis"],"picked":"Pommel Strike","floor":4},{"not_picked":["Pommel Strike","Heavy Blade"],"picked":"Feed","floor":6},{"not_picked":["Corruption","Searing Blow"],"picked":"Uppercut","floor":7},{"not_picked":["Pummel","Clash"],"picked":"Warcry","floor":8},{"not_picked":["Rupture","Carnage"],"picked":"Wild Strike","floor":10},{"not_picked":["Havoc","Heavy Blade"],"picked":"Perfected Strike","floor":14}],"player_experience":938696,"relics_obtained":[{"floor":6,"key":"Boot"},{"floor":9,"key":"Bag of Preparation"},{"floor":10,"key":"Letter Opener"},{"floor":14,"key":"Dead Branch"}],"event_choices":[{"damage_healed":0,"gold_gain":0,"player_choice":"Take Wound","damage_taken":0,"relics_obtained":["Golden Idol"],"max_hp_gain":0,"max_hp_loss":0,"event_name":"Golden Idol","floor":3,"gold_loss":0,"cards_obtained":["Injury"]}],"is_beta":false,"boss_relics":[],"items_purged_floors":[],"is_endless":false,"potions_floor_spawned":[4,7,8],"killed_by":"Slime Boss","ascension_level":6}