{"gold_per_floor":[99,99,99,99,69,69,69,69,69,69,31,31,31,31,31,31,31,31,31,31,31,31,31,31,31,31,31],"floor_reached":27,"playtime":2530,"items_purged":[],"score":246,"play_id":"dea8741e-f235-4932-8a39-5fc4cbe2c217","local_time":"20180804020604","is_ascension_mode":false,"campfire_choices":[{"data":"Chill","floor":6,"key":"SMITH"},{"data":"Self Repair","floor":15,"key":"SMITH"},{"data":"Hello World","floor":23,"key":"SMITH"},{"data":"Meteor Strike","floor":25,"key":"SMITH"}],"neow_cost":"NONE","seed_source_timestamp":229608050452956,"circlet_count":0,"master_deck":["Strike_B","Strike_B","Strike_B","Strike_B","Defend_B","Defend_B","Defend_B","Defend_B","Zap","Dualcast+1","Defragment+1","Barrage","Chill+1","Conserve Battery","Echo Form","Beam Cell","Sunder","Blizzard","Hello World+1","Self Repair+1","Meteor Strike+1","Conserve Battery+1","Sweeping Beam+1","Rebound+1","Coolheaded+1"],"relics":["Ectoplasm","Ancient Tea Set","Orichalcum","Nuclear Battery","Bag of Preparation"],"potions_floor_usage":[27,27],"damage_taken":[{"damage":0,"enemies":"2 Louse","floor":1,"turns":3},{"damage":3,"enemies":"Jaw Worm","floor":3,"turns":3},{"damage":0,"enemies":"Small Slimes","floor":4,"turns":2},{"damage":4,"enemies":"Exordium Thugs","floor":5,"turns":4},{"damage":0,"enemies":"3 Sentries","floor":7,"turns":12},{"damage":5,"enemies":"2 Fungi Beasts","floor":8,"turns":4},{"damage":0,"enemies":"Large Slime","floor":10,"turns":6},{"damage":0,"enemies":"Exordium Thugs","floor":12,"turns":5},{"damage":0,"enemies":"2 Fungi Beasts","floor":13,"turns":2},{"damage":3,"enemies":"Blue Slaver","floor":14,"turns":4},{"damage":15,"enemies":"Slime Boss","floor":16,"turns":10},{"damage":0,"enemies":"3 Byrds","floor":18,"turns":9},{"damage":9,"enemies":"Shell Parasite","floor":19,"turns":6},{"damage":15,"enemies":"Sentry and Sphere","floor":20,"turns":6},{"damage":13,"enemies":"Snecko","floor":21,"turns":6},{"damage":64,"enemies":"Gremlin Leader","floor":27,"turns":8}],"seed_played":"-2813363303958406460","potions_obtained":[{"floor":4,"key":"Regen Potion"},{"floor":5,"key":"Energy Potion"},{"floor":8,"key":"Weak Potion"},{"floor":13,"key":"AttackPotion"},{"floor":16,"key":"Poison Potion"},{"floor":18,"key":"Block Potion"}],"is_trial":false,"path_per_floor":["M","?","M","M","M","R","E","M","T","M","$","M","M","M","R","B",null,"M","M","M","M","?","R","$","R","T"],"character_chosen":"DEFECT","items_purchased":["Blizzard"],"campfire_rested":0,"item_purchase_floors":[11],"current_hp_per_floor":[75,60,57,57,53,53,53,48,48,48,48,48,48,52,52,47,75,75,75,70,57,57,57,57,57,57,0],"gold":31,"neow_bonus":"BOSS_RELIC","is_prod":false,"is_daily":false,"chose_seed":false,"campfire_upgraded":4,"win_rate":0,"timestamp":1533369964,"path_taken":["M","?","M","M","M","R","E","M","T","M","?","M","M","M","R","BOSS","M","M","M","M","?","R","$","R","T","E"],"build_version":"2018-08-02","purchased_purges":0,"victory":false,"max_hp_per_floor":[75,75,75,75,75,75,75,75,75,75,75,75,75,75,75,75,75,75,75,75,75,75,75,75,75,75,75],"card_choices":[{"not_picked":["Go for the Eyes","Auto Shields"],"picked":"Defragment","floor":1},{"not_picked":["Compile Driver","Rip and Tear"],"picked":"Barrage","floor":3},{"not_picked":["Fusion","Steam"],"picked":"Chill","floor":4},{"not_picked":["Melter","Defragment"],"picked":"Conserve Battery","floor":5},{"not_picked":["Turbo","Go for the Eyes"],"picked":"Echo Form","floor":7},{"not_picked":["Chill","Fusion"],"picked":"Beam Cell","floor":8},{"not_picked":["Redo","Chaos"],"picked":"Sunder","floor":10},{"not_picked":["Sweeping Beam","Leap"],"picked":"Hello World","floor":12},{"not_picked":["Streamline","Melter"],"picked":"Self Repair","floor":13},{"not_picked":["Hologram","Gash","Go for the Eyes"],"picked":"SKIP","floor":14},{"not_picked":["Reboot","Rainbow"],"picked":"Meteor Strike","floor":16},{"not_picked":["Go for the Eyes","Chill"],"picked":"Conserve Battery+1","floor":18},{"not_picked":["Blizzard","Coolheaded"],"picked":"Sweeping Beam+1","floor":19},{"not_picked":["Static Discharge+1","Rip and Tear"],"picked":"Rebound+1","floor":20},{"not_picked":["Skim","Tempest"],"picked":"Coolheaded+1","floor":21}],"player_experience":174887,"relics_obtained":[{"floor":7,"key":"Ancient Tea Set"},{"floor":9,"key":"Orichalcum"},{"floor":26,"key":"Bag of Preparation"}],"event_choices":[{"event_name":"Shining Light","player_choice":"Entered Light","floor":2,"damage_taken":0},{"event_name":"Beggar","player_choice":"Ignored","floor":22,"damage_taken":0}],"is_beta":false,"boss_relics":[{"not_picked":["Lizard Tail","Philosopher\u0027s Stone"],"picked":"Nuclear Battery"}],"items_purged_floors":[],"is_endless":false,"potions_floor_spawned":[4,5,8,13,14,16,18],"killed_by":"Gremlin Leader","ascension_level":0}