{"gold_per_floor":[144,144,46,8,33,33,82,131,156,254,254,254,254,354,354,679,679,728,728,777,777,826,826,875,924,949,949,949,949,949],"floor_reached":30,"playtime":1290,"items_purged":["Injury"],"score":301,"play_id":"0e0070f4-b292-4355-a676-779463ba424d","local_time":"20180914205745","daily_mods":["Brewmaster","Midas","Binary"],"is_ascension_mode":false,"campfire_choices":[{"floor":6,"key":"REST"},{"floor":15,"key":"REST"},{"floor":23,"key":"REST"},{"floor":27,"key":"REST"}],"neow_cost":"","seed_source_timestamp":0,"circlet_count":0,"master_deck":["Defend_G","Defend_G","Defend_G","Defend_G","Defend_G","Strike_G","Strike_G","Strike_G","Strike_G","Strike_G","Survivor","Neutralize","Venomology","Venomology","Venomology","Venomology","Venomology","Backstab","Deflect","Masterful Stab","Calculated Gamble+1","Blade Dance","Regret","Caltrops+1","Necronomicurse","Dagger Throw+1","Ghostly","Ghostly","Ghostly","Ghostly","Ghostly","Outmaneuver+1","Terror","Deflect"],"special_seed":17789,"relics":["Ring of the Snake","White Beast Statue","Golden Idol","Bronze Scales","Juzu Bracelet","Orichalcum","Mummified Hand","Black Star","Necronomicon","Regal Pillow","MutagenicStrength"],"potions_floor_usage":[1,1,1,7,7,8,10,10,10,16,16,16,16,18,18,20,20,20,20,20,20,22,22,22,24,24,25,25,25,25,30,30,30,30,30,30,30],"damage_taken":[{"damage":2,"enemies":"Jaw Worm","floor":1,"turns":4},{"damage":0,"enemies":"Small Slimes","floor":7,"turns":2},{"damage":0,"enemies":"Cultist","floor":8,"turns":3},{"damage":0,"enemies":"Gremlin Nob","floor":10,"turns":3},{"damage":26,"enemies":"Hexaghost","floor":16,"turns":13},{"damage":3,"enemies":"3 Byrds","floor":18,"turns":4},{"damage":13,"enemies":"Shell Parasite","floor":20,"turns":6},{"damage":0,"enemies":"Shelled Parasite and Fungi","floor":22,"turns":7},{"damage":1,"enemies":"Chosen and Byrds","floor":24,"turns":4},{"damage":1,"enemies":"Sentry and Sphere","floor":25,"turns":6},{"damage":65,"enemies":"Gremlin Leader","floor":30,"turns":9}],"seed_played":"-4759966678403300837","potions_obtained":[{"floor":1,"key":"Dexterity Potion"},{"floor":7,"key":"FearPotion"},{"floor":10,"key":"SneckoOil"},{"floor":18,"key":"Strength Potion"},{"floor":20,"key":"EssenceOfSteel"},{"floor":22,"key":"Strength Potion"},{"floor":24,"key":"Weak Potion"}],"is_trial":false,"path_per_floor":["M","?","$","?","T","R","M","M","T","E","?","?","?","?","R","B",null,"M","?","M","?","M","R","M","M","T","R","?","?"],"character_chosen":"THE_SILENT","items_purchased":["Deflect"],"campfire_rested":4,"item_purchase_floors":[3],"current_hp_per_floor":[68,68,68,68,68,70,70,70,70,70,70,70,70,70,70,44,70,67,51,53,35,35,35,34,33,33,35,35,35,0],"gold":949,"neow_bonus":"","is_prod":false,"is_daily":true,"chose_seed":false,"campfire_upgraded":0,"win_rate":0,"timestamp":1536980265,"path_taken":["M","?","?","?","?","R","?","M","T","E","?","?","?","?","R","BOSS","M","?","M","?","M","R","M","M","T","R","?","?","E"],"build_version":"2018-09-06","purchased_purges":1,"victory":false,"max_hp_per_floor":[70,70,70,70,70,70,70,70,70,70,70,70,70,70,70,70,70,70,70,70,35,35,35,35,35,35,35,35,35,35],"card_choices":[{"not_picked":["Infinite Blades"],"picked":"Backstab","floor":1},{"not_picked":["Riddle With Holes"],"picked":"Masterful Stab","floor":7},{"not_picked":["Concentrate"],"picked":"Calculated Gamble","floor":8},{"not_picked":["Choke"],"picked":"Blade Dance","floor":10},{"not_picked":["Flying Knee+1"],"picked":"Caltrops+1","floor":18},{"not_picked":["Bane"],"picked":"Dagger Throw+1","floor":20},{"not_picked":["Calculated Gamble"],"picked":"Outmaneuver+1","floor":22},{"not_picked":["Slice+1"],"picked":"Terror","floor":24},{"not_picked":["Prepared"],"picked":"Deflect","floor":25}],"player_experience":521285,"relics_obtained":[{"floor":5,"key":"Bronze Scales"},{"floor":9,"key":"Juzu Bracelet"},{"floor":10,"key":"Orichalcum"},{"floor":19,"key":"Necronomicon"},{"floor":26,"key":"Regal Pillow"}],"event_choices":[{"event_name":"Golden Idol","player_choice":"Take Wound","floor":2,"damage_taken":0},{"event_name":"World of Goop","player_choice":"Left","floor":4,"damage_taken":0},{"event_name":"Living Wall","player_choice":"Grow","floor":11,"damage_taken":0},{"event_name":"The Cleric","player_choice":"Leave","floor":12,"damage_taken":0},{"event_name":"Big Fish","player_choice":"Box","floor":13,"damage_taken":0},{"event_name":"Golden Shrine","player_choice":"Pray","floor":14,"damage_taken":0},{"event_name":"Cursed Tome","player_choice":"Obtained Book","floor":19,"damage_taken":0},{"event_name":"Ghosts","player_choice":"Became a Ghost","floor":21,"damage_taken":0},{"event_name":"Vampires","player_choice":"Ignored","floor":28,"damage_taken":0},{"event_name":"Drug Dealer","player_choice":"Inject Mutagens","floor":29,"damage_taken":0}],"is_beta":false,"boss_relics":[{"not_picked":["Coffee Dripper","Tiny House"],"picked":"Black Star"}],"items_purged_floors":[3],"is_endless":false,"potions_floor_spawned":[1,7,8,10,16,18,20,22,24,25],"killed_by":"Gremlin Leader","ascension_level":0}