{"gold_per_floor":[118,131,91,101,116,116,129,145,222,222,106,120,140,150,150,245,245,261,271,282,282,282,282,301,319,319,319],"floor_reached":27,"playtime":1088,"items_purged":[],"score":277,"play_id":"0517994e-d7ea-4c8b-b726-deb707def878","local_time":"20190114132245","is_ascension_mode":true,"campfire_choices":[{"floor":6,"key":"REST"},{"floor":10,"key":"REST"},{"floor":15,"key":"REST"},{"data":"Go for the Eyes","floor":23,"key":"SMITH"}],"neow_cost":"PERCENT_DAMAGE","seed_source_timestamp":445152410682080,"circlet_count":0,"master_deck":["Strike_B","Strike_B","Strike_B","Defend_B","Defend_B","Defend_B","Zap","Dualcast","Rainbow","Redo","Cold Snap","Go for the Eyes","Coolheaded","Cold Snap","Chill","Redo","Static Discharge","Ball Lightning","Reprogram","Steam","Buffer","Hologram","Leap+1","Go for the Eyes+1","Rip and Tear","All For One","White Noise+1","Steam+1"],"relics":["Cracked Core","Question Card","Busted Crown","PreservedInsect"],"potions_floor_usage":[7,14,16,20,24,25,25],"damage_taken":[{"damage":0,"enemies":"Small Slimes","floor":1,"turns":2},{"damage":0,"enemies":"Cultist","floor":2,"turns":2},{"damage":4,"enemies":"Jaw Worm","floor":4,"turns":4},{"damage":7,"enemies":"Blue Slaver","floor":5,"turns":3},{"damage":22,"enemies":"Lots of Slimes","floor":7,"turns":4},{"damage":15,"enemies":"3 Louse","floor":8,"turns":3},{"damage":0,"enemies":"Large Slime","floor":12,"turns":6},{"damage":3,"enemies":"Blue Slaver","floor":13,"turns":3},{"damage":10,"enemies":"Exordium Thugs","floor":14,"turns":5},{"damage":7,"enemies":"Slime Boss","floor":16,"turns":8},{"damage":8,"enemies":"3 Byrds","floor":18,"turns":4},{"damage":1,"enemies":"Chosen","floor":19,"turns":5},{"damage":17,"enemies":"Shelled Parasite and Fungi","floor":20,"turns":8},{"damage":15,"enemies":"Snecko","floor":24,"turns":4},{"damage":15,"enemies":"Snake Plant","floor":25,"turns":4},{"damage":12,"enemies":"Chosen and Byrds","floor":27,"turns":6}],"seed_played":"-5979293878058491403","potions_obtained":[{"floor":3,"key":"PowerPotion"},{"floor":3,"key":"SmokeBomb"},{"floor":3,"key":"PowerPotion"},{"floor":7,"key":"Block Potion"},{"floor":8,"key":"SteroidPotion"},{"floor":14,"key":"Weak Potion"},{"floor":18,"key":"GamblersBrew"},{"floor":22,"key":"FocusPotion"},{"floor":22,"key":"GamblersBrew"},{"floor":22,"key":"SkillPotion"},{"floor":24,"key":"Poison Potion"}],"is_trial":false,"path_per_floor":["M","M","?","M","M","R","M","M","T","R","$","M","M","M","R","B",null,"M","M","M","?","?","R","M","M","T","M"],"character_chosen":"DEFECT","items_purchased":["Redo","Static Discharge"],"campfire_rested":3,"item_purchase_floors":[11,11],"current_hp_per_floor":[50,50,50,46,39,61,39,24,24,46,46,46,43,33,55,48,68,60,59,42,42,42,42,27,12,12,0],"gold":319,"neow_bonus":"THREE_RARE_CARDS","is_prod":false,"is_daily":false,"chose_seed":false,"campfire_upgraded":1,"win_rate":0,"timestamp":1547497365,"path_taken":["M","M","?","M","M","R","M","?","T","R","?","M","M","M","R","BOSS","M","M","?","?","?","R","?","M","T","M"],"build_version":"2019-01-10","purchased_purges":0,"victory":false,"max_hp_per_floor":[75,75,75,75,75,75,75,75,75,75,75,75,75,75,75,75,75,75,75,75,75,75,75,75,75,75,75],"card_choices":[{"not_picked":["Hyperbeam","Buffer"],"picked":"Rainbow","floor":0},{"not_picked":["Steam","Double Energy"],"picked":"Redo","floor":1},{"not_picked":["Stack","Static Discharge"],"picked":"Cold Snap","floor":2},{"not_picked":["Barrage","Buffer"],"picked":"Go for the Eyes","floor":4},{"not_picked":["Barrage","Redo"],"picked":"Coolheaded","floor":5},{"not_picked":["Leap","Coolheaded"],"picked":"Cold Snap","floor":7},{"not_picked":["Streamline","Redo"],"picked":"Chill","floor":8},{"not_picked":["Hologram","Conserve Battery","Sweeping Beam"],"picked":"Ball Lightning","floor":12},{"not_picked":["Gash","Beam Cell","Streamline"],"picked":"Reprogram","floor":13},{"not_picked":["Turbo","Coolheaded","BootSequence"],"picked":"Steam","floor":14},{"not_picked":["Multi-Cast","Core Surge","Rainbow"],"picked":"Buffer","floor":16},{"not_picked":["FTL"],"picked":"Hologram","floor":18},{"not_picked":["Hologram+1"],"picked":"Leap+1","floor":19},{"not_picked":["Force Field+1"],"picked":"Go for the Eyes","floor":20},{"not_picked":["Conserve Battery"],"picked":"White Noise+1","floor":24},{"not_picked":["Reinforced Body"],"picked":"Steam+1","floor":25}],"player_experience":1248669,"relics_obtained":[{"floor":9,"key":"Question Card"},{"floor":26,"key":"PreservedInsect"}],"event_choices":[{"damage_healed":0,"gold_gain":0,"player_choice":"Bought 3 Potions","damage_taken":0,"max_hp_gain":0,"max_hp_loss":0,"event_name":"The Woman in Blue","floor":3,"gold_loss":0},{"damage_healed":0,"gold_gain":0,"cards_transformed":["Defend_B","Strike_B"],"player_choice":"Became Test Subject","damage_taken":0,"max_hp_gain":0,"max_hp_loss":0,"event_name":"Drug Dealer","floor":21,"gold_loss":0,"cards_obtained":["Rip and Tear","All For One"]},{"damage_healed":0,"gold_gain":0,"player_choice":"Got Potions","damage_taken":0,"max_hp_gain":0,"max_hp_loss":0,"event_name":"Lab","floor":22,"gold_loss":0}],"is_beta":false,"boss_relics":[{"not_picked":["Velvet Choker","Black Star"],"picked":"Busted Crown"}],"items_purged_floors":[],"is_endless":false,"potions_floor_spawned":[7,8,14,18,24],"killed_by":"Chosen and Byrds","ascension_level":6}