{"gold_per_floor":[116,133,133,144,158,158,184,184,184,184,205,219,60,103,103,103],"floor_reached":16,"playtime":2344,"items_purged":[],"score":112,"play_id":"c66bfc2a-c1dc-49aa-a895-f0e873221106","local_time":"20190130150744","is_ascension_mode":false,"campfire_choices":[{"floor":6,"key":"REST"},{"floor":8,"key":"REST"},{"floor":15,"key":"REST"}],"neow_cost":"NONE","seed_source_timestamp":1384201717083305,"circlet_count":0,"master_deck":["Strike_B","Strike_B","Strike_B","Strike_B","Defend_B","Defend_B","Defend_B","Defend_B","Zap","Dualcast","Redo","Beam Cell","Self Repair","Gash","Redo","Capacitor","Ball Lightning","Loop","Fusion","Compile Driver","Gash+1","Melter+1"],"relics":["Cracked Core","Omamori","Dream Catcher","Golden Idol","Molten Egg 2"],"potions_floor_usage":[7,7,16],"damage_taken":[{"damage":11,"enemies":"Jaw Worm","floor":1,"turns":4},{"damage":0,"enemies":"Small Slimes","floor":2,"turns":2},{"damage":0,"enemies":"2 Louse","floor":4,"turns":2},{"damage":5,"enemies":"Looter","floor":5,"turns":3},{"damage":26,"enemies":"Lagavulin","floor":7,"turns":5},{"damage":39,"enemies":"Gremlin Gang","floor":11,"turns":5},{"damage":7,"enemies":"Exordium Wildlife","floor":12,"turns":3},{"damage":48,"enemies":"3 Sentries","floor":14,"turns":7},{"damage":38,"enemies":"Hexaghost","floor":16,"turns":8}],"seed_played":"4462205726660850929","potions_obtained":[{"floor":4,"key":"Energy Potion"},{"floor":5,"key":"Fire Potion"},{"floor":12,"key":"Poison Potion"}],"is_trial":false,"path_per_floor":["M","M","?","M","M","R","E","R","T","?","M","M","$","E","R","B"],"character_chosen":"DEFECT","items_purchased":["Loop","Fusion","Compile Driver"],"campfire_rested":3,"item_purchase_floors":[13,13,13],"current_hp_per_floor":[71,71,71,71,73,82,63,82,82,82,50,50,50,9,33,0],"gold":103,"neow_bonus":"TEN_PERCENT_HP_BONUS","is_prod":false,"is_daily":false,"chose_seed":false,"campfire_upgraded":0,"win_rate":0.0,"timestamp":1548860864,"path_taken":["M","M","?","M","M","R","E","R","T","?","M","M","$","E","R","BOSS"],"build_version":"2019-01-23","purchased_purges":0,"victory":false,"max_hp_per_floor":[82,82,82,82,82,82,82,82,82,82,82,82,82,82,82,82],"card_choices":[{"not_picked":["Streamline","Sweeping Beam"],"picked":"Redo","floor":1},{"not_picked":["Biased Cognition","Turbo"],"picked":"Beam Cell","floor":2},{"not_picked":["Rip and Tear","Rebound"],"picked":"Self Repair","floor":4},{"not_picked":["Leap","Lockon"],"picked":"Gash","floor":5},{"not_picked":["Rebound","Hologram"],"picked":"Redo","floor":7},{"not_picked":["Reprogram","Aggregate"],"picked":"Capacitor","floor":11},{"not_picked":["Go for the Eyes","Sweeping Beam"],"picked":"Ball Lightning","floor":12},{"not_picked":["Tempest","Loop"],"picked":"Gash","floor":14},{"not_picked":["Leap","Stack"],"picked":"Melter+1","floor":15}],"player_experience":81699,"relics_obtained":[{"floor":7,"key":"Omamori"},{"floor":9,"key":"Dream Catcher"},{"floor":14,"key":"Molten Egg 2"}],"event_choices":[{"damage_healed":0,"gold_gain":0,"player_choice":"Ignored","damage_taken":0,"max_hp_gain":0,"max_hp_loss":0,"event_name":"Shining Light","floor":3,"gold_loss":0},{"damage_healed":0,"gold_gain":0,"player_choice":"Take Wound","damage_taken":0,"relics_obtained":["Golden Idol"],"max_hp_gain":0,"max_hp_loss":0,"event_name":"Golden Idol","floor":10,"gold_loss":0,"cards_obtained":["Injury"]}],"is_beta":false,"boss_relics":[],"items_purged_floors":[],"is_endless":false,"potions_floor_spawned":[4,5,12],"killed_by":"Hexaghost","ascension_level":0}