{"gold_per_floor":[115,115,390,390,207,233,233,247,247,44,61,72,104,122,122,220,220,237,252,252,252,252,252,284,301,301,328,64,76,110,42,42,141,141,157,157,0,10,23,51,51,51,103,119,51,65,65,75,75,75],"floor_reached":51,"playtime":3868,"items_purged":["Regret"],"score":992,"play_id":"051bc8d1-b69d-4085-9d17-72668f4f531a","local_time":"20180912140157","is_ascension_mode":true,"campfire_choices":[{"floor":7,"key":"REST"},{"floor":15,"key":"REST"},{"data":"Accuracy","floor":32,"key":"SMITH"},{"data":"Envenom","floor":41,"key":"SMITH"},{"data":"Cloak And Dagger","floor":49,"key":"SMITH"}],"neow_cost":"NONE","seed_source_timestamp":582777902486009,"circlet_count":0,"master_deck":["Defend_G+1","Defend_G+1","Defend_G+1","Defend_G+1","Defend_G+1","Strike_G+1","Strike_G+1","Strike_G+1","Strike_G+1","Strike_G+1","Survivor","Neutralize","After Image+1","Cloak And Dagger+1","Accuracy+1","Backstab","Backflip","Deflect","Blade Dance","Cloak And Dagger","Glass Knife","Masterful Stab","Terror+1","Envenom+1","Backflip+1","Cloak And Dagger+1","Impatience+1","After Image+1","Slice","Panacea+1","A Thousand Cuts","Finisher+1","Prepared+1","Parasite","Backflip+1","Cloak And Dagger+1","Caltrops","Outmaneuver+1","Noxious Fumes","Phantasmal Killer+1","Blade Dance+1","Madness+1","Madness+1","Dash+1","Dodge and Roll+1","Cloak And Dagger+1","Normality","Blur+1","Tactician+1","Cloak And Dagger+1","Corpse Explosion+1"],"relics":["Ring of the Snake","Ninja Scroll","Ginger","Darkstone Periapt","Oddly Smooth Stone","Toxic Egg 2","Cursed Key","Snake Skull","Pantograph","Orichalcum","Bottled Tornado","Incense Burner","Coffee Dripper","Red Mask","Dream Catcher","Smiling Mask"],"potions_floor_usage":[16,19,24,30,30,33,38,46,47,48],"damage_taken":[{"damage":0,"enemies":"Small Slimes","floor":1,"turns":8},{"damage":35,"enemies":"Gremlin Nob","floor":6,"turns":5},{"damage":0,"enemies":"Jaw Worm","floor":8,"turns":3},{"damage":0,"enemies":"Cultist","floor":11,"turns":3},{"damage":2,"enemies":"Large Slime","floor":12,"turns":5},{"damage":5,"enemies":"Lagavulin","floor":13,"turns":8},{"damage":0,"enemies":"Looter","floor":14,"turns":1},{"damage":2,"enemies":"The Guardian","floor":16,"turns":13},{"damage":1,"enemies":"3 Byrds","floor":18,"turns":5},{"damage":0,"enemies":"Chosen","floor":19,"turns":4},{"damage":0,"enemies":"Book of Stabbing","floor":24,"turns":4},{"damage":0,"enemies":"Snake Plant","floor":25,"turns":4},{"damage":0,"enemies":"Slavers","floor":27,"turns":5},{"damage":0,"enemies":"Shelled Parasite and Fungi","floor":29,"turns":3},{"damage":1,"enemies":"Book of Stabbing","floor":30,"turns":4},{"damage":0,"enemies":"Automaton","floor":33,"turns":8},{"damage":2,"enemies":"3 Shapes","floor":35,"turns":5},{"damage":3,"enemies":"3 Darklings","floor":38,"turns":4},{"damage":10,"enemies":"Spire Growth","floor":39,"turns":3},{"damage":15,"enemies":"Giant Head","floor":40,"turns":7},{"damage":0,"enemies":"Reptomancer","floor":44,"turns":4},{"damage":0,"enemies":"Transient","floor":46,"turns":5},{"damage":0,"enemies":"3 Darklings","floor":47,"turns":2},{"damage":0,"enemies":"Maw","floor":48,"turns":6},{"damage":40,"enemies":"Time Eater","floor":50,"turns":11}],"seed_played":"317758565939617897","potions_obtained":[{"floor":1,"key":"Swift Potion"},{"floor":13,"key":"PowerPotion"},{"floor":16,"key":"Weak Potion"},{"floor":18,"key":"LiquidBronze"},{"floor":19,"key":"PowerPotion"},{"floor":29,"key":"LiquidBronze"},{"floor":33,"key":"Explosive Potion"},{"floor":35,"key":"GamblersBrew"},{"floor":38,"key":"GamblersBrew"},{"floor":40,"key":"SmokeBomb"}],"is_trial":false,"path_per_floor":["M","?","?","?","$","E","R","M","T","$","M","M","E","M","R","B",null,"M","M","?","?","?","?","E","M","T","E","$","M","E","$","R","B",null,"M","?","?","M","M","E","R","?","T","M","$","M","M","M","R","B"],"character_chosen":"THE_SILENT","items_purchased":["Accuracy","Backstab","Blade Dance","Oddly Smooth Stone","Bottled Tornado","Cloak And Dagger+1","Noxious Fumes","Tactician+1"],"campfire_rested":2,"item_purchase_floors":[5,5,10,10,28,28,31,45],"current_hp_per_floor":[70,67,67,67,67,32,53,53,53,53,53,51,46,46,67,65,70,69,69,55,55,55,55,55,55,61,61,61,61,60,60,60,76,76,74,64,64,61,51,36,36,36,42,42,42,42,42,42,42,27],"gold":75,"neow_bonus":"ONE_RANDOM_RARE_CARD","is_prod":false,"is_daily":false,"chose_seed":false,"campfire_upgraded":3,"win_rate":0,"timestamp":1536782517,"path_taken":["M","?","?","?","$","E","R","?","T","$","M","M","E","M","R","BOSS","M","?","?","?","?","?","E","M","T","E","$","M","E","$","R","BOSS","M","?","?","M","M","E","R","?","T","M","?","?","M","M","R","BOSS"],"build_version":"2018-09-06","purchased_purges":1,"victory":true,"max_hp_per_floor":[70,70,70,70,70,70,70,70,70,70,70,70,70,70,70,70,70,70,70,70,70,70,70,70,70,76,76,76,76,76,76,76,76,76,76,76,76,76,76,76,76,76,82,82,82,82,82,82,82,82],"card_choices":[{"not_picked":["Leg Sweep","Blade Dance"],"picked":"Cloak And Dagger","floor":1},{"not_picked":["Sucker Punch","Phantasmal Killer"],"picked":"Backflip","floor":6},{"not_picked":["Acrobatics","Flying Knee"],"picked":"Deflect","floor":8},{"not_picked":["All Out Attack","Underhanded Strike"],"picked":"Cloak And Dagger","floor":11},{"not_picked":["Dodge and Roll","Backflip"],"picked":"Glass Knife","floor":12},{"not_picked":["Well Laid Plans","Crippling Poison"],"picked":"Masterful Stab","floor":13},{"not_picked":["Sucker Punch","Bane"],"picked":"Terror+1","floor":14},{"not_picked":["Night Terror+1","Glass Knife"],"picked":"Envenom","floor":16},{"not_picked":["Flying Knee","Acrobatics+1"],"picked":"Backflip+1","floor":18},{"not_picked":["Outmaneuver+1","Infinite Blades"],"picked":"Cloak And Dagger+1","floor":19},{"not_picked":["Crippling Poison+1","Endless Agony+1"],"picked":"Finisher+1","floor":24},{"not_picked":["Underhanded Strike+1","Sucker Punch"],"picked":"Prepared+1","floor":25},{"not_picked":["Riddle With Holes","Well Laid Plans"],"picked":"Backflip+1","floor":27},{"not_picked":["Phantasmal Killer+1","Finisher"],"picked":"Caltrops","floor":29},{"not_picked":["Sucker Punch+1","Well Laid Plans"],"picked":"Outmaneuver+1","floor":30},{"not_picked":["After Image","Malaise+1"],"picked":"Phantasmal Killer+1","floor":33},{"not_picked":["Flying Knee","Acrobatics+1"],"picked":"Blade Dance+1","floor":35},{"not_picked":["Outmaneuver+1","Prepared+1"],"picked":"Dash+1","floor":38},{"not_picked":["Concentrate+1","Sucker Punch+1"],"picked":"Dodge and Roll+1","floor":39},{"not_picked":["Tools of the Trade","Prepared+1"],"picked":"Cloak And Dagger+1","floor":40},{"not_picked":["All Out Attack","Dagger Throw+1"],"picked":"Blur+1","floor":44},{"not_picked":["PiercingWail+1","Sucker Punch+1"],"picked":"Cloak And Dagger+1","floor":46},{"not_picked":["Prepared+1","Deflect+1"],"picked":"Corpse Explosion+1","floor":48}],"player_experience":508364,"relics_obtained":[{"floor":6,"key":"Ginger"},{"floor":9,"key":"Darkstone Periapt"},{"floor":13,"key":"Toxic Egg 2"},{"floor":24,"key":"Snake Skull"},{"floor":26,"key":"Pantograph"},{"floor":27,"key":"Orichalcum"},{"floor":30,"key":"Incense Burner"},{"floor":40,"key":"Dream Catcher"},{"floor":43,"key":"Smiling Mask"}],"event_choices":[{"event_name":"Scrap Ooze","player_choice":"success","floor":2,"damage_taken":3},{"event_name":"Golden Shrine","player_choice":"Desecrate","floor":3,"damage_taken":0},{"event_name":"Living Wall","player_choice":"Grow","floor":4,"damage_taken":0},{"event_name":"Knowing Skull","player_choice":"CARD ","floor":20,"damage_taken":0},{"event_name":"Duplicator","player_choice":"One dupe","floor":21,"damage_taken":0},{"event_name":"Back to Basics","player_choice":"Simplicity","floor":22,"damage_taken":0},{"event_name":"Match and Keep!","player_choice":"3 cards matched","floor":23,"damage_taken":0},{"event_name":"Winding Halls","player_choice":"Embrace Madness","floor":36,"damage_taken":0},{"event_name":"Tomb of Lord Red Mask","player_choice":"Paid","floor":37,"damage_taken":0},{"event_name":"Mysterious Sphere","player_choice":"Ignore","floor":42,"damage_taken":0}],"is_beta":false,"boss_relics":[{"not_picked":["Runic Pyramid","Eternal Feather"],"picked":"Cursed Key"},{"not_picked":["Philosopher\u0027s Stone","Velvet Choker"],"picked":"Coffee Dripper"}],"items_purged_floors":[5],"is_endless":false,"potions_floor_spawned":[1,13,16,18,19,29,33,35,38,40],"ascension_level":3}