{"gold_per_floor":[118,118,133,133,203,203,234,234,234,252,265,291,291,318,318,393,393,403,403,59,79,89,89,105,105,105,130,144,144,178,206,218,230],"floor_reached":33,"playtime":1689,"items_purged":[],"score":534,"play_id":"a0a3a46e-ec9f-4351-9da6-786305287dc4","local_time":"20180813163826","is_ascension_mode":true,"campfire_choices":[{"floor":6,"key":"REST"},{"data":"Flame Barrier","floor":8,"key":"SMITH"},{"floor":13,"key":"REST"},{"data":"Barricade","floor":15,"key":"SMITH"},{"data":"Uppercut","floor":23,"key":"SMITH"},{"data":"True Grit","floor":25,"key":"SMITH"},{"floor":29,"key":"REST"},{"floor":32,"key":"REST"}],"neow_cost":"NONE","seed_source_timestamp":26957198732713,"circlet_count":0,"master_deck":["Bash","AscendersBane","Clothesline","Anger","Flame Barrier+1","True Grit+1","Impervious","Barricade+1","Cleave+1","Limit Break+1","Heavy Blade+1","Sword Boomerang","Twin Strike","Metallicize","Pummel","Uppercut+1","Intimidate+1","Inflame","Cleave","Armaments+1","Good Instincts+1","Feel No Pain","True Grit+1","Armaments+1","Battle Trance+1"],"relics":["Burning Blood","Vajra","Anchor","Toxic Egg 2","Pandora\u0027s Box","Nloth\u0027s Gift","ClockworkSouvenir","Whetstone","Bronze Scales","MawBank"],"potions_floor_usage":[7,12,12,16,27,30,30,31,33],"damage_taken":[{"damage":9,"enemies":"Jaw Worm","floor":1,"turns":5},{"damage":6,"enemies":"Cultist","floor":3,"turns":3},{"damage":27,"enemies":"3 Sentries","floor":7,"turns":8},{"damage":0,"enemies":"2 Louse","floor":10,"turns":3},{"damage":0,"enemies":"Large Slime","floor":11,"turns":6},{"damage":20,"enemies":"Lagavulin","floor":12,"turns":6},{"damage":4,"enemies":"3 Sentries","floor":14,"turns":10},{"damage":63,"enemies":"Slime Boss","floor":16,"turns":16},{"damage":11,"enemies":"Spheric Guardian","floor":18,"turns":3},{"damage":15,"enemies":"2 Thieves","floor":21,"turns":4},{"damage":6,"enemies":"Centurion and Healer","floor":22,"turns":5},{"damage":5,"enemies":"Chosen and Byrds","floor":24,"turns":6},{"damage":31,"enemies":"Book of Stabbing","floor":27,"turns":5},{"damage":15,"enemies":"Snake Plant","floor":28,"turns":4},{"damage":22,"enemies":"Slavers","floor":30,"turns":5},{"damage":7,"enemies":"3 Cultists","floor":31,"turns":5},{"damage":77,"enemies":"Collector","floor":33,"turns":7}],"seed_played":"6727437018533807177","potions_obtained":[{"floor":0,"key":"Poison Potion"},{"floor":0,"key":"Weak Potion"},{"floor":1,"key":"PowerPotion"},{"floor":7,"key":"Poison Potion"},{"floor":14,"key":"Poison Potion"},{"floor":18,"key":"Strength Potion"},{"floor":24,"key":"SkillPotion"},{"floor":27,"key":"SpeedPotion"},{"floor":30,"key":"Regen Potion"},{"floor":31,"key":"Block Potion"}],"is_trial":false,"path_per_floor":["M","?","M","?","?","R","E","R","T","M","M","E","R","E","R","B",null,"M","?","$","M","M","R","M","R","T","E","M","R","E","M","R"],"character_chosen":"IRONCLAD","items_purchased":["Armaments+1","Good Instincts+1","ClockworkSouvenir"],"campfire_rested":4,"item_purchase_floors":[20,20,20],"current_hp_per_floor":[65,65,65,42,42,64,43,43,43,49,55,41,63,65,65,8,58,53,53,53,44,44,44,45,45,45,20,11,33,17,30,52,0],"gold":230,"neow_bonus":"THREE_SMALL_POTIONS","is_prod":false,"is_daily":false,"chose_seed":false,"campfire_upgraded":4,"win_rate":0,"timestamp":1534174706,"path_taken":["M","?","M","?","?","R","E","R","T","M","?","E","R","E","R","BOSS","M","?","$","?","M","R","M","R","T","E","M","R","E","M","R","BOSS"],"build_version":"2018-08-09","purchased_purges":0,"victory":false,"max_hp_per_floor":[75,75,75,75,75,75,75,75,75,75,75,75,75,75,75,75,75,75,75,75,75,75,75,75,75,75,75,75,75,75,75,75,75],"card_choices":[{"not_picked":["Heavy Blade","Flex"],"picked":"Clothesline","floor":1},{"not_picked":["Fire Breathing","Thunderclap"],"picked":"Anger","floor":3},{"not_picked":["Wild Strike","Anger"],"picked":"Flame Barrier","floor":7},{"not_picked":["Thunderclap","Sentinel"],"picked":"True Grit","floor":10},{"not_picked":["Ghostly Armor","True Grit"],"picked":"Impervious","floor":11},{"not_picked":["Power Through","Dropkick"],"picked":"Barricade","floor":12},{"not_picked":["Thunderclap","Carnage"],"picked":"Cleave","floor":14},{"not_picked":["Brutality","Berserk"],"picked":"Limit Break+1","floor":16},{"not_picked":["Heavy Blade","Clash+1","Infernal Blade+1"],"picked":"SKIP","floor":18},{"not_picked":["Wild Strike","Reckless Charge","Uppercut"],"picked":"SKIP","floor":21},{"not_picked":["Clothesline","Twin Strike","Perfected Strike"],"picked":"SKIP","floor":22},{"not_picked":["Armaments+1","Twin Strike"],"picked":"Feel No Pain","floor":24},{"not_picked":["Body Slam","Headbutt"],"picked":"True Grit+1","floor":27},{"not_picked":["Body Slam","Twin Strike"],"picked":"Armaments+1","floor":28},{"not_picked":["Body Slam+1","Heavy Blade"],"picked":"Battle Trance+1","floor":30},{"not_picked":["Brutality","Thunderclap","Clash"],"picked":"SKIP","floor":31}],"player_experience":455232,"relics_obtained":[{"floor":7,"key":"Vajra"},{"floor":9,"key":"Anchor"},{"floor":12,"key":"Toxic Egg 2"},{"floor":14,"key":"Calipers"},{"floor":26,"key":"Whetstone"},{"floor":27,"key":"Bronze Scales"},{"floor":30,"key":"MawBank"}],"event_choices":[{"event_name":"The Lab","player_choice":"Got Potions","floor":2,"damage_taken":0},{"event_name":"Shining Light","player_choice":"Entered Light","floor":4,"damage_taken":0},{"event_name":"Golden Wing","player_choice":"Gained Gold","floor":5,"damage_taken":0},{"event_name":"N\u0027loth","player_choice":"Traded a Calipers","floor":19,"damage_taken":0}],"is_beta":false,"boss_relics":[{"not_picked":["White Beast Statue","Lizard Tail"],"picked":"Pandora\u0027s Box"}],"items_purged_floors":[],"is_endless":false,"potions_floor_spawned":[1,3,7,14,18,24,27,30,31],"killed_by":"Collector","ascension_level":15}