{"gold_per_floor":[111,127,127,127,147,177,194,221,221,231,249,249,249,274,274,403,403,424,424,443,368,387,387,426,426,477,402,402,402,417,455,455,580,643],"floor_reached":34,"playtime":1415,"items_purged":["Feed"],"score":427,"play_id":"e2aabd28-5bc3-475f-9219-85da4b4e6482","local_time":"20190210234006","is_ascension_mode":false,"campfire_choices":[{"floor":12,"key":"REST"},{"floor":15,"key":"DIG"},{"floor":23,"key":"REST"},{"floor":25,"key":"REST"},{"floor":29,"key":"REST"},{"floor":32,"key":"REST"}],"neow_cost":"NONE","seed_source_timestamp":298562601386407,"circlet_count":0,"master_deck":["Strike_R","Strike_R","Strike_R","Strike_R","Strike_R","Defend_R","Defend_R","Defend_R","Twin Strike","Combust","Iron Wave","Cleave","Anger","Anger","Cleave","Pommel Strike","Clash","True Grit","Rampage","True Grit+1","Twin Strike","Cleave","Combust","Twin Strike+1","Cleave+1","Pommel Strike","True Grit+1","Clash","Shrug It Off","Iron Wave","Cleave"],"relics":["Black Blood","Pen Nib","Prayer Wheel","Shovel","Kunai","Blue Candle","Golden Idol","Pear","Bronze Scales","Juzu Bracelet","Singing Bowl","Orichalcum","Tiny House"],"potions_floor_usage":[22,31,33],"damage_taken":[{"damage":3,"enemies":"Jaw Worm","floor":1,"turns":4},{"damage":8,"enemies":"2 Louse","floor":2,"turns":2},{"damage":2,"enemies":"Small Slimes","floor":5,"turns":3},{"damage":35,"enemies":"Lagavulin","floor":6,"turns":5},{"damage":5,"enemies":"Looter","floor":7,"turns":3},{"damage":22,"enemies":"3 Sentries","floor":8,"turns":5},{"damage":14,"enemies":"Gremlin Gang","floor":10,"turns":3},{"damage":0,"enemies":"Exordium Thugs","floor":11,"turns":3},{"damage":4,"enemies":"3 Louse","floor":14,"turns":2},{"damage":12,"enemies":"Slime Boss","floor":16,"turns":7},{"damage":6,"enemies":"3 Byrds","floor":18,"turns":4},{"damage":28,"enemies":"2 Thieves","floor":20,"turns":3},{"damage":37,"enemies":"Centurion and Healer","floor":22,"turns":5},{"damage":68,"enemies":"Book of Stabbing","floor":24,"turns":5},{"damage":8,"enemies":"Chosen and Byrds","floor":30,"turns":4},{"damage":65,"enemies":"Slavers","floor":31,"turns":5},{"damage":50,"enemies":"Automaton","floor":33,"turns":10}],"seed_played":"-3714803210630582479","potions_obtained":[{"floor":7,"key":"Ancient Potion"},{"floor":8,"key":"SmokeBomb"},{"floor":10,"key":"Dexterity Potion"},{"floor":11,"key":"BloodPotion"},{"floor":30,"key":"Regen Potion"},{"floor":34,"key":"SneckoOil"}],"is_trial":false,"path_per_floor":["?","?","?","?","M","?","T"],"character_chosen":"IRONCLAD","items_purchased":[],"campfire_rested":5,"item_purchase_floors":[],"current_hp_per_floor":[80,78,53,79,80,51,52,36,36,28,34,58,58,60,70,64,84,87,87,69,69,50,76,18,44,44,44,44,70,72,31,57,19,94],"gold":643,"neow_bonus":"RANDOM_COMMON_RELIC","is_prod":false,"is_daily":false,"chose_seed":false,"campfire_upgraded":0,"win_rate":0,"timestamp":1549860006,"path_taken":["M","M","?","?","M","E","M","E","T","M","M","R","?","M","R","BOSS","M","?","M","$","?","R","E","R","T","?","?","R","M","E","R","BOSS"],"build_version":"2019-01-23","purchased_purges":1,"victory":false,"max_hp_per_floor":[80,80,80,80,80,80,80,80,80,80,80,80,74,74,84,84,84,87,87,87,87,87,87,87,87,87,87,87,87,87,87,87,89,94],"card_choices":[{"not_picked":["Clothesline","Dual Wield"],"picked":"Twin Strike","floor":1},{"not_picked":["Perfected Strike","Uppercut"],"picked":"Combust","floor":2},{"not_picked":["Warcry","Fiend Fire"],"picked":"Iron Wave","floor":5},{"not_picked":["Thunderclap","Pommel Strike"],"picked":"Cleave","floor":5},{"not_picked":["Infernal Blade","Sword Boomerang"],"picked":"Anger","floor":6},{"not_picked":["Sword Boomerang","Rupture"],"picked":"Anger","floor":7},{"not_picked":["Iron Wave","Evolve"],"picked":"Cleave","floor":7},{"not_picked":["Power Through","Offering","Havoc"],"picked":"SKIP","floor":8},{"not_picked":["Clothesline","Whirlwind"],"picked":"Pommel Strike","floor":10},{"not_picked":["Flex","Clothesline"],"picked":"Clash","floor":10},{"not_picked":["Sword Boomerang","Perfected Strike"],"picked":"True Grit","floor":11},{"not_picked":["Shockwave","Sentinel"],"picked":"Rampage","floor":11},{"not_picked":["Offering","Uppercut"],"picked":"True Grit","floor":14},{"not_picked":["Flame Barrier","Fire Breathing"],"picked":"Twin Strike","floor":14},{"not_picked":["Dark Embrace","Immolate"],"picked":"Feed","floor":16},{"not_picked":["Wild Strike","Flex"],"picked":"Cleave","floor":18},{"not_picked":["Thunderclap+1","Power Through","Heavy Blade"],"picked":"SKIP","floor":18},{"not_picked":["Disarm","Headbutt"],"picked":"Twin Strike+1","floor":20},{"not_picked":["Infernal Blade","Havoc","Whirlwind+1"],"picked":"SKIP","floor":20},{"not_picked":["Shrug It Off+1","Carnage+1"],"picked":"Cleave+1","floor":22},{"not_picked":["Second Wind+1","Perfected Strike"],"picked":"Pommel Strike","floor":22},{"not_picked":["Pommel Strike","Dropkick"],"picked":"True Grit+1","floor":24},{"not_picked":["Body Slam","Pummel"],"picked":"Clash","floor":30},{"not_picked":["Pummel","Rampage+1"],"picked":"Shrug It Off","floor":30},{"not_picked":["Rupture+1","Impervious"],"picked":"Iron Wave","floor":31},{"not_picked":["Berserk","Dark Embrace","Offering"],"picked":"Singing Bowl","floor":33},{"not_picked":["Armaments","Thunderclap+1"],"picked":"Cleave","floor":34}],"player_experience":398166,"relics_obtained":[{"floor":6,"key":"Shovel"},{"floor":8,"key":"Kunai"},{"floor":9,"key":"Blue Candle"},{"floor":15,"key":"Pear"},{"floor":24,"key":"Bronze Scales"},{"floor":26,"key":"Juzu Bracelet"},{"floor":28,"key":"Singing Bowl"},{"floor":31,"key":"Orichalcum"}],"event_choices":[{"damage_healed":0,"gold_gain":0,"player_choice":"Success","damage_taken":25,"relics_obtained":["Prayer Wheel"],"max_hp_gain":0,"max_hp_loss":0,"event_name":"Scrap Ooze","floor":3,"gold_loss":0},{"damage_healed":26,"gold_gain":0,"player_choice":"Banana","damage_taken":0,"max_hp_gain":0,"max_hp_loss":0,"event_name":"Big Fish","floor":4,"gold_loss":0},{"damage_healed":0,"gold_gain":0,"player_choice":"Lose Max HP","damage_taken":0,"relics_obtained":["Golden Idol"],"max_hp_gain":0,"max_hp_loss":6,"event_name":"Golden Idol","floor":13,"gold_loss":0},{"damage_healed":0,"gold_gain":0,"cards_transformed":["Bash"],"player_choice":"Transformed","damage_taken":0,"max_hp_gain":0,"max_hp_loss":0,"event_name":"Transmorgrifier","floor":19,"gold_loss":0,"cards_obtained":["Combust"]},{"cards_removed":["Defend_R"],"damage_healed":0,"gold_gain":0,"player_choice":"Gave Gold","damage_taken":0,"max_hp_gain":0,"max_hp_loss":0,"event_name":"Beggar","floor":27,"gold_loss":75}],"is_beta":false,"boss_relics":[{"not_picked":["Ectoplasm","Runic Dome"],"picked":"Black Blood"},{"not_picked":["Sozu","Calling Bell"],"picked":"Tiny House"}],"items_purged_floors":[21],"is_endless":false,"potions_floor_spawned":[7,8,10,11,14,18,30],"ascension_level":0}