{"gold_per_floor":[211,88,102,122,122,135,135,149,172,229,246,258,258,258,258,258],"floor_reached":16,"playtime":502,"items_purged":["Strike_R"],"score":94,"play_id":"e1bae4b8-b38f-4033-bfc0-6bd4309cda31","local_time":"20190206215938","is_ascension_mode":false,"campfire_choices":[{"data":"Searing Blow","floor":7.0,"key":"SMITH"},{"data":"Searing Blow+1","floor":13.0,"key":"SMITH"},{"data":"Searing Blow+2","floor":15.0,"key":"SMITH"}],"neow_cost":"NONE","seed_source_timestamp":358635756098551,"circlet_count":0,"master_deck":["Strike_R","Strike_R+1","Strike_R+1","Defend_R","Defend_R","Defend_R","Defend_R","Bash","Pommel Strike","Dropkick","Searing Blow+3"],"special_seed":0,"relics":["Burning Blood","Whetstone","Potion Belt"],"potions_floor_usage":[16],"damage_taken":[{"damage":1.0,"enemies":"Cultist","floor":1.0,"turns":3.0},{"damage":3.0,"enemies":"Jaw Worm","floor":3.0,"turns":3.0},{"damage":0.0,"enemies":"2 Louse","floor":4.0,"turns":3.0},{"damage":0.0,"enemies":"Large Slime","floor":6.0,"turns":4.0},{"damage":15.0,"enemies":"Looter","floor":8.0,"turns":3.0},{"damage":44.0,"enemies":"3 Sentries","floor":10.0,"turns":9.0},{"damage":18.0,"enemies":"Exordium Thugs","floor":11.0,"turns":5.0},{"damage":16.0,"enemies":"Gremlin Gang","floor":12.0,"turns":4.0},{"damage":11,"enemies":"Slime Boss","floor":16,"turns":5}],"seed_played":"-7615247323226177243","potions_obtained":[{"floor":1.0,"key":"BloodPotion"},{"floor":4.0,"key":"SteroidPotion"},{"floor":6.0,"key":"SneckoOil"},{"floor":10.0,"key":"Weak Potion"},{"floor":12.0,"key":"Poison Potion"}],"is_trial":false,"path_per_floor":["M","$","M","M","?","M","R","M","T","?","M","M","R","?","R","B"],"character_chosen":"IRONCLAD","items_purchased":["Pommel Strike"],"campfire_rested":0,"item_purchase_floors":[2],"current_hp_per_floor":[80,80,80,80,80,80,80,71,71,33,21,11,11,4,4,1],"gold":258,"neow_bonus":"HUNDRED_GOLD","is_prod":false,"is_daily":false,"chose_seed":false,"campfire_upgraded":3,"win_rate":0,"timestamp":1549519178,"path_taken":["M","$","M","?","?","M","R","M","T","?","M","M","R","?","R","BOSS"],"build_version":"2019-01-23","purchased_purges":1,"victory":false,"max_hp_per_floor":[80,80,80,80,80,80,80,80,80,80,80,80,80,80,80,80],"card_choices":[{"not_picked":["Rupture","Clothesline","Metallicize"],"picked":"SKIP","floor":1.0},{"not_picked":["Entrench","Shrug It Off"],"picked":"Dropkick","floor":3.0},{"not_picked":["Havoc","Pommel Strike"],"picked":"Searing Blow","floor":4.0},{"not_picked":["Searing Blow","Havoc","Rage"],"picked":"SKIP","floor":6.0},{"not_picked":["Iron Wave","Pommel Strike","Warcry"],"picked":"SKIP","floor":8.0},{"not_picked":["Heavy Blade","Armaments","Wild Strike"],"picked":"SKIP","floor":11.0},{"not_picked":["Entrench","Anger","Wild Strike"],"picked":"SKIP","floor":12.0}],"player_experience":364174,"relics_obtained":[{"floor":9.0,"key":"Whetstone"},{"floor":10.0,"key":"Potion Belt"}],"event_choices":[{"damage_healed":0.0,"max_hp_gain":0.0,"max_hp_loss":0.0,"gold_gain":0.0,"event_name":"Liars Game","player_choice":"Ignored","floor":5.0,"gold_loss":0.0,"damage_taken":0.0},{"damage_healed":0.0,"max_hp_gain":0.0,"max_hp_loss":0.0,"gold_gain":0.0,"event_name":"Dead Adventurer","player_choice":"Searched \u00271\u0027 times","floor":10.0,"gold_loss":0.0,"damage_taken":0.0},{"cards_removed":["Strike_R"],"damage_healed":0.0,"max_hp_gain":0.0,"max_hp_loss":0.0,"gold_gain":0.0,"event_name":"Golden Wing","player_choice":"Card Removal","floor":14.0,"gold_loss":0.0,"damage_taken":7.0}],"is_beta":false,"boss_relics":[],"items_purged_floors":[2],"is_endless":false,"potions_floor_spawned":[1,4,6,10,12],"killed_by":"Slime Boss","ascension_level":0}