{"gold_per_floor":[118,118,68,68,84,84,104,104,183,203,203,76,76,94,94,190,190,190],"floor_reached":18,"playtime":658,"items_purged":["Strike_G"],"score":150,"play_id":"e49e0020-26bf-4bfa-9b51-f668d42a7ebe","local_time":"20190124103258","is_ascension_mode":false,"campfire_choices":[{"floor":6.0,"key":"RECALL"},{"floor":15.0,"key":"REST"}],"neow_cost":"NONE","seed_source_timestamp":0,"circlet_count":0,"master_deck":["Defend_G","Defend_G","Defend_G","Defend_G","Strike_G","Strike_G","Strike_G","Strike_G","Survivor","Neutralize+1","PiercingWail","Distraction","Bullet Time","Acrobatics","PiercingWail","Venomology"],"special_seed":0,"relics":["Fusion Hammer"],"potions_floor_usage":[],"damage_taken":[{"damage":0.0,"enemies":"Jaw Worm","floor":1.0,"turns":5.0},{"damage":0.0,"enemies":"Small Slimes","floor":5.0,"turns":4.0},{"damage":4.0,"enemies":"2 Louse","floor":7.0,"turns":3.0},{"damage":0.0,"enemies":"2 Fungi Beasts","floor":10.0,"turns":4.0},{"damage":3.0,"enemies":"Lots of Slimes","floor":14.0,"turns":4.0},{"damage":73.0,"enemies":"Slime Boss","floor":16.0,"turns":17.0},{"damage":0,"enemies":"2 Thieves","floor":18,"turns":1}],"seed_played":"-6259777571995328518","potions_obtained":[{"floor":1.0,"key":"GamblersBrew"},{"floor":7.0,"key":"Block Potion"},{"floor":10.0,"key":"AttackPotion"}],"is_trial":false,"path_per_floor":["M","?","?","$","M","R","M","?","T","M","T","$","?","M","R","B",null,"M"],"character_chosen":"THE_SILENT","items_purchased":["Acrobatics"],"campfire_rested":1,"item_purchase_floors":[12],"current_hp_per_floor":[70,75,75,75,75,75,71,71,71,71,71,71,71,68,75,2,75,75],"gold":190,"neow_bonus":"BOSS_RELIC","is_prod":false,"is_daily":false,"chose_seed":false,"campfire_upgraded":0,"win_rate":0,"timestamp":1548354778,"path_taken":["M","?","?","?","M","R","M","?","T","M","?","$","?","M","R","BOSS","M"],"build_version":"2019-01-23","purchased_purges":1,"victory":false,"max_hp_per_floor":[70,75,75,75,75,75,75,75,75,75,75,75,75,75,75,75,75,75],"card_choices":[{"not_picked":["Caltrops","Setup"],"picked":"PiercingWail","floor":1.0},{"not_picked":["Accuracy","Catalyst"],"picked":"Distraction","floor":5.0},{"not_picked":["Flying Knee","Masterful Stab","Bane"],"picked":"SKIP","floor":7.0},{"not_picked":["Poisoned Stab","Dagger Throw"],"picked":"Bullet Time","floor":10.0},{"not_picked":["Backstab","Concentrate"],"picked":"PiercingWail","floor":14.0},{"not_picked":["Phantasmal Killer","Storm of Steel"],"picked":"Venomology","floor":16.0}],"player_experience":294649,"relics_obtained":[],"event_choices":[{"damage_healed":0.0,"max_hp_gain":5.0,"max_hp_loss":0.0,"gold_gain":0.0,"event_name":"Big Fish","player_choice":"Donut","floor":2.0,"gold_loss":0.0,"damage_taken":0.0},{"cards_removed":["Defend_G"],"damage_healed":0.0,"max_hp_gain":0.0,"max_hp_loss":0.0,"gold_gain":0.0,"event_name":"The Cleric","player_choice":"Card Removal","floor":3.0,"gold_loss":50.0,"damage_taken":0.0},{"damage_healed":0.0,"max_hp_gain":0.0,"max_hp_loss":0.0,"gold_gain":0.0,"event_name":"Living Wall","player_choice":"Grow","floor":8.0,"gold_loss":0.0,"damage_taken":0.0,"cards_upgraded":["Neutralize"]},{"damage_healed":0.0,"max_hp_gain":0.0,"max_hp_loss":0.0,"gold_gain":0.0,"event_name":"Liars Game","player_choice":"Ignored","floor":13.0,"gold_loss":0.0,"damage_taken":0.0}],"is_beta":false,"boss_relics":[{"not_picked":["Busted Crown","Empty Cage","Runic Dome"]}],"items_purged_floors":[12],"is_endless":false,"potions_floor_spawned":[1,7,10],"killed_by":"2 Thieves","ascension_level":0}