{"gold_per_floor":[109,109,33,33,56,95,95,136,161,161,180,180,198,233,233,353,353,374,413,413,86,86,147,147,147,173,173,173,32,32,32,32,153,153,172,1171,1190,414,414,448,448,513,594,594,630,630,644,47,47,47],"floor_reached":51,"playtime":2354,"items_purged":["Normality"],"score":899,"play_id":"0d5ccab7-9857-4a6b-b5f6-5c2447ad1108","local_time":"20181008172732","is_ascension_mode":true,"campfire_choices":[{"data":"Consume","floor":7,"key":"SMITH"},{"data":"White Noise","floor":12,"key":"SMITH"},{"floor":15,"key":"REST"},{"floor":28,"key":"REST"},{"floor":32,"key":"REST"},{"data":"White Noise","floor":41,"key":"SMITH"},{"data":"Amplify","floor":44,"key":"SMITH"},{"data":"Fission","floor":49,"key":"SMITH"}],"neow_cost":"","seed_source_timestamp":10854378816715,"circlet_count":0,"master_deck":["Strike_B","Strike_B","Strike_B","Defend_B","Defend_B","Defend_B","Defend_B","Zap","Dualcast","White Noise+1","White Noise+1","Heatsinks","Consume+1","Defragment","Multi-Cast","Amplify+1","Chaos","Auto Shields+1","Echo Form","Loop","Force Field","Creative AI","Steam+1","Self Repair","BootSequence","Static Discharge+1","Fission+1","Electrodynamics"],"relics":["Cracked Core","Golden Idol","Anchor","Regal Pillow","Juzu Bracelet","Bag of Marbles","CultistMask","Blue Candle","Runic Dome","Red Mask","MutagenicStrength","DataDisk","Tiny Chest","StoneCalendar","Strawberry","Lantern","Nilry\u0027s Codex","Busted Crown","Bird Faced Urn","Dead Branch","Darkstone Periapt","FossilizedHelix","Molten Egg 2","Vajra","Gambling Chip"],"potions_floor_usage":[6,14,16,19,22,23,23,37,42,50],"damage_taken":[{"damage":3,"enemies":"Small Slimes","floor":1,"turns":3},{"damage":0,"enemies":"Jaw Worm","floor":5,"turns":4},{"damage":12,"enemies":"3 Sentries","floor":6,"turns":4},{"damage":22,"enemies":"Gremlin Nob","floor":8,"turns":4},{"damage":0,"enemies":"2 Louse","floor":11,"turns":2},{"damage":2,"enemies":"Exordium Wildlife","floor":13,"turns":3},{"damage":29,"enemies":"3 Sentries","floor":14,"turns":7},{"damage":28,"enemies":"The Guardian","floor":16,"turns":12},{"damage":19,"enemies":"3 Byrds","floor":18,"turns":3},{"damage":0,"enemies":"Masked Bandits","floor":19,"turns":2},{"damage":31,"enemies":"Slavers","floor":23,"turns":4},{"damage":12,"enemies":"Champ","floor":33,"turns":9},{"damage":25,"enemies":"3 Darklings","floor":35,"turns":5},{"damage":27,"enemies":"3 Shapes","floor":37,"turns":4},{"damage":17,"enemies":"Giant Head","floor":40,"turns":11},{"damage":3,"enemies":"Mysterious Sphere","floor":42,"turns":3},{"damage":59,"enemies":"2 Orb Walkers","floor":45,"turns":5},{"damage":34,"enemies":"Jaw Worm Horde","floor":47,"turns":5},{"damage":44,"enemies":"Donu and Deca","floor":50,"turns":6}],"seed_played":"1276055937368425494","potions_obtained":[{"floor":1,"key":"PowerPotion"},{"floor":8,"key":"PowerPotion"},{"floor":13,"key":"EssenceOfSteel"},{"floor":14,"key":"GamblersBrew"},{"floor":16,"key":"PowerPotion"},{"floor":18,"key":"SteroidPotion"},{"floor":19,"key":"Fire Potion"},{"floor":23,"key":"Fire Potion"},{"floor":37,"key":"SkillPotion"},{"floor":47,"key":"PowerPotion"}],"is_trial":false,"path_per_floor":["M","?","$","?","M","E","R","E","T","?","M","R","M","E","R","B",null,"M","?","?","$","?","E","?","?","T","?","R","$","T","?","R","B",null,"M","?","M","$","?","E","R","?","T","R","E","?","M","$","R","B"],"character_chosen":"DEFECT","items_purchased":["White Noise","DataDisk","Fruit Juice","Regen Potion","Loop","Force Field","Bird Faced Urn","Self Repair","BootSequence","Dead Branch","Fission","Electrodynamics","Gambling Chip"],"campfire_rested":3,"item_purchase_floors":[3,21,21,21,29,29,38,38,38,38,48,48,48],"current_hp_per_floor":[72,69,69,66,66,54,54,32,32,32,32,32,30,1,36,8,69,50,50,50,50,43,24,24,24,31,31,71,71,71,55,86,74,86,61,61,34,34,34,86,86,86,86,86,50,50,41,41,41,31],"gold":47,"neow_bonus":"","is_prod":false,"is_daily":false,"chose_seed":false,"campfire_upgraded":5,"win_rate":0,"timestamp":1539034052,"path_taken":["M","?","$","?","M","E","R","E","T","?","M","R","M","E","R","BOSS","M","?","?","$","?","E","?","?","T","?","R","$","?","?","R","BOSS","M","?","M","?","?","E","R","?","T","R","E","?","M","$","R","BOSS"],"build_version":"2018-10-04","purchased_purges":1,"victory":true,"max_hp_per_floor":[75,69,69,69,69,69,69,69,69,69,69,69,69,69,69,69,69,69,69,69,69,79,79,79,79,86,86,86,86,86,86,86,86,86,86,86,86,86,86,86,86,86,86,86,86,86,86,86,86,86],"card_choices":[{"not_picked":["Beam Cell","Chaos"],"picked":"White Noise","floor":1},{"not_picked":["Coolheaded","Compile Driver"],"picked":"Heatsinks","floor":5},{"not_picked":["Melter","Biased Cognition"],"picked":"Consume","floor":6},{"not_picked":["Recycle","Skim"],"picked":"Defragment","floor":8},{"not_picked":["Go for the Eyes","Steam","Compile Driver"],"picked":"SKIP","floor":11},{"not_picked":["Skim","Go for the Eyes","Darkness"],"picked":"SKIP","floor":13},{"not_picked":["Rip and Tear","Barrage"],"picked":"Multi-Cast","floor":14},{"not_picked":["Biased Cognition","Meteor Strike"],"picked":"Amplify","floor":16},{"not_picked":["Reinforced Body","Sunder"],"picked":"Chaos","floor":18},{"not_picked":["Melter+1","Redo+1"],"picked":"Auto Shields+1","floor":19},{"not_picked":["Hologram","Hello World"],"picked":"Echo Form","floor":23},{"not_picked":["All For One","Fission"],"picked":"Creative AI","floor":33},{"not_picked":["Doom and Gloom+1"],"picked":"SKIP","floor":35},{"not_picked":[],"picked":"Steam+1","floor":37},{"not_picked":["Fusion+1"],"picked":"SKIP","floor":40},{"not_picked":["Fusion+1"],"picked":"SKIP","floor":40},{"not_picked":[],"picked":"Static Discharge+1","floor":45},{"not_picked":["Cold Snap+1"],"picked":"SKIP","floor":47}],"player_experience":318221,"relics_obtained":[{"floor":6,"key":"Regal Pillow"},{"floor":8,"key":"Juzu Bracelet"},{"floor":9,"key":"Bag of Marbles"},{"floor":14,"key":"Blue Candle"},{"floor":19,"key":"Red Mask"},{"floor":23,"key":"Tiny Chest"},{"floor":26,"key":"Strawberry"},{"floor":30,"key":"Lantern"},{"floor":31,"key":"Nilry\u0027s Codex"},{"floor":40,"key":"Darkstone Periapt"},{"floor":42,"key":"FossilizedHelix"},{"floor":43,"key":"Molten Egg 2"},{"floor":45,"key":"Vajra"}],"event_choices":[{"event_name":"Golden Idol","player_choice":"Lose Max HP","floor":2,"damage_taken":0},{"event_name":"Scrap Ooze","player_choice":"success","floor":4,"damage_taken":3},{"event_name":"FaceTrader","player_choice":"Trade","floor":10,"damage_taken":0},{"event_name":"Masked Bandits","player_choice":"Fought Bandits","floor":19,"damage_taken":0},{"event_name":"Drug Dealer","player_choice":"Inject Mutagens","floor":20,"damage_taken":0},{"event_name":"Forgotten Altar","player_choice":"Shed Blood","floor":22,"damage_taken":0},{"event_name":"The Mausoleum","player_choice":"Yes","floor":24,"damage_taken":0},{"event_name":"Vampires","player_choice":"Ignored","floor":25,"damage_taken":0},{"event_name":"Ghosts","player_choice":"Ignored","floor":27,"damage_taken":0},{"event_name":"Cursed Tome","player_choice":"Obtained Book","floor":31,"damage_taken":0},{"event_name":"MindBloom","player_choice":"Gold","floor":36,"damage_taken":0},{"event_name":"Falling","player_choice":"Removed Attack","floor":39,"damage_taken":0},{"event_name":"Mysterious Sphere","player_choice":"Fight","floor":42,"damage_taken":0},{"event_name":"Fountain of Cleansing","player_choice":"Removed Curse","floor":46,"damage_taken":0}],"is_beta":true,"boss_relics":[{"not_picked":["Nuclear Battery","Runic Pyramid"],"picked":"Runic Dome"},{"not_picked":["Orrery","Cursed Key"],"picked":"Busted Crown"}],"items_purged_floors":[38],"is_endless":false,"potions_floor_spawned":[1,8,13,14,16,18,19,23,37,47],"ascension_level":2}