{"gold_per_floor":[109,125,138,138,238,273,285,311,323,335,347,375,387,364,376,388],"floor_reached":16,"playtime":1102,"items_purged":[],"score":110,"play_id":"bb256f9a-f22e-4c60-9216-f28288429b49","local_time":"20181027155529","is_ascension_mode":true,"campfire_choices":[{"data":"Dodge and Roll","floor":7,"key":"SMITH"},{"floor":10,"key":"REST"},{"floor":13,"key":"REST"},{"data":"Neutralize","floor":15,"key":"SMITH"}],"neow_cost":"NONE","seed_source_timestamp":1461922021367604,"circlet_count":0,"master_deck":["Defend_G","Defend_G","Defend_G","Defend_G","Defend_G","Strike_G","Strike_G","Strike_G","Strike_G","Strike_G","Survivor","Neutralize+1","Blur+1","Backflip","Dagger Spray","Dodge and Roll+1","Blade Dance","Cloak And Dagger"],"relics":["Ring of the Snake","MawBank","Paper Crane"],"potions_floor_usage":[1,2,6,8],"damage_taken":[{"damage":0,"enemies":"Cultist","floor":1,"turns":3},{"damage":5,"enemies":"Jaw Worm","floor":2,"turns":7},{"damage":2,"enemies":"2 Louse","floor":3,"turns":3},{"damage":25,"enemies":"Lagavulin","floor":6,"turns":11},{"damage":20,"enemies":"Large Slime","floor":8,"turns":12},{"damage":12,"enemies":"Lots of Slimes","floor":12,"turns":3},{"damage":65,"enemies":"Hexaghost","floor":16,"turns":20}],"seed_played":"-4591001896679661015","potions_obtained":[{"floor":0,"key":"Strength Potion"},{"floor":0,"key":"SneckoOil"},{"floor":0,"key":"SpeedPotion"},{"floor":2,"key":"FearPotion"},{"floor":3,"key":"Swift Potion"}],"is_trial":false,"path_per_floor":["M","M","M","?","?","E","R","M","T","R","?","M","R","?","R"],"character_chosen":"THE_SILENT","items_purchased":[],"campfire_rested":2,"item_purchase_floors":[],"current_hp_per_floor":[70,65,63,63,63,38,38,18,18,39,39,27,48,65,65,0],"gold":388,"neow_bonus":"THREE_SMALL_POTIONS","is_prod":false,"is_daily":false,"chose_seed":false,"campfire_upgraded":2,"win_rate":0,"timestamp":1540677329,"path_taken":["M","M","M","?","?","E","R","M","T","R","?","M","R","?","R","BOSS"],"build_version":"2018-10-25v2","purchased_purges":0,"victory":false,"max_hp_per_floor":[70,70,70,70,70,70,70,70,70,70,70,70,70,70,70,70],"card_choices":[{"not_picked":["Deadly Poison","Bane"],"picked":"Blur","floor":1},{"not_picked":["Flechettes","Predator"],"picked":"Backflip","floor":2},{"not_picked":["PiercingWail","Distraction"],"picked":"Dagger Spray","floor":3},{"not_picked":["Backflip","Heel Hook"],"picked":"Dodge and Roll","floor":6},{"not_picked":["Dagger Throw","Well Laid Plans"],"picked":"Blade Dance","floor":8},{"not_picked":["Dagger Spray","Catalyst"],"picked":"Cloak And Dagger","floor":12}],"player_experience":908594,"relics_obtained":[{"floor":6,"key":"MawBank"},{"floor":9,"key":"Paper Crane"}],"event_choices":[{"damage_healed":0,"gold_gain":0,"player_choice":"Grow","damage_taken":0,"max_hp_gain":0,"max_hp_loss":0,"event_name":"Living Wall","floor":4,"gold_loss":0,"cards_upgraded":["Blur"]},{"damage_healed":0,"gold_gain":100,"player_choice":"Pray","damage_taken":0,"max_hp_gain":0,"max_hp_loss":0,"event_name":"Golden Shrine","floor":5,"gold_loss":0},{"damage_healed":0,"gold_gain":0,"player_choice":"Searched \u00271\u0027 times","damage_taken":0,"max_hp_gain":0,"max_hp_loss":0,"event_name":"Dead Adventurer","floor":11,"gold_loss":0},{"damage_healed":17,"gold_gain":0,"player_choice":"Healed","damage_taken":0,"max_hp_gain":0,"max_hp_loss":0,"event_name":"The Cleric","floor":14,"gold_loss":35}],"is_beta":false,"boss_relics":[],"items_purged_floors":[],"is_endless":false,"potions_floor_spawned":[2,3],"killed_by":"Hexaghost","ascension_level":2}