{"gold_per_floor":[112,130,141,161,181,181,206,219,219,169,169,169,180,242,242,344,344,355,372,384,395,408,408,408,425,425,335,335,23,42,53,53,158,158,171,191,206,252,352,352],"floor_reached":40,"playtime":2987,"items_purged":[],"score":421,"play_id":"d21d303f-792c-413c-850c-52471e27a826","local_time":"20190331203646","is_ascension_mode":false,"campfire_choices":[{"data":"Bash","floor":6,"key":"SMITH"},{"data":"Perfected Strike","floor":15,"key":"SMITH"},{"floor":23,"key":"RECALL"},{"floor":28,"key":"REST"},{"data":"1","floor":32,"key":"LIFT"}],"neow_cost":"NONE","seed_source_timestamp":1369931416421941,"circlet_count":0,"master_deck":["Strike_R+1","Strike_R+1","Strike_R+1","Strike_R+1","Strike_R+1","Defend_R+1","Defend_R+1","Bash+1","True Grit+1","Iron Wave+1","Shrug It Off","Shrug It Off","Pommel Strike","Perfected Strike+1","Pommel Strike","Clothesline+1","Shrug It Off","Perfected Strike+1","Iron Wave+1","Shrug It Off","Havoc+1","Perfected Strike+1","Wild Strike+1","Twin Strike+1"],"relics":["Burning Blood","Omamori","Sundial","Ancient Tea Set","Molten Egg 2","Fusion Hammer","Shuriken","Girya","Black Star","Turnip","Gambling Chip"],"potions_floor_usage":[14,20,40,40],"damage_taken":[{"damage":0,"enemies":"Small Slimes","floor":1,"turns":3},{"damage":0,"enemies":"2 Louse","floor":2,"turns":4},{"damage":0,"enemies":"Cultist","floor":3,"turns":5},{"damage":2,"enemies":"Blue Slaver","floor":4,"turns":5},{"damage":17,"enemies":"Exordium Wildlife","floor":5,"turns":8},{"damage":38,"enemies":"Lagavulin","floor":7,"turns":11},{"damage":0,"enemies":"3 Louse","floor":8,"turns":3},{"damage":8,"enemies":"Large Slime","floor":13,"turns":7},{"damage":18,"enemies":"3 Sentries","floor":14,"turns":7},{"damage":11,"enemies":"Slime Boss","floor":16,"turns":6},{"damage":21,"enemies":"3 Byrds","floor":18,"turns":7},{"damage":0,"enemies":"Shell Parasite","floor":19,"turns":6},{"damage":0,"enemies":"Centurion and Healer","floor":20,"turns":5},{"damage":7,"enemies":"Sentry and Sphere","floor":21,"turns":5},{"damage":4,"enemies":"Snake Plant","floor":22,"turns":4},{"damage":0,"enemies":"Cultist and Chosen","floor":25,"turns":5},{"damage":0,"enemies":"Shelled Parasite and Fungi","floor":30,"turns":4},{"damage":0,"enemies":"Centurion and Healer","floor":31,"turns":3},{"damage":67,"enemies":"Automaton","floor":33,"turns":9},{"damage":7,"enemies":"3 Shapes","floor":35,"turns":5},{"damage":0,"enemies":"Orb Walker","floor":36,"turns":2},{"damage":10,"enemies":"Jaw Worm Horde","floor":37,"turns":4},{"damage":30,"enemies":"2 Orb Walkers","floor":38,"turns":5},{"damage":24,"enemies":"Mind Bloom Boss Battle","floor":39,"turns":4},{"damage":50,"enemies":"Nemesis","floor":40,"turns":4}],"seed_played":"695981971462403442","potions_obtained":[{"floor":4,"key":"Block Potion"},{"floor":5,"key":"Explosive Potion"},{"floor":8,"key":"Ancient Potion"},{"floor":16,"key":"AttackPotion"},{"floor":21,"key":"EssenceOfSteel"},{"floor":36,"key":"Strength Potion"}],"is_trial":false,"path_per_floor":["?","?","?","?","?","?","?","?"],"character_chosen":"IRONCLAD","items_purchased":["Girya"],"campfire_rested":1,"item_purchase_floors":[29],"current_hp_per_floor":[88,88,88,88,77,77,45,51,51,51,51,44,42,30,30,25,88,73,79,85,84,86,86,86,88,88,88,88,88,88,88,88,27,88,87,88,84,60,42,0],"gold":352,"neow_bonus":"TEN_PERCENT_HP_BONUS","is_prod":false,"is_daily":false,"chose_seed":false,"campfire_upgraded":2,"win_rate":0,"timestamp":1554079006,"path_taken":["M","M","M","M","M","R","E","M","T","?","?","?","M","?","R","BOSS","M","M","M","M","M","R","?","M","T","?","R","$","M","M","R","BOSS","M","M","M","?","?","E"],"build_version":"2019-01-23","purchased_purges":0,"victory":false,"max_hp_per_floor":[88,88,88,88,88,88,88,88,88,88,88,88,88,88,88,88,88,88,88,88,88,88,88,88,88,88,88,88,88,88,88,88,88,88,88,88,88,88,88,88],"card_choices":[{"not_picked":["Cleave","Armaments"],"picked":"True Grit","floor":1},{"not_picked":["Armaments","Dropkick"],"picked":"Iron Wave","floor":2},{"not_picked":["Rage","Impervious"],"picked":"Shrug It Off","floor":3},{"not_picked":["True Grit","Disarm"],"picked":"Shrug It Off","floor":4},{"not_picked":["Armaments","Combust"],"picked":"Pommel Strike","floor":5},{"not_picked":["Havoc","Sentinel"],"picked":"Perfected Strike","floor":7},{"not_picked":["Seeing Red","Havoc","Sentinel"],"picked":"SKIP","floor":8},{"not_picked":["Sentinel","Dropkick"],"picked":"Pommel Strike","floor":13},{"not_picked":["Thunderclap+1","Flex"],"picked":"Clothesline+1","floor":14},{"not_picked":["Whirlwind+1","Clash+1"],"picked":"Shrug It Off","floor":18},{"not_picked":["Anger+1","Iron Wave+1"],"picked":"Perfected Strike+1","floor":19},{"not_picked":["Rampage+1","Flex"],"picked":"Iron Wave+1","floor":20},{"not_picked":["Rupture+1","Feel No Pain+1","Havoc"],"picked":"SKIP","floor":21},{"not_picked":["Inflame+1","Reckless Charge+1"],"picked":"Shrug It Off","floor":22},{"not_picked":["Body Slam+1","Heavy Blade+1"],"picked":"Havoc+1","floor":25},{"not_picked":["Dark Embrace","Rage","Havoc"],"picked":"SKIP","floor":30},{"not_picked":["Intimidate","Sentinel","True Grit"],"picked":"SKIP","floor":31},{"not_picked":["Rupture+1","Hemokinesis+1","Havoc"],"picked":"SKIP","floor":35},{"not_picked":["Iron Wave+1","Pommel Strike+1"],"picked":"Perfected Strike+1","floor":36},{"not_picked":["Cleave+1","Heavy Blade+1"],"picked":"Wild Strike+1","floor":37},{"not_picked":["Shrug It Off","Metallicize+1"],"picked":"Twin Strike+1","floor":39}],"player_experience":1349903,"relics_obtained":[{"floor":7,"key":"Omamori"},{"floor":9,"key":"Sundial"},{"floor":26,"key":"Shuriken"},{"floor":38,"key":"Turnip"},{"floor":39,"key":"Gambling Chip"}],"event_choices":[{"cards_removed":["Defend_R"],"damage_healed":0,"gold_gain":0,"player_choice":"Card Removal","damage_taken":0,"max_hp_gain":0,"max_hp_loss":0,"event_name":"The Cleric","floor":10,"gold_loss":50},{"damage_healed":0,"gold_gain":0,"player_choice":"Grow","damage_taken":0,"max_hp_gain":0,"max_hp_loss":0,"event_name":"Living Wall","floor":11,"gold_loss":0,"cards_upgraded":["True Grit"]},{"damage_healed":0,"gold_gain":0,"player_choice":"Success","damage_taken":7,"relics_obtained":["Ancient Tea Set"],"max_hp_gain":0,"max_hp_loss":0,"event_name":"Scrap Ooze","floor":12,"gold_loss":0},{"damage_healed":0,"gold_gain":30,"player_choice":"Searched \u00273\u0027 times","damage_taken":0,"relics_obtained":["Molten Egg 2"],"max_hp_gain":0,"max_hp_loss":0,"event_name":"Dead Adventurer","floor":14,"gold_loss":0},{"damage_healed":0,"gold_gain":0,"player_choice":"Simplicity","damage_taken":0,"max_hp_gain":0,"max_hp_loss":0,"event_name":"Back to Basics","floor":24,"gold_loss":0,"cards_upgraded":["Strike_R","Strike_R","Strike_R","Strike_R","Strike_R","Defend_R","Defend_R","Defend_R"]},{"cards_removed":["Defend_R"],"damage_healed":0,"gold_gain":0,"player_choice":"Upgrade and Remove","damage_taken":0,"max_hp_gain":0,"max_hp_loss":0,"event_name":"Designer","floor":27,"gold_loss":90,"cards_upgraded":["Iron Wave"]},{"damage_healed":0,"gold_gain":0,"player_choice":"Fight","damage_taken":0,"max_hp_gain":0,"max_hp_loss":0,"event_name":"Mysterious Sphere","floor":38,"gold_loss":0},{"damage_healed":0,"gold_gain":0,"player_choice":"Fight","damage_taken":0,"max_hp_gain":0,"max_hp_loss":0,"event_name":"MindBloom","floor":39,"gold_loss":0}],"is_beta":false,"boss_relics":[{"not_picked":["Cursed Key","Snecko Eye"],"picked":"Fusion Hammer"},{"not_picked":["Coffee Dripper","Pandora\u0027s Box"],"picked":"Black Star"}],"items_purged_floors":[],"is_endless":false,"potions_floor_spawned":[4,5,8,16,18,21,22,31,35,36,39],"killed_by":"Nemesis","ascension_level":0}