{"gold_per_floor":[110,110,110,127,81,81,106,120,120,120,120,120,132,149,149,254,254,272,272,287,300,320,320,595,595,595,595,607,48,48,48,48,151,151,161,173,173,183,198,198],"floor_reached":40,"playtime":2525,"items_purged":["Regret"],"score":475,"play_id":"a20e4acc-95b4-4b51-aec5-361d6748030b","local_time":"20180906120301","is_ascension_mode":true,"campfire_choices":[{"data":"Distraction","floor":6,"key":"SMITH"},{"floor":10,"key":"REST"},{"floor":15,"key":"REST"},{"floor":23,"key":"REST"},{"data":"After Image","floor":27,"key":"SMITH"},{"data":"Mind Blast","floor":30,"key":"SMITH"},{"floor":32,"key":"REST"}],"neow_cost":"NONE","seed_source_timestamp":58604878132805,"circlet_count":0,"master_deck":["Defend_G","Defend_G","Defend_G","Defend_G","Strike_G","Strike_G+1","Strike_G","Strike_G","Survivor","Neutralize","Distraction+1","Blade Dance","Dagger Spray","Accuracy","Distraction","Unload+1","Quick Slash","Leg Sweep+1","Adrenaline+1","Slice","After Image+1","Blade Dance+1","Flying Knee","RitualDagger","Doubt","Cloak And Dagger","Footwork","Backflip","Mind Blast+1","Dodge and Roll+1","Backflip","Purity","Cloak And Dagger","Backflip+1"],"relics":["Ring of the Snake","Incense Burner","Pear","Cursed Key","Meat on the Bone","War Paint","Whetstone","MutagenicStrength","Eternal Feather"],"potions_floor_usage":[16,16,22,22,33,33,39],"damage_taken":[{"damage":10,"enemies":"Cultist","floor":1,"turns":6},{"damage":0,"enemies":"Jaw Worm","floor":4,"turns":4},{"damage":27,"enemies":"3 Sentries","floor":7,"turns":8},{"damage":8,"enemies":"Small Slimes","floor":8,"turns":3},{"damage":11,"enemies":"2 Fungi Beasts","floor":13,"turns":4},{"damage":16,"enemies":"Lots of Slimes","floor":14,"turns":4},{"damage":35,"enemies":"The Guardian","floor":16,"turns":17},{"damage":0,"enemies":"Spheric Guardian","floor":18,"turns":3},{"damage":4,"enemies":"3 Byrds","floor":20,"turns":6},{"damage":15,"enemies":"Centurion and Healer","floor":21,"turns":5},{"damage":6,"enemies":"Cultist and Chosen","floor":22,"turns":7},{"damage":13,"enemies":"Shelled Parasite and Fungi","floor":28,"turns":6},{"damage":49,"enemies":"Collector","floor":33,"turns":15},{"damage":0,"enemies":"3 Darklings","floor":35,"turns":5},{"damage":18,"enemies":"3 Shapes","floor":36,"turns":7},{"damage":15,"enemies":"Reptomancer","floor":38,"turns":9},{"damage":21,"enemies":"Maw","floor":39,"turns":12},{"damage":47,"enemies":"Giant Head","floor":40,"turns":7}],"seed_played":"-2687846965990384433","potions_obtained":[{"floor":13,"key":"Strength Potion"},{"floor":14,"key":"SteroidPotion"},{"floor":16,"key":"AttackPotion"},{"floor":18,"key":"GhostInAJar"},{"floor":21,"key":"GamblersBrew"},{"floor":22,"key":"Dexterity Potion"},{"floor":33,"key":"GamblersBrew"},{"floor":36,"key":"Swift Potion"},{"floor":38,"key":"SteroidPotion"},{"floor":39,"key":"Energy Potion"}],"is_trial":false,"path_per_floor":["M","?","?","M","$","R","E","M","T","R","?","?","M","M","R","B",null,"M","?","M","M","M","R","?","?","T","R","M","$","R","?","R","B",null,"M","M","?","M","M"],"character_chosen":"THE_SILENT","items_purchased":["Dagger Spray","Footwork","Backflip","War Paint","Whetstone","Mind Blast"],"campfire_rested":4,"item_purchase_floors":[5,29,29,29,29,29],"current_hp_per_floor":[60,60,53,53,53,53,26,18,28,52,52,52,41,25,49,14,80,80,71,67,52,46,70,70,64,64,64,51,51,51,51,75,38,80,80,62,62,47,38,0],"gold":198,"neow_bonus":"ONE_RANDOM_RARE_CARD","is_prod":false,"is_daily":false,"chose_seed":false,"campfire_upgraded":3,"win_rate":0,"timestamp":1536256981,"path_taken":["M","?","?","?","?","R","E","M","T","R","?","?","?","M","R","BOSS","M","?","M","M","M","R","?","?","T","R","M","$","R","?","R","BOSS","M","?","?","M","?","E"],"build_version":"2018-08-30","purchased_purges":1,"victory":false,"max_hp_per_floor":[70,70,70,70,70,70,70,70,80,80,80,80,80,80,80,80,80,80,80,80,80,80,80,80,80,80,80,80,80,80,80,80,80,80,80,80,80,80,80,80],"card_choices":[{"not_picked":["Slice","Sucker Punch"],"picked":"Distraction","floor":1},{"not_picked":["Concentrate","Acrobatics"],"picked":"Blade Dance","floor":4},{"not_picked":["Masterful Stab","Dash"],"picked":"Accuracy","floor":7},{"not_picked":["Well Laid Plans","PiercingWail"],"picked":"Distraction","floor":8},{"not_picked":["Bouncing Flask","Escape Plan"],"picked":"Quick Slash","floor":13},{"not_picked":["Flying Knee","PiercingWail"],"picked":"Leg Sweep","floor":14},{"not_picked":["Corpse Explosion","Unload"],"picked":"Adrenaline","floor":16},{"not_picked":["Poisoned Stab","Outmaneuver"],"picked":"Slice","floor":18},{"not_picked":["Noxious Fumes","Sucker Punch+1"],"picked":"After Image","floor":20},{"not_picked":["Dodge and Roll","Acrobatics"],"picked":"Blade Dance+1","floor":21},{"not_picked":["Bouncing Flask","Quick Slash"],"picked":"Flying Knee","floor":22},{"not_picked":["Dagger Spray","PiercingWail"],"picked":"Cloak And Dagger","floor":28},{"not_picked":["Slice+1","Riddle With Holes+1"],"picked":"Dodge and Roll+1","floor":35},{"not_picked":["Dagger Throw+1","Slice+1"],"picked":"Backflip","floor":36},{"not_picked":["Thinking Ahead","Chrysalis"],"picked":"Purity","floor":37},{"not_picked":["Reflex+1","Bane"],"picked":"Cloak And Dagger","floor":38},{"not_picked":["Outmaneuver+1","Acrobatics"],"picked":"Backflip+1","floor":39}],"player_experience":472724,"relics_obtained":[{"floor":7,"key":"Incense Burner"},{"floor":9,"key":"Pear"},{"floor":26,"key":"Meat on the Bone"}],"event_choices":[{"event_name":"The Cleric","player_choice":"Leave","floor":2,"damage_taken":0},{"event_name":"Golden Wing","player_choice":"Card Removal","floor":3,"damage_taken":0},{"event_name":"Purifier","player_choice":"One Purge","floor":11,"damage_taken":0},{"event_name":"Transmorgrifier","player_choice":"Transform","floor":12,"damage_taken":0},{"event_name":"Cursed Tome","player_choice":"Stopped","floor":19,"damage_taken":0},{"event_name":"Golden Shrine","player_choice":"Desecrate","floor":24,"damage_taken":0},{"event_name":"Nest","player_choice":"Joined the Cult","floor":25,"damage_taken":0},{"event_name":"Drug Dealer","player_choice":"Inject Mutagens","floor":31,"damage_taken":0},{"event_name":"SensoryStone","player_choice":"Memory 1","floor":37,"damage_taken":0}],"is_beta":false,"boss_relics":[{"not_picked":["Lizard Tail","Coffee Dripper"],"picked":"Cursed Key"},{"not_picked":["Tiny House","Astrolabe"],"picked":"Eternal Feather"}],"items_purged_floors":[29],"is_endless":false,"potions_floor_spawned":[13,14,16,18,21,22,33,36,38,39],"killed_by":"Giant Head","ascension_level":3}