{"gold_per_floor":[113,113,27,40,63,63,81,116,116,150,168,168,184,203,203,328,328,344,367,367,367,382,382],"floor_reached":23,"playtime":1206,"items_purged":[],"score":297,"play_id":"e07443d3-e016-406d-ad3a-1a8b7a5aa71c","local_time":"20190325235930","is_ascension_mode":true,"campfire_choices":[{"data":"Clothesline","floor":6,"key":"SMITH"},{"floor":12,"key":"REST"},{"data":"True Grit","floor":15,"key":"SMITH"}],"neow_cost":"NONE","seed_source_timestamp":865477688362255,"circlet_count":0,"master_deck":["Strike_R","Strike_R","Strike_R","Strike_R","Strike_R","Defend_R","Defend_R","Defend_R","Defend_R","Bash","Disarm","Clothesline+1","True Grit+1","Corruption+1","Metallicize+1","Headbutt","Warcry","Juggernaut+1","Flame Barrier","Body Slam+1","RitualDagger","Inflame+1"],"relics":["Burning Blood","Anchor","Golden Idol","Frozen Egg 2","Mercury Hourglass","Kunai","Oddly Smooth Stone","Black Star"],"potions_floor_usage":[10],"damage_taken":[{"damage":0,"enemies":"2 Louse","floor":1,"turns":2},{"damage":0,"enemies":"Jaw Worm","floor":4,"turns":3},{"damage":3,"enemies":"Cultist","floor":5,"turns":4},{"damage":18,"enemies":"Exordium Thugs","floor":7,"turns":7},{"damage":30,"enemies":"Gremlin Nob","floor":8,"turns":5},{"damage":25,"enemies":"3 Sentries","floor":10,"turns":8},{"damage":0,"enemies":"Looter","floor":11,"turns":3},{"damage":3,"enemies":"Gremlin Gang","floor":13,"turns":4},{"damage":8,"enemies":"Large Slime","floor":14,"turns":9},{"damage":16,"enemies":"The Guardian","floor":16,"turns":16},{"damage":32,"enemies":"Spheric Guardian","floor":18,"turns":6},{"damage":8,"enemies":"3 Byrds","floor":19,"turns":4},{"damage":23,"enemies":"Snake Plant","floor":22,"turns":7},{"damage":28,"enemies":"Slavers","floor":23,"turns":3}],"seed_played":"4587320123391584646","potions_obtained":[{"floor":1,"key":"GamblersBrew"},{"floor":8,"key":"Fire Potion"},{"floor":10,"key":"FearPotion"},{"floor":14,"key":"LiquidBronze"}],"is_trial":false,"path_per_floor":["?","?","M","?","?"],"character_chosen":"IRONCLAD","items_purchased":[],"campfire_rested":1,"item_purchase_floors":[],"current_hp_per_floor":[78,58,58,64,67,67,55,31,31,12,18,42,45,43,43,33,68,42,40,34,34,17,0],"gold":382,"neow_bonus":"RANDOM_COMMON_RELIC","is_prod":false,"is_daily":false,"chose_seed":false,"campfire_upgraded":2,"win_rate":0,"timestamp":1553572770,"path_taken":["M","?","?","M","?","R","M","E","T","E","M","R","M","M","R","BOSS","M","M","?","?","M","E"],"build_version":"2019-01-23","purchased_purges":0,"victory":false,"max_hp_per_floor":[80,80,80,80,80,80,80,80,80,80,80,80,80,80,80,80,80,80,80,80,80,80,80],"card_choices":[{"not_picked":["Uppercut","Twin Strike"],"picked":"Disarm","floor":1},{"not_picked":["Warcry","Pommel Strike"],"picked":"Clothesline","floor":4},{"not_picked":["Rupture+1","Sword Boomerang"],"picked":"True Grit","floor":5},{"not_picked":["Sword Boomerang","Sentinel","Fire Breathing+1"],"picked":"SKIP","floor":7},{"not_picked":["Anger","Sever Soul","Sword Boomerang"],"picked":"SKIP","floor":8},{"not_picked":["Perfected Strike","Warcry"],"picked":"Corruption+1","floor":10},{"not_picked":["Burning Pact","Cleave"],"picked":"Metallicize+1","floor":11},{"not_picked":["Double Tap","Body Slam"],"picked":"Headbutt","floor":13},{"not_picked":["Twin Strike","Entrench"],"picked":"Warcry","floor":14},{"not_picked":["Berserk+1","Brutality+1"],"picked":"Juggernaut+1","floor":16},{"not_picked":["Perfected Strike","Fire Breathing+1"],"picked":"Flame Barrier","floor":18},{"not_picked":["Wild Strike","Perfected Strike"],"picked":"Body Slam+1","floor":19},{"not_picked":["Anger","Rage+1"],"picked":"Inflame+1","floor":22}],"player_experience":1022798,"relics_obtained":[{"floor":8,"key":"Mercury Hourglass"},{"floor":9,"key":"Kunai"},{"floor":10,"key":"Oddly Smooth Stone"}],"event_choices":[{"damage_healed":0,"gold_gain":0,"player_choice":"Take Damage","damage_taken":20,"relics_obtained":["Golden Idol"],"max_hp_gain":0,"max_hp_loss":0,"event_name":"Golden Idol","floor":2,"gold_loss":0},{"damage_healed":0,"gold_gain":0,"player_choice":"Paid Gold","damage_taken":0,"relics_obtained":["Frozen Egg 2"],"max_hp_gain":0,"max_hp_loss":0,"event_name":"WeMeetAgain","floor":3,"gold_loss":86},{"damage_healed":0,"gold_gain":0,"player_choice":"Joined the Cult","damage_taken":6,"max_hp_gain":0,"max_hp_loss":0,"event_name":"Nest","floor":20,"gold_loss":0,"cards_obtained":["RitualDagger"]},{"damage_healed":0,"gold_gain":0,"player_choice":"Got Potions","damage_taken":0,"max_hp_gain":0,"max_hp_loss":0,"event_name":"Lab","floor":21,"gold_loss":0}],"is_beta":false,"boss_relics":[{"not_picked":["Tiny House","Cursed Key"],"picked":"Black Star"}],"items_purged_floors":[],"is_endless":false,"potions_floor_spawned":[1,8,10,14,16,18,19],"killed_by":"Slavers","ascension_level":9}