{"gold_per_floor":[114,129,129,304,304,304,323,323,323,361,361,380,399,4,4,129,129,148,63,82,82,82,82,120,120,120,120,139,158,158,177,177,302,302,321,340,16,35,0,0,38,38],"floor_reached":42,"playtime":2069,"items_purged":[],"score":521,"play_id":"7a811a8a-1528-4c21-9001-975f38d4a8d2","local_time":"20180918205045","daily_mods":["Insanity","Binary","Night Terrors"],"is_ascension_mode":false,"campfire_choices":[{"data":"Prepared","floor":6,"key":"SMITH"},{"data":"Distraction","floor":8,"key":"SMITH"},{"data":"Blade Dance","floor":11,"key":"SMITH"},{"data":"Footwork","floor":15,"key":"SMITH"},{"data":"RitualDagger","floor":23,"key":"SMITH"},{"floor":25,"key":"REST"},{"data":"Tactician","floor":27,"key":"SMITH"},{"data":"Tools of the Trade","floor":32,"key":"SMITH"},{"floor":40,"key":"REST"}],"neow_cost":"","seed_source_timestamp":0,"circlet_count":0,"master_deck":["Eviscerate","Sucker Punch","Sucker Punch","Defend_G","Endless Agony","Dodge and Roll","Blur","Quick Slash","Survivor","Eviscerate","Caltrops","Bouncing Flask","Masterful Stab","Leg Sweep","Bane","Endless Agony","Reflex","Glass Knife","Expertise","Skewer","Dagger Throw","Storm of Steel","Doppelganger","Predator","Distraction+1","Riddle With Holes","Neutralize","Doppelganger","Prepared+1","Slice","Corpse Explosion","Tactician+1","Dodge and Roll","Doppelganger","Quick Slash","Concentrate","Heel Hook","Malaise","Crippling Poison","Neutralize","Masterful Stab","Strike_G","Masterful Stab","Poisoned Stab","Leg Sweep","Blade Dance+1","Dash","Skewer","Predator","Outmaneuver","Calculated Gamble","Injury","Distraction","Distraction","Blur","Acrobatics","Footwork+1","Concentrate","Corpse Explosion","Catalyst+1","Poisoned Stab","RitualDagger+1","Noxious Fumes","Shame","Dagger Throw+1","Calculated Gamble","Tools of the Trade+1","Envenom","Dagger Throw+1","Dagger Throw+1","Caltrops","Underhanded Strike","Terror+1","Tactician"],"special_seed":17793,"relics":["Ring of the Snake","Golden Idol","The Specimen","Pocketwatch","Pantograph","Cursed Key","Bronze Scales","Blue Candle","Anchor","WristBlade","MealTicket","Red Mask","Smiling Mask"],"potions_floor_usage":[10,16,18,24,24,28,33,33,38,38,42],"damage_taken":[{"damage":2,"enemies":"Small Slimes","floor":1,"turns":2},{"damage":3,"enemies":"Jaw Worm","floor":2,"turns":4},{"damage":2,"enemies":"2 Louse","floor":7,"turns":3},{"damage":6,"enemies":"3 Sentries","floor":10,"turns":4},{"damage":0,"enemies":"Looter","floor":12,"turns":1},{"damage":0,"enemies":"2 Fungi Beasts","floor":13,"turns":4},{"damage":14,"enemies":"Hexaghost","floor":16,"turns":8},{"damage":8,"enemies":"Shell Parasite","floor":18,"turns":5},{"damage":0,"enemies":"Chosen","floor":20,"turns":4},{"damage":14,"enemies":"Slavers","floor":24,"turns":4},{"damage":6,"enemies":"Snake Plant","floor":28,"turns":2},{"damage":3,"enemies":"Shelled Parasite and Fungi","floor":29,"turns":4},{"damage":1,"enemies":"Centurion and Healer","floor":31,"turns":4},{"damage":54,"enemies":"Champ","floor":33,"turns":11},{"damage":13,"enemies":"Orb Walker","floor":35,"turns":3},{"damage":2,"enemies":"3 Shapes","floor":36,"turns":3},{"damage":39,"enemies":"Sphere and 2 Shapes","floor":38,"turns":6},{"damage":38,"enemies":"2 Orb Walkers","floor":41,"turns":4},{"damage":27,"enemies":"Reptomancer","floor":42,"turns":2}],"seed_played":"-8098322800958760619","potions_obtained":[{"floor":7,"key":"Dexterity Potion"},{"floor":10,"key":"Explosive Potion"},{"floor":13,"key":"Poison Potion"},{"floor":16,"key":"Block Potion"},{"floor":20,"key":"LiquidBronze"},{"floor":24,"key":"Energy Potion"},{"floor":28,"key":"EssenceOfSteel"},{"floor":33,"key":"EssenceOfSteel"},{"floor":36,"key":"Explosive Potion"},{"floor":41,"key":"Energy Potion"}],"is_trial":false,"path_per_floor":["M","M","?","?","?","R","M","R","T","E","R","M","M","$","R","B",null,"M","?","M","?","?","R","E","R","T","R","M","M","?","M","R","B",null,"M","M","$","M","?","R","E"],"character_chosen":"THE_SILENT","items_purchased":["Footwork","Pantograph","Concentrate","MealTicket","Caltrops","Underhanded Strike"],"campfire_rested":2,"item_purchase_floors":[14,14,14,37,37,37],"current_hp_per_floor":[68,65,65,65,58,58,56,56,56,50,50,50,50,50,50,56,70,62,62,62,62,56,56,42,65,65,65,59,56,56,55,55,11,65,52,50,50,11,11,60,22,0],"gold":38,"neow_bonus":"","is_prod":false,"is_daily":true,"chose_seed":false,"campfire_upgraded":7,"win_rate":0,"timestamp":1537325445,"path_taken":["M","M","?","?","?","R","?","R","T","E","R","?","?","$","R","BOSS","M","?","?","?","?","R","E","R","T","R","M","M","?","M","R","BOSS","M","M","$","M","?","R","E","M"],"build_version":"2018-09-06","purchased_purges":0,"victory":false,"max_hp_per_floor":[70,70,70,70,70,70,70,70,70,70,70,70,70,70,70,70,70,70,70,70,70,70,70,70,65,65,65,65,65,65,65,65,65,65,65,65,65,65,65,60,60,60],"card_choices":[{"not_picked":["Poisoned Stab"],"picked":"Outmaneuver","floor":1},{"not_picked":["Underhanded Strike"],"picked":"Calculated Gamble","floor":2},{"not_picked":["Setup"],"picked":"Distraction","floor":7},{"not_picked":["Calculated Gamble"],"picked":"Distraction","floor":10},{"not_picked":["Outmaneuver"],"picked":"Blur","floor":12},{"not_picked":["Prepared"],"picked":"Acrobatics","floor":13},{"not_picked":["Die Die Die"],"picked":"Corpse Explosion","floor":16},{"not_picked":["Backflip"],"picked":"Catalyst+1","floor":18},{"not_picked":["Flechettes+1"],"picked":"Poisoned Stab","floor":20},{"not_picked":["Cloak And Dagger"],"picked":"Noxious Fumes","floor":24},{"not_picked":["Prepared"],"picked":"Dagger Throw+1","floor":28},{"not_picked":["Choke"],"picked":"Calculated Gamble","floor":29},{"not_picked":["Skewer"],"picked":"Tools of the Trade","floor":31},{"not_picked":["Storm of Steel"],"picked":"Envenom","floor":33},{"not_picked":["Bouncing Flask+1"],"picked":"Dagger Throw+1","floor":35},{"not_picked":["Deflect+1"],"picked":"Dagger Throw+1","floor":36},{"not_picked":["Outmaneuver"],"picked":"Terror+1","floor":38},{"not_picked":["Slice"],"picked":"Tactician","floor":41}],"player_experience":540900,"relics_obtained":[{"floor":9,"key":"The Specimen"},{"floor":10,"key":"Pocketwatch"},{"floor":24,"key":"Blue Candle"},{"floor":26,"key":"Anchor"},{"floor":41,"key":"Smiling Mask"}],"event_choices":[{"event_name":"Golden Idol","player_choice":"Take Wound","floor":3,"damage_taken":0},{"event_name":"Liars Game","player_choice":"agreed","floor":4,"damage_taken":0},{"event_name":"Golden Wing","player_choice":"Card Removal","floor":5,"damage_taken":0},{"event_name":"Addict","player_choice":"Obtained Relic","floor":19,"damage_taken":0},{"event_name":"Back to Basics","player_choice":"Elegance","floor":21,"damage_taken":0},{"event_name":"Nest","player_choice":"Joined the Cult","floor":22,"damage_taken":0},{"event_name":"Ghosts","player_choice":"Ignored","floor":30,"damage_taken":0},{"event_name":"Tomb of Lord Red Mask","player_choice":"Paid","floor":39,"damage_taken":0}],"is_beta":false,"boss_relics":[{"not_picked":["Ectoplasm","Fusion Hammer"],"picked":"Cursed Key"},{"not_picked":["Runic Pyramid","HoveringKite"],"picked":"WristBlade"}],"items_purged_floors":[],"is_endless":false,"potions_floor_spawned":[7,10,13,16,20,24,28,33,36,41],"killed_by":"Reptomancer","ascension_level":0}