{"gold_per_floor":[109,129,129,146,165,197,207,239,251,292,324,349,286,297,297,393,393,409,409,428,446,465,493,493,493],"floor_reached":25,"playtime":2462,"items_purged":["Bash"],"score":274,"play_id":"9a11f010-d1ed-45f3-948f-dcea192ff0ad","local_time":"20190210221832","is_ascension_mode":false,"campfire_choices":[{"data":"True Grit","floor":15,"key":"SMITH"},{"floor":24,"key":"REST"}],"neow_cost":"NONE","seed_source_timestamp":292622121116679,"circlet_count":0,"master_deck":["Defend_R","Defend_R","Defend_R","Clash","Clash","Pommel Strike","Headbutt","Headbutt","True Grit+1","Shrug It Off","Rampage","Anger","Bite","Bite","Bite","Bite","Bite","Pommel Strike"],"relics":["Burning Blood","NeowsBlessing","Blue Candle","MawBank","Mango","Incense Burner","Empty Cage","Dead Branch"],"potions_floor_usage":[12,23],"damage_taken":[{"damage":0,"enemies":"Small Slimes","floor":1,"turns":1},{"damage":0,"enemies":"Cultist","floor":2,"turns":1},{"damage":0,"enemies":"Jaw Worm","floor":4,"turns":1},{"damage":5,"enemies":"Looter","floor":5,"turns":3},{"damage":11,"enemies":"Gremlin Nob","floor":6,"turns":4},{"damage":6,"enemies":"Red Slaver","floor":7,"turns":3},{"damage":26,"enemies":"3 Sentries","floor":8,"turns":7},{"damage":18,"enemies":"Gremlin Nob","floor":10,"turns":4},{"damage":5,"enemies":"3 Louse","floor":11,"turns":4},{"damage":0,"enemies":"Exordium Thugs","floor":12,"turns":5},{"damage":6,"enemies":"Lots of Slimes","floor":14,"turns":4},{"damage":41,"enemies":"Slime Boss","floor":16,"turns":10},{"damage":0,"enemies":"Chosen","floor":18,"turns":5},{"damage":10,"enemies":"3 Byrds","floor":20,"turns":6},{"damage":21,"enemies":"Cultist and Chosen","floor":21,"turns":5},{"damage":15,"enemies":"Snake Plant","floor":22,"turns":5},{"damage":71,"enemies":"Gremlin Leader","floor":23,"turns":8},{"damage":47,"enemies":"Sentry and Sphere","floor":25,"turns":7}],"seed_played":"7303992249403688539","potions_obtained":[{"floor":1,"key":"Block Potion"},{"floor":4,"key":"SmokeBomb"},{"floor":10,"key":"Swift Potion"},{"floor":11,"key":"SkillPotion"},{"floor":14,"key":"FairyPotion"},{"floor":22,"key":"PowerPotion"}],"is_trial":false,"path_per_floor":["?","M","M","?"],"character_chosen":"IRONCLAD","items_purchased":[],"campfire_rested":1,"item_purchase_floors":[],"current_hp_per_floor":[80,80,80,80,80,75,75,55,69,57,58,64,64,64,64,29,94,94,65,65,57,58,14,33,0],"gold":493,"neow_bonus":"THREE_ENEMY_KILL","is_prod":false,"is_daily":false,"chose_seed":false,"campfire_upgraded":1,"win_rate":0,"timestamp":1549855112,"path_taken":["M","M","?","?","?","E","M","E","T","E","M","M","$","M","R","BOSS","M","?","M","M","M","E","R","M"],"build_version":"2019-01-23","purchased_purges":1,"victory":false,"max_hp_per_floor":[80,80,80,80,80,80,80,80,94,94,94,94,94,94,94,94,94,94,65,65,65,65,65,65,65],"card_choices":[{"not_picked":["Heavy Blade","Power Through"],"picked":"Clash","floor":1},{"not_picked":["Battle Trance","Warcry"],"picked":"Clash","floor":2},{"not_picked":["Bloodletting","Flame Barrier"],"picked":"Pommel Strike","floor":4},{"not_picked":["Seeing Red","Rage"],"picked":"Headbutt","floor":5},{"not_picked":["Intimidate","Power Through","Armaments"],"picked":"SKIP","floor":6},{"not_picked":["Armaments","True Grit"],"picked":"Headbutt","floor":7},{"not_picked":["Infernal Blade","Demon Form"],"picked":"True Grit","floor":8},{"not_picked":["Searing Blow","Pommel Strike"],"picked":"Shrug It Off","floor":10},{"not_picked":["Havoc","Hemokinesis"],"picked":"Rampage","floor":11},{"not_picked":["Warcry","Thunderclap","Inflame"],"picked":"SKIP","floor":12},{"not_picked":["Combust","Dropkick","Clothesline"],"picked":"SKIP","floor":14},{"not_picked":["Armaments+1","Havoc+1"],"picked":"Anger","floor":18},{"not_picked":["Reckless Charge","Havoc"],"picked":"Pommel Strike","floor":20},{"not_picked":["Uppercut","Evolve+1","Flex+1"],"picked":"SKIP","floor":21},{"not_picked":["Burning Pact+1","Entrench","Berserk"],"picked":"SKIP","floor":22},{"not_picked":["Second Wind","Thunderclap","Inflame"],"picked":"SKIP","floor":23}],"player_experience":392283,"relics_obtained":[{"floor":6,"key":"Blue Candle"},{"floor":8,"key":"MawBank"},{"floor":9,"key":"Mango"},{"floor":10,"key":"Incense Burner"},{"floor":23,"key":"Dead Branch"}],"event_choices":[{"damage_healed":0,"gold_gain":0,"player_choice":"Bought 0 Potions","damage_taken":0,"max_hp_gain":0,"max_hp_loss":0,"event_name":"The Woman in Blue","floor":3,"gold_loss":0},{"damage_healed":0,"gold_gain":0,"player_choice":"Became a vampire","damage_taken":0,"max_hp_gain":0,"max_hp_loss":29,"event_name":"Vampires","floor":19,"gold_loss":0,"cards_obtained":["Bite","Bite","Bite","Bite","Bite"]}],"is_beta":false,"boss_relics":[{"not_picked":["Mark of Pain","Runic Pyramid"],"picked":"Empty Cage"}],"items_purged_floors":[13],"is_endless":false,"potions_floor_spawned":[1,4,10,11,14,16,18,20,22],"killed_by":"Sentry and Sphere","ascension_level":0}