{"gold_per_floor":[215,226,226,151,116,179,33,33,82,82,82,110,110,121,121,121],"floor_reached":16,"playtime":502,"items_purged":["Strike_B"],"score":186,"play_id":"d74b3359-2eda-4139-b46a-2f596b10d613","local_time":"20190410113632","is_ascension_mode":true,"campfire_choices":[{"data":"Sunder","floor":8,"key":"SMITH"},{"data":"Capacitor","floor":11,"key":"SMITH"},{"floor":15,"key":"REST"}],"neow_cost":"NONE","seed_source_timestamp":2204002872658973,"circlet_count":0,"master_deck":["AscendersBane","Strike_B","Strike_B","Defend_B","Defend_B+1","Defend_B","Defend_B","Zap+1","Dualcast","Capacitor+1","Ball Lightning+1","Sunder+1","Recycle","Cold Snap"],"relics":["Cracked Core","Tiny Chest","Bronze Scales","Pen Nib","Ice Cream"],"potions_floor_usage":[],"damage_taken":[{"damage":5,"enemies":"Small Slimes","floor":1,"turns":4},{"damage":7,"enemies":"Jaw Worm","floor":2,"turns":3},{"damage":20,"enemies":"Lagavulin","floor":6,"turns":7},{"damage":18,"enemies":"Gremlin Nob","floor":12,"turns":3},{"damage":0,"enemies":"2 Louse","floor":14,"turns":1},{"damage":29,"enemies":"The Guardian","floor":16,"turns":7}],"seed_played":"-430408265168604117","potions_obtained":[{"floor":2,"key":"SpeedPotion"},{"floor":12,"key":"Ancient Potion"}],"is_trial":false,"path_per_floor":["?","?","?","?","M"],"character_chosen":"DEFECT","items_purchased":["Bronze Scales"],"campfire_rested":1,"item_purchase_floors":[7],"current_hp_per_floor":[59,52,45,45,62,42,42,42,42,42,42,24,3,3,24,0],"gold":121,"neow_bonus":"HUNDRED_GOLD","is_prod":false,"is_daily":false,"chose_seed":false,"campfire_upgraded":2,"win_rate":0,"timestamp":1554910592,"path_taken":["M","M","?","$","?","E","$","R","T","?","R","E","?","?","R","BOSS"],"build_version":"2019-01-23","purchased_purges":1,"victory":false,"max_hp_per_floor":[71,71,71,71,71,71,71,71,71,71,71,71,71,71,71,71],"card_choices":[{"not_picked":["Streamline","Reprogram"],"picked":"Capacitor","floor":1},{"not_picked":["Redo","Lockon"],"picked":"Ball Lightning","floor":2},{"not_picked":["Rip and Tear","Leap"],"picked":"Sunder","floor":6},{"not_picked":["Fusion","Beam Cell"],"picked":"Recycle","floor":12},{"not_picked":["Turbo","Double Energy"],"picked":"Cold Snap","floor":14}],"player_experience":1722662,"relics_obtained":[{"floor":6,"key":"Tiny Chest"},{"floor":9,"key":"Pen Nib"},{"floor":12,"key":"Ice Cream"}],"event_choices":[{"cards_removed":["Strike_B"],"damage_healed":0,"gold_gain":0,"player_choice":"Card Removal","damage_taken":7,"max_hp_gain":0,"max_hp_loss":0,"event_name":"Golden Wing","floor":3,"gold_loss":0},{"damage_healed":17,"gold_gain":0,"player_choice":"Healed","damage_taken":0,"max_hp_gain":0,"max_hp_loss":0,"event_name":"The Cleric","floor":5,"gold_loss":35},{"damage_healed":0,"gold_gain":0,"player_choice":"Grow","damage_taken":0,"max_hp_gain":0,"max_hp_loss":0,"event_name":"Living Wall","floor":10,"gold_loss":0,"cards_upgraded":["Zap"]},{"damage_healed":0,"gold_gain":0,"player_choice":"Entered Light","damage_taken":21,"max_hp_gain":0,"max_hp_loss":0,"event_name":"Shining Light","floor":13,"gold_loss":0,"cards_upgraded":["Defend_B","Ball Lightning"]}],"is_beta":false,"boss_relics":[],"items_purged_floors":[4],"is_endless":false,"potions_floor_spawned":[2,12],"killed_by":"The Guardian","ascension_level":15}