{"gold_per_floor":[114,125,125,4,20,355,374,374,374,387,59,59,77,88,88,159,159,175,175,195,195,212,212,312,312,392,392,410,191,209,220,220,296,296,315,315,330,330,345,345,356,376,376,394,494,525,536,549,549,549],"floor_reached":51,"playtime":2790,"items_purged":["Pain"],"score":1209,"play_id":"05498484-23ae-499c-ad80-502a6050caea","local_time":"20190323141020","is_ascension_mode":true,"campfire_choices":[{"data":"Armaments","floor":12.0,"key":"SMITH"},{"data":"Body Slam","floor":15.0,"key":"SMITH"},{"floor":23.0,"key":"REST"},{"floor":25.0,"key":"REST"},{"floor":32.0,"key":"REST"},{"floor":40.0,"key":"REST"},{"floor":49,"key":"REST"}],"neow_cost":"NONE","seed_source_timestamp":278600315769128,"circlet_count":0,"master_deck":["AscendersBane","Strike_R","Strike_R","Strike_R","Strike_R","Defend_R","Defend_R","Defend_R","Defend_R","Bash","Uppercut","Clothesline","Armaments+1","Flame Barrier","Disarm","Havoc+1","Impervious+1","Pommel Strike","Dark Embrace","Impervious+1","Body Slam+1","Immolate","True Grit+1","Shrug It Off+1","J.A.X.+1","Feel No Pain","Havoc+1","Bash","Fiend Fire","Immolate","Jack Of All Trades+1","Power Through+1","Double Tap+1","Shrug It Off+1","Disarm+1","Seeing Red+1","Reckless Charge","Uppercut","Flame Barrier+1","Reckless Charge+1","Havoc+1","Pommel Strike+1","Shrug It Off+1"],"special_seed":0,"relics":["Burning Blood","NeowsBlessing","WarpedTongs","Old Coin","Question Card","Toxic Egg 2","Fusion Hammer","Ginger","Shuriken","Matryoshka","Philosopher\u0027s Stone","Boot","Mummified Hand","Incense Burner","Darkstone Periapt"],"potions_floor_usage":[47,47],"damage_taken":[{"damage":0.0,"enemies":"Small Slimes","floor":1.0,"turns":1.0},{"damage":0.0,"enemies":"Cultist","floor":2.0,"turns":1.0},{"damage":0.0,"enemies":"Jaw Worm","floor":5.0,"turns":1.0},{"damage":18.0,"enemies":"Gremlin Nob","floor":6.0,"turns":4.0},{"damage":6.0,"enemies":"Exordium Thugs","floor":7.0,"turns":4.0},{"damage":23.0,"enemies":"Large Slime","floor":10.0,"turns":7.0},{"damage":7.0,"enemies":"2 Fungi Beasts","floor":13.0,"turns":4.0},{"damage":18.0,"enemies":"Lots of Slimes","floor":14.0,"turns":6.0},{"damage":41.0,"enemies":"Slime Boss","floor":16.0,"turns":14.0},{"damage":26.0,"enemies":"3 Byrds","floor":18.0,"turns":5.0},{"damage":0.0,"enemies":"Spheric Guardian","floor":20.0,"turns":2.0},{"damage":5.0,"enemies":"Snake Plant","floor":22.0,"turns":4.0},{"damage":34.0,"enemies":"Colosseum Slavers","floor":24.0,"turns":5.0},{"damage":25.0,"enemies":"Colosseum Nobs","floor":24.0,"turns":6.0},{"damage":13.0,"enemies":"Snecko","floor":28.0,"turns":6.0},{"damage":0.0,"enemies":"Centurion and Healer","floor":30.0,"turns":7.0},{"damage":3.0,"enemies":"Shelled Parasite and Fungi","floor":31.0,"turns":5.0},{"damage":29.0,"enemies":"Automaton","floor":33.0,"turns":9.0},{"damage":10.0,"enemies":"3 Darklings","floor":35.0,"turns":4.0},{"damage":0.0,"enemies":"Orb Walker","floor":37.0,"turns":1.0},{"damage":3.0,"enemies":"Maw","floor":39.0,"turns":6.0},{"damage":13.0,"enemies":"Sphere and 2 Shapes","floor":41.0,"turns":7.0},{"damage":14.0,"enemies":"Transient","floor":42.0,"turns":5.0},{"damage":3,"enemies":"Maw","floor":44,"turns":6},{"damage":0,"enemies":"Mind Bloom Boss Battle","floor":45,"turns":2},{"damage":3,"enemies":"Giant Head","floor":46,"turns":5},{"damage":0,"enemies":"3 Darklings","floor":47,"turns":3},{"damage":8,"enemies":"Spire Growth","floor":48,"turns":5},{"damage":45,"enemies":"Time Eater","floor":50,"turns":13}],"seed_played":"-7666589087838878241","potions_obtained":[{"floor":1.0,"key":"Regen Potion"},{"floor":2.0,"key":"Dexterity Potion"},{"floor":10.0,"key":"SpeedPotion"},{"floor":13.0,"key":"Regen Potion"},{"floor":20.0,"key":"SteroidPotion"},{"floor":24.0,"key":"Weak Potion"},{"floor":30.0,"key":"Dexterity Potion"},{"floor":33.0,"key":"BloodPotion"},{"floor":35.0,"key":"LiquidBronze"},{"floor":39.0,"key":"GamblersBrew"},{"floor":44,"key":"AttackPotion"},{"floor":45,"key":"Dexterity Potion"},{"floor":46,"key":"AttackPotion"}],"is_trial":false,"path_per_floor":["M","M","?","$","M","E","M","?","T","M","$","R","M","M","R","B",null,"M","?","M","?","M","R","?","R","T","?","M","$","M","M","R","B",null,"M","?","M","?","M","R","M","M","T","M","?","E","M","M","R","B",null],"character_chosen":"IRONCLAD","items_purchased":["Armaments","Impervious+1","Pommel Strike","Dark Embrace","Immolate","Jack Of All Trades+1"],"campfire_rested":5,"item_purchase_floors":[4,11,11,11,29,29],"current_hp_per_floor":[78,80,80,80,80,68,68,68,68,51,51,51,50,53,53,18,65,45,45,51,51,52,76,29,53,53,53,46,46,52,55,79,56,74,70,70,76,76,79,80,73,65,65,68,74,77,80,78,80,41],"gold":549,"neow_bonus":"THREE_ENEMY_KILL","is_prod":false,"is_daily":false,"chose_seed":false,"campfire_upgraded":2,"win_rate":0,"timestamp":1553371820,"path_taken":["M","M","?","$","M","E","?","?","T","M","$","R","M","M","R","BOSS","M","?","M","?","M","R","?","R","T","?","?","$","M","M","R","BOSS","M","?","M","?","M","R","M","M","T","M","?","E","M","M","R","BOSS"],"build_version":"2019-01-23","purchased_purges":1,"victory":true,"max_hp_per_floor":[80,80,80,80,80,80,80,80,80,80,80,80,80,80,80,80,80,80,80,80,80,80,80,80,80,80,80,80,80,80,80,80,80,80,80,80,80,80,80,80,80,80,80,80,80,80,80,80,80,80],"card_choices":[{"not_picked":["Clash","Armaments"],"picked":"Uppercut","floor":1.0},{"not_picked":["Warcry","Wild Strike"],"picked":"Clothesline","floor":2.0},{"not_picked":["Heavy Blade","Pommel Strike"],"picked":"Flame Barrier","floor":5.0},{"not_picked":["Fire Breathing","Rampage","Sword Boomerang"],"picked":"SKIP","floor":6.0},{"not_picked":["Perfected Strike","Searing Blow"],"picked":"Disarm","floor":7.0},{"not_picked":["Flex+1","Heavy Blade","Cleave"],"picked":"Havoc+1","floor":10.0},{"not_picked":["Infernal Blade+1","Ghostly Armor+1","Body Slam"],"picked":"Impervious+1","floor":13.0},{"not_picked":["Perfected Strike","Thunderclap","Corruption"],"picked":"Body Slam","floor":14.0},{"not_picked":["Reaper","Dark Embrace","Limit Break+1"],"picked":"Immolate","floor":16.0},{"not_picked":["Clash+1","Bloodletting+1","Entrench+1"],"picked":"True Grit+1","floor":18.0},{"not_picked":["Heavy Blade","Clash","Second Wind+1"],"picked":"Shrug It Off+1","floor":20.0},{"not_picked":["Body Slam","Twin Strike","Heavy Blade+1"],"picked":"Feel No Pain","floor":22.0},{"not_picked":["Headbutt","Thunderclap","Clothesline"],"picked":"Havoc+1","floor":24.0},{"not_picked":["Body Slam","Clash","Pommel Strike"],"picked":"Fiend Fire","floor":28.0},{"not_picked":["Anger","Hemokinesis","Thunderclap+1"],"picked":"Power Through+1","floor":30.0},{"not_picked":["Perfected Strike","Searing Blow","Bloodletting+1","Headbutt"],"picked":"SKIP","floor":31.0},{"not_picked":["Dark Embrace","Reaper","Bludgeon"],"picked":"Double Tap+1","floor":33.0},{"not_picked":["Sword Boomerang","Cleave","Combust"],"picked":"Shrug It Off+1","floor":35.0},{"not_picked":["Iron Wave+1","Sentinel+1","Warcry+1"],"picked":"Disarm+1","floor":37.0},{"not_picked":["Iron Wave","Hemokinesis+1","Wild Strike"],"picked":"Seeing Red+1","floor":39.0},{"not_picked":["Twin Strike","Flex+1","Heavy Blade"],"picked":"Reckless Charge","floor":41.0},{"not_picked":["Bludgeon","Cleave","Thunderclap"],"picked":"Uppercut","floor":42.0},{"not_picked":["Iron Wave","Power Through+1","Searing Blow"],"picked":"Flame Barrier+1","floor":44},{"not_picked":["Twin Strike","Combust","Anger"],"picked":"Reckless Charge+1","floor":45},{"not_picked":["Wild Strike","Heavy Blade","Headbutt+1"],"picked":"Havoc+1","floor":46},{"not_picked":["Havoc+1","Entrench+1","Hemokinesis+1"],"picked":"Pommel Strike+1","floor":47},{"not_picked":["Metallicize","Havoc+1","Shockwave+1"],"picked":"Shrug It Off+1","floor":48}],"player_experience":1672660,"relics_obtained":[{"floor":6.0,"key":"Old Coin"},{"floor":9.0,"key":"Toxic Egg 2"},{"floor":24.0,"key":"Ginger"},{"floor":24.0,"key":"Shuriken"},{"floor":26.0,"key":"Matryoshka"},{"floor":43.0,"key":"Boot"},{"floor":43.0,"key":"Mummified Hand"},{"floor":45,"key":"Incense Burner"},{"floor":46,"key":"Darkstone Periapt"}],"event_choices":[{"damage_healed":0.0,"max_hp_gain":0.0,"max_hp_loss":0.0,"gold_gain":0.0,"event_name":"Accursed Blacksmith","player_choice":"Rummage","floor":3.0,"gold_loss":0.0,"damage_taken":0.0,"relics_obtained":["WarpedTongs"],"cards_obtained":["Pain"]},{"damage_healed":0.0,"max_hp_gain":0.0,"max_hp_loss":0.0,"gold_gain":0.0,"event_name":"WeMeetAgain","player_choice":"Gave Potion","floor":8.0,"gold_loss":0.0,"damage_taken":0.0,"relics_obtained":["Question Card"]},{"damage_healed":0.0,"max_hp_gain":0.0,"max_hp_loss":0.0,"gold_gain":0.0,"event_name":"Cursed Tome","player_choice":"Ignored","floor":19.0,"gold_loss":0.0,"damage_taken":0.0},{"damage_healed":0.0,"max_hp_gain":0.0,"max_hp_loss":0.0,"gold_gain":0.0,"event_name":"Drug Dealer","player_choice":"Obtain J.A.X.","floor":21.0,"gold_loss":0.0,"damage_taken":0.0,"cards_obtained":["J.A.X."]},{"damage_healed":0.0,"max_hp_gain":0.0,"max_hp_loss":0.0,"gold_gain":0.0,"event_name":"Colosseum","player_choice":"Fight","floor":24.0,"gold_loss":0.0,"damage_taken":0.0},{"damage_healed":0.0,"max_hp_gain":0.0,"max_hp_loss":0.0,"gold_gain":0.0,"event_name":"Colosseum","player_choice":"Fought Nobs","floor":24.0,"gold_loss":0.0,"damage_taken":0.0},{"damage_healed":0.0,"max_hp_gain":0.0,"max_hp_loss":0.0,"gold_gain":0.0,"event_name":"Match and Keep!","player_choice":"1 cards matched","floor":27.0,"gold_loss":0.0,"damage_taken":0.0,"cards_obtained":["Bash"]},{"damage_healed":0.0,"max_hp_gain":0.0,"max_hp_loss":0.0,"gold_gain":0.0,"event_name":"Tomb of Lord Red Mask","player_choice":"Ignored","floor":36.0,"gold_loss":0.0,"damage_taken":0.0},{"cards_removed":["Strike_R"],"damage_healed":0.0,"max_hp_gain":0.0,"max_hp_loss":0.0,"gold_gain":0.0,"event_name":"Falling","player_choice":"Removed Attack","floor":38.0,"gold_loss":0.0,"damage_taken":0.0},{"damage_healed":0,"gold_gain":0,"player_choice":"Fight","damage_taken":0,"max_hp_gain":0,"max_hp_loss":0,"event_name":"MindBloom","floor":45,"gold_loss":0}],"is_beta":false,"boss_relics":[{"not_picked":["Calling Bell","Lizard Tail"],"picked":"Fusion Hammer"},{"not_picked":["Runic Pyramid","Orrery"],"picked":"Philosopher\u0027s Stone"}],"items_purged_floors":[4],"is_endless":false,"potions_floor_spawned":[1,2,10,13,20,24,30,31,33,35,39,44,45,46],"ascension_level":13}