{"gold_per_floor":[112,33,33,33,56,89,110,148,148,166,185,185,209,230,230,350,350,371,294,294,32,76,76,90,110,110,128,128,144,167,187,187,187],"floor_reached":33,"playtime":1524,"items_purged":[],"score":276,"play_id":"015fb6b2-1a98-48ff-bd2e-2a8407ffb353","local_time":"20180816160259","is_ascension_mode":true,"campfire_choices":[{"floor":12,"key":"REST"},{"floor":15,"key":"REST"},{"data":"Mind Blast","floor":23,"key":"SMITH"},{"floor":28,"key":"REST"},{"floor":32,"key":"REST"}],"neow_cost":"NONE","seed_source_timestamp":525955932829696,"circlet_count":0,"master_deck":["Strike_R","Strike_R","Strike_R","Strike_R","Strike_R","Defend_R","Defend_R","Defend_R","Defend_R","Bash","Cleave","Armaments","Wild Strike","Thunderclap","Twin Strike","Carnage","Twin Strike","Armaments","Perfected Strike","Double Tap","Carnage+1","J.A.X.","Bludgeon","Mind Blast+1","Heavy Blade","Flex","Disarm+1","Pummel","Evolve+1","Armaments+1"],"relics":["Velvet Choker","Golden Idol","Paper Frog","Blue Candle","Mummified Hand","Runic Cube","Red Mask","Red Skull"],"potions_floor_usage":[6,13,16,16,22,24,27,31],"damage_taken":[{"damage":1,"enemies":"Cultist","floor":1,"turns":3},{"damage":3,"enemies":"2 Louse","floor":5,"turns":2},{"damage":8,"enemies":"3 Sentries","floor":6,"turns":4},{"damage":0,"enemies":"Small Slimes","floor":7,"turns":2},{"damage":11,"enemies":"Gremlin Nob","floor":8,"turns":3},{"damage":7,"enemies":"Blue Slaver","floor":10,"turns":3},{"damage":17,"enemies":"Exordium Thugs","floor":11,"turns":2},{"damage":0,"enemies":"Large Slime","floor":13,"turns":2},{"damage":10,"enemies":"Looter","floor":14,"turns":3},{"damage":28,"enemies":"The Guardian","floor":16,"turns":7},{"damage":25,"enemies":"2 Thieves","floor":18,"turns":3},{"damage":28,"floor":22,"turns":4},{"damage":8,"enemies":"Shell Parasite","floor":24,"turns":2},{"damage":17,"enemies":"Centurion and Healer","floor":25,"turns":3},{"damage":2,"enemies":"Chosen and Byrds","floor":27,"turns":3},{"damage":11,"enemies":"Snake Plant","floor":29,"turns":3},{"damage":9,"enemies":"Centurion and Healer","floor":30,"turns":4},{"damage":1,"enemies":"3 Cultists","floor":31,"turns":3},{"damage":52,"enemies":"Collector","floor":33,"turns":6}],"seed_played":"5836639012751281122","potions_obtained":[{"floor":1,"key":"Explosive Potion"},{"floor":6,"key":"Swift Potion"},{"floor":11,"key":"GamblersBrew"},{"floor":13,"key":"LiquidBronze"},{"floor":14,"key":"SkillPotion"},{"floor":18,"key":"Strength Potion"},{"floor":22,"key":"Energy Potion"},{"floor":25,"key":"PowerPotion"},{"floor":30,"key":"Regen Potion"}],"is_trial":false,"path_per_floor":["M","$","?","$","M","E","M","E","T","M","M","R","M","M","R","B",null,"M","?","?","$","?","R","M","M","T","M","R","M","M","M","R"],"character_chosen":"IRONCLAD","items_purchased":["Armaments","Wild Strike","Bludgeon","Mind Blast"],"campfire_rested":4,"item_purchase_floors":[2,2,21,21],"current_hp_per_floor":[79,79,74,74,71,63,63,52,52,45,28,50,50,40,62,34,74,49,49,74,74,46,46,38,21,21,19,41,30,21,29,51,0],"gold":187,"neow_bonus":"BOSS_RELIC","is_prod":false,"is_daily":false,"chose_seed":false,"campfire_upgraded":1,"win_rate":0,"timestamp":1534456979,"path_taken":["M","?","?","$","M","E","M","E","T","M","M","R","?","M","R","BOSS","M","?","?","$","?","R","M","M","T","M","R","M","M","?","R","BOSS"],"build_version":"2018-08-09","purchased_purges":0,"victory":false,"max_hp_per_floor":[80,80,74,74,74,74,74,74,74,74,74,74,74,74,74,74,74,74,74,74,74,74,74,74,74,74,74,74,74,74,74,74,74],"card_choices":[{"not_picked":["Burning Pact","Wild Strike"],"picked":"Cleave","floor":1},{"not_picked":["Whirlwind","Havoc"],"picked":"Thunderclap","floor":5},{"not_picked":["Second Wind","Battle Trance","Brutality"],"picked":"SKIP","floor":6},{"not_picked":["Heavy Blade","Battle Trance"],"picked":"Twin Strike","floor":7},{"not_picked":["Infernal Blade","Double Tap"],"picked":"Carnage","floor":8},{"not_picked":["Cleave","Entrench"],"picked":"Evolve","floor":10},{"not_picked":["Clash","Pummel"],"picked":"Twin Strike","floor":11},{"not_picked":["Twin Strike","Burning Pact"],"picked":"Armaments","floor":13},{"not_picked":["Armaments","Flex"],"picked":"Perfected Strike","floor":14},{"not_picked":["Feed","Exhume"],"picked":"Double Tap","floor":16},{"not_picked":["Flame Barrier","Sever Soul+1"],"picked":"Carnage+1","floor":18},{"not_picked":["Clash","Burning Pact"],"picked":"Heavy Blade","floor":22},{"not_picked":["Disarm","Headbutt"],"picked":"Flex","floor":24},{"not_picked":["Thunderclap","True Grit"],"picked":"Disarm+1","floor":25},{"not_picked":["Clash","Dropkick"],"picked":"Pummel","floor":27},{"not_picked":["Body Slam+1","True Grit"],"picked":"Evolve+1","floor":29},{"not_picked":["Rampage","Metallicize"],"picked":"Armaments+1","floor":30},{"not_picked":["Infernal Blade","Dropkick","Combust"],"picked":"SKIP","floor":31}],"player_experience":225311,"relics_obtained":[{"floor":6,"key":"Paper Frog"},{"floor":8,"key":"Blue Candle"},{"floor":9,"key":"Mummified Hand"},{"floor":22,"key":"Red Mask"},{"floor":26,"key":"Red Skull"}],"event_choices":[{"event_name":"Golden Idol","player_choice":"Lose Max HP","floor":3,"damage_taken":0},{"event_name":"Drug Dealer","player_choice":"Got JAXXED","floor":19,"damage_taken":0},{"event_name":"Bonfire Elementals","player_choice":"UNCOMMON","floor":20,"damage_taken":0},{"event_name":"Masked Bandits","player_choice":"Fought Bandits","floor":22,"damage_taken":0}],"is_beta":false,"boss_relics":[{"not_picked":["Lizard Tail","Astrolabe"],"picked":"Runic Cube"}],"items_purged_floors":[],"is_endless":false,"potions_floor_spawned":[1,6,11,13,14,18,22,25,30],"killed_by":"Collector","ascension_level":1}