{"gold_per_floor":[217,217,217,234,234,260,260,290,316,343,343,361,377,411,411,507,507,507,507,507,432,432,432,432,432,432,432,21,21,21,21,21,21,21,21,21,21,21,21,21,21,0,0,0,0,0,0,0,0,0],"floor_reached":51,"playtime":2373,"items_purged":[],"score":1030,"play_id":"e2268dcf-6937-4b78-8729-195b9d2464cc","local_time":"20181021150857","is_ascension_mode":true,"campfire_choices":[{"data":"Body Slam","floor":7,"key":"SMITH"},{"data":"Iron Wave","floor":11,"key":"SMITH"},{"data":"Flame Barrier","floor":15,"key":"SMITH"},{"data":"Barricade","floor":23,"key":"SMITH"},{"floor":27,"key":"REST"},{"floor":32,"key":"REST"},{"floor":40,"key":"REST"},{"data":"Limit Break","floor":47,"key":"SMITH"},{"floor":49,"key":"REST"}],"neow_cost":"NONE","seed_source_timestamp":939439451055631,"circlet_count":0,"master_deck":["Strike_R","Strike_R","Strike_R","Defend_R+1","Defend_R","Defend_R","Defend_R","Bash","Flame Barrier+1","Iron Wave+1","Body Slam+1","Spot Weakness","Flame Barrier+1","Iron Wave+1","Metallicize","Barricade+1","Iron Wave","Body Slam","Shrug It Off","Flame Barrier+1","Armaments","Limit Break+1","Trip","Seeing Red","Flex","Double Tap","Iron Wave+1","Flex","Shockwave+1","Uppercut+1","Body Slam+1","Iron Wave+1","Battle Trance+1","Parasite","Twin Strike+1","Dual Wield+1"],"relics":["Burning Blood","Bronze Scales","Bag of Preparation","Smiling Mask","Pear","Blue Candle","Ectoplasm","War Paint","Pantograph","Paper Frog","Gremlin Horn","MutagenicStrength","Tiny House","Red Skull","Red Mask","Mercury Hourglass","Champion Belt"],"potions_floor_usage":[6,6,8,8,8,10,13,14,25,25,33,33,36,36,36,37,37,50,50],"damage_taken":[{"damage":3,"enemies":"2 Louse","floor":1,"turns":3},{"damage":0,"enemies":"Small Slimes","floor":4,"turns":3},{"damage":17,"enemies":"Gremlin Nob","floor":6,"turns":5},{"damage":17,"enemies":"Lagavulin","floor":8,"turns":6},{"damage":33,"enemies":"Gremlin Nob","floor":10,"turns":4},{"damage":0,"enemies":"Jaw Worm","floor":12,"turns":2},{"damage":3,"enemies":"Gremlin Gang","floor":13,"turns":4},{"damage":2,"enemies":"3 Sentries","floor":14,"turns":8},{"damage":24,"enemies":"The Guardian","floor":16,"turns":13},{"damage":14,"enemies":"Shell Parasite","floor":18,"turns":6},{"damage":0,"enemies":"3 Byrds","floor":19,"turns":2},{"damage":9,"enemies":"Snake Plant","floor":20,"turns":3},{"damage":28,"enemies":"Snecko","floor":22,"turns":6},{"damage":15,"enemies":"3 Cultists","floor":24,"turns":6},{"damage":3,"enemies":"Gremlin Leader","floor":25,"turns":4},{"damage":6,"enemies":"Snake Plant","floor":29,"turns":2},{"damage":46,"enemies":"Slavers","floor":30,"turns":6},{"damage":38,"enemies":"Collector","floor":33,"turns":9},{"damage":14,"enemies":"Orb Walker","floor":35,"turns":4},{"damage":15,"enemies":"3 Darklings","floor":36,"turns":4},{"damage":43,"enemies":"Maw","floor":37,"turns":12},{"damage":0,"enemies":"Sphere and 2 Shapes","floor":38,"turns":6},{"damage":36,"enemies":"Giant Head","floor":41,"turns":8},{"damage":0,"enemies":"2 Orb Walkers","floor":44,"turns":4},{"damage":5,"enemies":"4 Shapes","floor":45,"turns":4},{"damage":4,"enemies":"Writhing Mass","floor":46,"turns":4},{"damage":9,"enemies":"Jaw Worm Horde","floor":48,"turns":5},{"damage":24,"enemies":"Awakened One","floor":50,"turns":11}],"seed_played":"-5045200616662018467","potions_obtained":[{"floor":4,"key":"SkillPotion"},{"floor":5,"key":"BloodPotion"},{"floor":5,"key":"SkillPotion"},{"floor":5,"key":"EntropicBrew"},{"floor":12,"key":"Energy Potion"},{"floor":13,"key":"Energy Potion"},{"floor":16,"key":"Strength Potion"},{"floor":22,"key":"LiquidBronze"},{"floor":24,"key":"SkillPotion"},{"floor":25,"key":"Explosive Potion"},{"floor":30,"key":"GamblersBrew"},{"floor":34,"key":"Fire Potion"},{"floor":35,"key":"EntropicBrew"},{"floor":41,"key":"SteroidPotion"},{"floor":44,"key":"Strength Potion"},{"floor":48,"key":"Energy Potion"}],"is_trial":false,"path_per_floor":["M","?","?","M","?","E","R","E","T","E","R","M","M","E","R","B",null,"M","M","M","?","M","R","M","E","T","R","$","M","E","?","R","B",null,"M","M","M","M","?","R","E","?","T","?","M","M","R","M","R","B"],"character_chosen":"IRONCLAD","items_purchased":["Limit Break","Paper Frog","Trip"],"campfire_rested":4,"item_purchase_floors":[28,28,28],"current_hp_per_floor":[80,80,80,80,80,69,69,58,58,41,41,47,50,54,54,36,77,69,75,72,72,50,50,41,44,44,71,71,71,31,31,58,51,85,77,68,31,37,37,65,35,35,35,41,42,44,44,41,69,76],"gold":0,"neow_bonus":"HUNDRED_GOLD","is_prod":false,"is_daily":false,"chose_seed":false,"campfire_upgraded":5,"win_rate":0,"timestamp":1540156137,"path_taken":["M","?","?","M","?","E","R","E","T","E","R","M","M","E","R","BOSS","M","?","M","?","M","R","M","E","T","R","$","?","E","?","R","BOSS","M","M","?","M","?","R","E","?","T","?","M","?","R","M","R","BOSS"],"build_version":"2018-10-18","purchased_purges":0,"victory":true,"max_hp_per_floor":[80,80,80,80,80,80,80,80,80,90,90,90,90,90,90,90,90,90,90,90,90,90,90,90,90,90,90,90,90,90,90,90,90,95,95,95,95,95,95,95,95,95,95,95,95,95,95,95,95,95],"card_choices":[{"not_picked":["Sword Boomerang","Dropkick"],"picked":"Flame Barrier","floor":1},{"not_picked":["Sentinel","Havoc"],"picked":"Iron Wave","floor":4},{"not_picked":["Anger","Twin Strike"],"picked":"Body Slam","floor":6},{"not_picked":["Burning Pact","Body Slam"],"picked":"Spot Weakness","floor":8},{"not_picked":["Thunderclap","Berserk"],"picked":"Flame Barrier","floor":10},{"not_picked":["Evolve","Thunderclap"],"picked":"Iron Wave","floor":12},{"not_picked":["Pommel Strike","Dual Wield"],"picked":"Metallicize","floor":13},{"not_picked":["Headbutt","Havoc","True Grit"],"picked":"SKIP","floor":14},{"not_picked":["Impervious","Bludgeon"],"picked":"Barricade","floor":16},{"not_picked":["Anger","Twin Strike+1"],"picked":"Iron Wave","floor":18},{"not_picked":["Pummel","Wild Strike"],"picked":"Body Slam","floor":19},{"not_picked":["Hemokinesis+1","Pommel Strike","Clash"],"picked":"SKIP","floor":20},{"not_picked":["Warcry+1","Dropkick"],"picked":"Shrug It Off","floor":22},{"not_picked":["Iron Wave","Havoc"],"picked":"Flame Barrier","floor":24},{"not_picked":["Wild Strike+1","Heavy Blade"],"picked":"Armaments","floor":25},{"not_picked":["Sword Boomerang+1","Berserk"],"picked":"Seeing Red","floor":29},{"not_picked":["Pommel Strike","Corruption"],"picked":"Flex","floor":30},{"not_picked":["Bludgeon","Barricade"],"picked":"Double Tap","floor":33},{"not_picked":["Evolve","Perfected Strike"],"picked":"Iron Wave+1","floor":34},{"not_picked":["Anger","Ghostly Armor"],"picked":"Flex","floor":35},{"not_picked":["True Grit","Sentinel"],"picked":"Shockwave+1","floor":36},{"not_picked":["Cleave","Clash","Twin Strike"],"picked":"SKIP","floor":37},{"not_picked":["Perfected Strike+1","Corruption"],"picked":"Uppercut+1","floor":38},{"not_picked":["Reckless Charge","Clothesline+1","Sentinel"],"picked":"SKIP","floor":41},{"not_picked":["Double Tap","Sword Boomerang+1"],"picked":"Iron Wave+1","floor":44},{"not_picked":["Perfected Strike+1","Cleave"],"picked":"Battle Trance+1","floor":45},{"not_picked":["Wild Strike","Perfected Strike"],"picked":"Twin Strike+1","floor":46},{"not_picked":["Searing Blow","Sentinel+1"],"picked":"Dual Wield+1","floor":48}],"player_experience":751618,"relics_obtained":[{"floor":6,"key":"Bronze Scales"},{"floor":8,"key":"Bag of Preparation"},{"floor":9,"key":"Smiling Mask"},{"floor":10,"key":"Pear"},{"floor":14,"key":"Blue Candle"},{"floor":25,"key":"War Paint"},{"floor":26,"key":"Pantograph"},{"floor":30,"key":"Gremlin Horn"},{"floor":41,"key":"Red Skull"},{"floor":43,"key":"Mercury Hourglass"},{"floor":44,"key":"Champion Belt"}],"event_choices":[{"damage_healed":0,"gold_gain":0,"player_choice":"Grow","damage_taken":0,"max_hp_gain":0,"max_hp_loss":0,"event_name":"Living Wall","floor":2,"gold_loss":0,"cards_upgraded":["Flame Barrier"]},{"cards_removed":["Strike_R"],"damage_healed":0,"gold_gain":0,"player_choice":"Offered Basic","damage_taken":0,"max_hp_gain":0,"max_hp_loss":0,"event_name":"Bonfire Elementals","floor":3,"gold_loss":0},{"damage_healed":0,"gold_gain":0,"player_choice":"Got Potions","damage_taken":0,"max_hp_gain":0,"max_hp_loss":0,"event_name":"The Lab","floor":5,"gold_loss":0},{"cards_removed":["Strike_R"],"damage_healed":0,"gold_gain":0,"player_choice":"Gave Gold","damage_taken":0,"max_hp_gain":0,"max_hp_loss":0,"event_name":"Beggar","floor":21,"gold_loss":75},{"damage_healed":0,"gold_gain":0,"player_choice":"Inject Mutagens","damage_taken":0,"relics_obtained":["MutagenicStrength"],"max_hp_gain":0,"max_hp_loss":0,"event_name":"Drug Dealer","floor":31,"gold_loss":0},{"damage_healed":0,"gold_gain":0,"player_choice":"Copied","damage_taken":0,"max_hp_gain":0,"max_hp_loss":0,"event_name":"Duplicator","floor":39,"gold_loss":0,"cards_obtained":["Body Slam"]},{"damage_healed":0,"gold_gain":0,"player_choice":"Paid","damage_taken":0,"relics_obtained":["Red Mask"],"max_hp_gain":0,"max_hp_loss":0,"event_name":"Tomb of Lord Red Mask","floor":42,"gold_loss":21},{"damage_healed":0,"gold_gain":0,"player_choice":"Fight","damage_taken":0,"max_hp_gain":0,"max_hp_loss":0,"event_name":"Mysterious Sphere","floor":44,"gold_loss":0}],"is_beta":false,"boss_relics":[{"not_picked":["Lizard Tail","Empty Cage"],"picked":"Ectoplasm"},{"not_picked":["Pandora\u0027s Box","Runic Cube"],"picked":"Tiny House"}],"items_purged_floors":[],"is_endless":false,"potions_floor_spawned":[4,12,13,16,22,24,25,30,35,41,44,48],"ascension_level":5}