{"gold_per_floor":[112,112,112,112,112,112,141,151,151,181,181,199,254,269,269,368,368,388,399,212,232,147,181,181,216,216,236,236,184,211,230,230,230],"floor_reached":33,"playtime":3612,"items_purged":[],"score":354,"play_id":"136d24d4-7a18-48a9-abfc-93690fcc1fa5","local_time":"20181026125720","is_ascension_mode":true,"campfire_choices":[{"data":"Dagger Throw","floor":6,"key":"SMITH"},{"data":"Die Die Die","floor":11,"key":"SMITH"},{"floor":15,"key":"REST"},{"data":"Dash","floor":24,"key":"SMITH"},{"floor":28,"key":"REST"},{"floor":32,"key":"REST"}],"neow_cost":"NONE","seed_source_timestamp":1362321088487747,"circlet_count":0,"master_deck":["Defend_G","Defend_G","Defend_G","Defend_G","Defend_G","Strike_G","Strike_G","Strike_G","Strike_G","Strike_G","Survivor","Neutralize","Dagger Throw+1","Die Die Die+1","Quick Slash","A Thousand Cuts","Dash+1","PiercingWail","Riddle With Holes","Tools of the Trade","Prepared+1","Blade Dance","Accuracy","Cloak And Dagger","All Out Attack+1","Blade Dance","Dodge and Roll","Cloak And Dagger","PiercingWail+1","Flying Knee"],"relics":["Ring of the Snake","Incense Burner","Gremlin Horn","Mummified Hand","Matryoshka","FossilizedHelix","Sozu","Regal Pillow","Strawberry","Juzu Bracelet","Bag of Marbles","Art of War","Question Card","Sundial"],"potions_floor_usage":[10],"damage_taken":[{"damage":0,"enemies":"Jaw Worm","floor":1,"turns":6},{"damage":9,"enemies":"3 Sentries","floor":7,"turns":13},{"damage":0,"enemies":"Small Slimes","floor":8,"turns":1},{"damage":4,"enemies":"Gremlin Nob","floor":10,"turns":5},{"damage":3,"enemies":"2 Louse","floor":12,"turns":3},{"damage":30,"enemies":"Gremlin Nob","floor":13,"turns":5},{"damage":0,"enemies":"Exordium Wildlife","floor":14,"turns":2},{"damage":47,"enemies":"Slime Boss","floor":16,"turns":12},{"damage":0,"enemies":"2 Thieves","floor":18,"turns":3},{"damage":2,"enemies":"3 Byrds","floor":19,"turns":4},{"damage":12,"enemies":"Shelled Parasite and Fungi","floor":21,"turns":6},{"damage":19,"enemies":"Book of Stabbing","floor":23,"turns":6},{"damage":15,"enemies":"Gremlin Leader","floor":25,"turns":7},{"damage":10,"enemies":"Snake Plant","floor":27,"turns":4},{"damage":39,"enemies":"Slavers","floor":30,"turns":6},{"damage":16,"enemies":"Snecko","floor":31,"turns":5},{"damage":77,"enemies":"Collector","floor":33,"turns":6}],"seed_played":"7941114725684006334","potions_obtained":[{"floor":7,"key":"SpeedPotion"},{"floor":16,"key":"Weak Potion"}],"is_trial":false,"path_per_floor":["M","?","?","?","?","R","E","M","T","E","R","M","?","M","R","B",null,"M","M","$","M","?","E","R","E","T","M","R","$","E","M","R"],"character_chosen":"THE_SILENT","items_purchased":["Accuracy","Regal Pillow","Cloak And Dagger"],"campfire_rested":3,"item_purchase_floors":[20,20,29],"current_hp_per_floor":[77,70,70,70,75,75,66,66,66,62,62,59,29,29,53,6,82,82,80,80,68,75,56,56,41,41,31,72,72,33,17,58,0],"gold":230,"neow_bonus":"TEN_PERCENT_HP_BONUS","is_prod":false,"is_daily":false,"chose_seed":false,"campfire_upgraded":3,"win_rate":0,"timestamp":1540580240,"path_taken":["M","?","?","?","?","R","E","M","T","E","R","?","?","?","R","BOSS","M","M","$","M","?","E","R","E","T","M","R","$","E","M","R","BOSS"],"build_version":"2018-10-25v2","purchased_purges":0,"victory":false,"max_hp_per_floor":[77,77,77,77,82,82,82,82,82,82,82,82,82,82,82,82,82,82,82,82,82,89,89,89,89,89,89,89,89,89,89,89,89],"card_choices":[{"not_picked":["Calculated Gamble","Outmaneuver"],"picked":"Dagger Throw","floor":1},{"not_picked":["Eviscerate","Sucker Punch"],"picked":"Die Die Die","floor":7},{"not_picked":["Bane","Outmaneuver"],"picked":"Quick Slash","floor":8},{"not_picked":["Well Laid Plans","Bouncing Flask"],"picked":"A Thousand Cuts","floor":10},{"not_picked":["Choke","Bane"],"picked":"Dash","floor":12},{"not_picked":["Escape Plan","Slice"],"picked":"PiercingWail","floor":13},{"not_picked":["Concentrate","Underhanded Strike"],"picked":"Riddle With Holes","floor":14},{"not_picked":["Venomology","Bullet Time"],"picked":"Tools of the Trade","floor":16},{"not_picked":["Endless Agony","Flying Knee"],"picked":"Prepared+1","floor":18},{"not_picked":["Poisoned Stab","Outmaneuver+1"],"picked":"Blade Dance","floor":19},{"not_picked":["Blur","Malaise"],"picked":"Cloak And Dagger","floor":21},{"not_picked":["Endless Agony","Flying Knee+1"],"picked":"All Out Attack+1","floor":23},{"not_picked":["Bullet Time","Outmaneuver"],"picked":"Blade Dance","floor":25},{"not_picked":["Sucker Punch","Setup","Poisoned Stab"],"picked":"Dodge and Roll","floor":27},{"not_picked":["Bane","Riddle With Holes+1","Bouncing Flask"],"picked":"PiercingWail+1","floor":30},{"not_picked":["Well Laid Plans","Setup","Outmaneuver"],"picked":"Flying Knee","floor":31}],"player_experience":862095,"relics_obtained":[{"floor":7,"key":"Gremlin Horn"},{"floor":9,"key":"Mummified Hand"},{"floor":10,"key":"Matryoshka"},{"floor":23,"key":"Juzu Bracelet"},{"floor":25,"key":"Bag of Marbles"},{"floor":26,"key":"Art of War"},{"floor":26,"key":"Question Card"},{"floor":30,"key":"Sundial"}],"event_choices":[{"damage_healed":0,"gold_gain":0,"player_choice":"Success","damage_taken":7,"relics_obtained":["Incense Burner"],"max_hp_gain":0,"max_hp_loss":0,"event_name":"Scrap Ooze","floor":2,"gold_loss":0},{"damage_healed":0,"gold_gain":0,"player_choice":"Leave","damage_taken":0,"max_hp_gain":0,"max_hp_loss":0,"event_name":"The Cleric","floor":3,"gold_loss":0},{"damage_healed":0,"gold_gain":0,"player_choice":"Ignored","damage_taken":0,"max_hp_gain":0,"max_hp_loss":0,"event_name":"Liars Game","floor":4,"gold_loss":0},{"damage_healed":0,"gold_gain":0,"player_choice":"Donut","damage_taken":0,"max_hp_gain":5,"max_hp_loss":0,"event_name":"Big Fish","floor":5,"gold_loss":0},{"damage_healed":0,"gold_gain":0,"player_choice":"Searched \u00273\u0027 times","damage_taken":0,"relics_obtained":["FossilizedHelix"],"max_hp_gain":0,"max_hp_loss":0,"event_name":"Dead Adventurer","floor":13,"gold_loss":0},{"damage_healed":0,"gold_gain":0,"player_choice":"Obtained Relic","damage_taken":0,"relics_obtained":["Strawberry"],"max_hp_gain":0,"max_hp_loss":0,"event_name":"Addict","floor":22,"gold_loss":85}],"is_beta":false,"boss_relics":[{"not_picked":["WristBlade","Philosopher\u0027s Stone"],"picked":"Sozu"}],"items_purged_floors":[],"is_endless":false,"potions_floor_spawned":[7,16,21,27,31],"killed_by":"Collector","ascension_level":1}