{"gold_per_floor":[113,126,144,160,160,194,194,0,48,48,59,75,75,92,92,187,187,206,206,218,229,148,177,191,191,191,8,19,82,82,98,98,98],"floor_reached":33,"playtime":1280,"items_purged":[],"score":341,"play_id":"baa02f02-9d04-4463-af13-34dcf778088a","local_time":"20180801220508","is_ascension_mode":false,"campfire_choices":[{"data":"Zap","floor":7,"key":"SMITH"},{"data":"Electrodynamics","floor":10,"key":"SMITH"},{"data":"Doom and Gloom","floor":15,"key":"SMITH"},{"floor":30,"key":"REST"},{"floor":32,"key":"REST"}],"neow_cost":"NONE","seed_source_timestamp":43598126474491,"circlet_count":0,"master_deck":["Strike_B+1","Strike_B","Strike_B","Strike_B","Defend_B","Defend_B","Defend_B","Defend_B","Zap+1","Cold Snap+1","Beam Cell","Doom and Gloom+1","Static Discharge","Auto Shields","Coolheaded","Electrodynamics+1","Conserve Battery","Conserve Battery","Ball Lightning","Go for the Eyes","Seek","Self Repair","Go for the Eyes+1","Storm+1","Loop","Beam Cell+1","Defragment+1","Writhe","Blizzard","Sweeping Beam","Rip and Tear","BootSequence"],"relics":["Cracked Core","Dodecahedron","DataDisk","Inserter","Pen Nib","Potion Belt","Ornamental Fan","Whetstone","Tiny Chest"],"potions_floor_usage":[6,14,16,16,23,24,29,29],"damage_taken":[{"damage":5,"enemies":"Small Slimes","floor":1,"turns":4},{"damage":0,"enemies":"Cultist","floor":2,"turns":3},{"damage":4,"enemies":"2 Louse","floor":3,"turns":3},{"damage":0,"enemies":"Large Slime","floor":4,"turns":4},{"damage":12,"enemies":"Lagavulin","floor":6,"turns":5},{"damage":0,"enemies":"Exordium Thugs","floor":11,"turns":3},{"damage":12,"enemies":"Blue Slaver","floor":12,"turns":2},{"damage":0,"enemies":"2 Fungi Beasts","floor":14,"turns":2},{"damage":0,"enemies":"Slime Boss","floor":16,"turns":5},{"damage":2,"enemies":"Chosen","floor":18,"turns":4},{"damage":0,"enemies":"Spheric Guardian","floor":20,"turns":3},{"damage":8,"enemies":"Snake Plant","floor":21,"turns":4},{"damage":25,"enemies":"Slavers","floor":23,"turns":3},{"damage":12,"enemies":"Sentry and Sphere","floor":24,"turns":5},{"damage":18,"enemies":"Centurion and Healer","floor":28,"turns":3},{"damage":25,"enemies":"Book of Stabbing","floor":29,"turns":4},{"damage":16,"enemies":"Snake Plant","floor":31,"turns":4},{"damage":63,"enemies":"Champ","floor":33,"turns":8}],"seed_played":"9143933638605810702","potions_obtained":[{"floor":1,"key":"Dexterity Potion"},{"floor":4,"key":"Poison Potion"},{"floor":6,"key":"FearPotion"},{"floor":12,"key":"Block Potion"},{"floor":16,"key":"Strength Potion"},{"floor":18,"key":"Swift Potion"},{"floor":23,"key":"SteroidPotion"},{"floor":28,"key":"LiquidBronze"}],"is_trial":false,"path_per_floor":["M","M","M","M","?","E","R","$","T","R","M","M","?","M","R","B",null,"M","?","M","M","$","E","M","?","T","$","M","E","R","M","R"],"character_chosen":"DEFECT","items_purchased":["Electrodynamics","Conserve Battery","Loop","Whetstone","Blizzard"],"campfire_rested":2,"item_purchase_floors":[8,8,22,27,27],"current_hp_per_floor":[70,70,66,66,66,54,54,54,54,54,54,42,47,47,47,47,80,78,78,78,77,77,59,47,47,47,47,36,18,42,33,57,0],"gold":98,"neow_bonus":"THREE_CARDS","is_prod":false,"is_daily":false,"chose_seed":false,"campfire_upgraded":3,"win_rate":0,"timestamp":1533182708,"path_taken":["M","M","M","M","?","E","R","$","T","R","M","M","?","M","R","BOSS","M","?","M","M","$","E","M","?","T","?","M","E","R","M","R","BOSS"],"build_version":"2018-07-26","purchased_purges":0,"victory":false,"max_hp_per_floor":[75,75,75,75,75,75,75,75,75,75,75,75,80,80,80,80,80,80,80,80,80,80,80,80,80,80,80,80,80,80,80,80,80],"card_choices":[{"not_picked":["Chill","Streamline"],"picked":"Cold Snap","floor":0},{"not_picked":["Double Energy","Storm"],"picked":"Beam Cell","floor":1},{"not_picked":["Streamline","Gash"],"picked":"Doom and Gloom","floor":2},{"not_picked":["Tempest","Chill"],"picked":"Static Discharge","floor":3},{"not_picked":["Gash","Consume"],"picked":"Auto Shields","floor":4},{"not_picked":["Hologram","Cold Snap"],"picked":"Coolheaded","floor":6},{"not_picked":["Scrape","Steam Power"],"picked":"Conserve Battery","floor":11},{"not_picked":["Gash","Barrage"],"picked":"Ball Lightning","floor":12},{"not_picked":["Leap","Cold Snap"],"picked":"Go for the Eyes","floor":14},{"not_picked":["Amplify","Electrodynamics"],"picked":"Seek","floor":16},{"not_picked":["Stack","Reinforced Body"],"picked":"Self Repair","floor":18},{"not_picked":["Steam","Steam Power"],"picked":"Go for the Eyes+1","floor":20},{"not_picked":["Rebound","Force Field"],"picked":"Storm+1","floor":21},{"not_picked":["Gash","Go for the Eyes"],"picked":"Beam Cell+1","floor":23},{"not_picked":["Sweeping Beam","Beam Cell"],"picked":"Defragment+1","floor":24},{"not_picked":["Fission","Coolheaded+1"],"picked":"Sweeping Beam","floor":28},{"not_picked":["Steam Power","Turbo"],"picked":"Rip and Tear","floor":29},{"not_picked":["Compile Driver+1","Buffer"],"picked":"BootSequence","floor":31}],"player_experience":149753,"relics_obtained":[{"floor":6,"key":"Dodecahedron"},{"floor":9,"key":"DataDisk"},{"floor":23,"key":"Pen Nib"},{"floor":26,"key":"Ornamental Fan"},{"floor":29,"key":"Tiny Chest"}],"event_choices":[{"event_name":"Purifier","player_choice":"One Purge","floor":5,"damage_taken":0},{"event_name":"Big Fish","player_choice":"Donut","floor":13,"damage_taken":0},{"event_name":"Beggar","player_choice":"Ignored","floor":19,"damage_taken":0},{"event_name":"The Mausoleum","player_choice":"Yes","floor":25,"damage_taken":0}],"is_beta":false,"boss_relics":[{"not_picked":["Ectoplasm","Empty Cage"],"picked":"Inserter"}],"items_purged_floors":[],"is_endless":false,"potions_floor_spawned":[1,4,6,12,16,18,23,28],"killed_by":"Champ","ascension_level":0}