{"gold_per_floor":[15,26,301,317,330,330,342,342,396,396,425,425,436,199,199,302,302,319,519,534,304,318,318,334,334,388,388,388,401,454,210,210,314,314,331,271,288,301,313,313,100,117,165,177,177,187,187],"floor_reached":47,"playtime":19691,"items_purged":["Regret"],"score":506,"play_id":"42f8fafb-f425-4e04-8227-d6694dd8831f","local_time":"20190208150325","is_ascension_mode":false,"campfire_choices":[{"data":"Uppercut","floor":6,"key":"SMITH"},{"data":"Inflame","floor":8,"key":"SMITH"},{"data":"Bash","floor":10,"key":"SMITH"},{"floor":15,"key":"REST"},{"floor":23,"key":"REST"},{"floor":25,"key":"REST"},{"data":"Apotheosis","floor":27,"key":"SMITH"},{"floor":32,"key":"REST"},{"floor":40,"key":"REST"}],"neow_cost":"NO_GOLD","seed_source_timestamp":854999240645599,"circlet_count":0,"master_deck":["Strike_R","Strike_R","Strike_R","Strike_R","Defend_R","Defend_R","Defend_R","Defend_R","Bash+1","Exhume","Inflame+1","Heavy Blade","Flex","Uppercut+1","Immolate","Clothesline","Double Tap","Flex","Apotheosis+1","Impervious","Hemokinesis+1","Sever Soul","Reaper","Dual Wield","Shrug It Off","Flex","Battle Trance","Spot Weakness","Trip","Offering","Inflame+1","Second Wind+1","Shrug It Off+1","Body Slam+1","Infernal Blade","Enlightenment","Wild Strike+1","Pummel","Shrug It Off"],"relics":["Black Blood"],"potions_floor_usage":[11,13,16,22,22,33,33,38,39,42],"damage_taken":[{"damage":6,"enemies":"Jaw Worm","floor":1,"turns":3},{"damage":6,"enemies":"Cultist","floor":2,"turns":3},{"damage":7,"enemies":"2 Louse","floor":4,"turns":3},{"damage":32,"enemies":"Exordium Thugs","floor":5,"turns":4},{"damage":0,"enemies":"3 Louse","floor":7,"turns":3},{"damage":37,"enemies":"3 Sentries","floor":11,"turns":8},{"damage":0,"enemies":"Gremlin Gang","floor":13,"turns":1},{"damage":16,"enemies":"Slime Boss","floor":16,"turns":8},{"damage":24,"enemies":"Spheric Guardian","floor":18,"turns":4},{"damage":11,"enemies":"Chosen","floor":20,"turns":4},{"damage":34,"enemies":"Shelled Parasite and Fungi","floor":22,"turns":4},{"damage":65,"enemies":"Centurion and Healer","floor":24,"turns":8},{"damage":20,"enemies":"Snake Plant","floor":29,"turns":6},{"damage":77,"enemies":"Collector","floor":33,"turns":10},{"damage":37,"enemies":"Orb Walker","floor":35,"turns":4},{"damage":17,"enemies":"3 Shapes","floor":37,"turns":2},{"damage":30,"enemies":"Jaw Worm Horde","floor":38,"turns":3},{"damage":61,"enemies":"Spire Growth","floor":39,"turns":5},{"damage":40,"enemies":"4 Shapes","floor":42,"turns":5},{"damage":57,"enemies":"3 Darklings","floor":44,"turns":4},{"damage":32,"enemies":"Spire Growth","floor":46,"turns":5},{"damage":35,"enemies":"Nemesis","floor":47,"turns":4}],"seed_played":"-602852837327779319","potions_obtained":[{"floor":1,"key":"PowerPotion"},{"floor":4,"key":"PowerPotion"},{"floor":5,"key":"Fire Potion"},{"floor":11,"key":"LiquidBronze"},{"floor":20,"key":"Energy Potion"},{"floor":24,"key":"Strength Potion"},{"floor":37,"key":"Fire Potion"},{"floor":38,"key":"Strength Potion"}],"is_trial":false,"path_per_floor":["M","M","?","M","M","R","M","R","T","R","E","?","M","$","R","B",null,"M","?","M","$","M","R","M","R","T","R","?","M","T","$","R","B",null,"M","?","M","M","M","R","$","M","T","M","?","M","E"],"character_chosen":"IRONCLAD","items_purchased":["Apotheosis","Reaper","Dual Wield","Spot Weakness","Trip","Regen Potion","Regen Potion","Infernal Blade","Enlightenment"],"campfire_rested":5,"item_purchase_floors":[14,21,21,31,31,31,41,41,41],"current_hp_per_floor":[80,80,80,79,53,53,59,59,59,59,28,28,34,34,58,48,80,66,66,65,65,41,65,25,49,49,49,49,44,44,44,68,40,80,63,63,74,62,28,52,52,80,80,52,52,30,0],"gold":187,"neow_bonus":"THREE_RARE_CARDS","is_prod":false,"is_daily":false,"chose_seed":false,"campfire_upgraded":4,"win_rate":0,"timestamp":1549663405,"path_taken":["M","M","?","?","M","R","M","R","T","R","E","?","?","?","R","BOSS","M","?","M","$","?","R","M","R","T","R","?","?","?","?","R","BOSS","M","?","M","M","M","R","$","M","T","?","?","M","E"],"build_version":"2019-01-23","purchased_purges":1,"victory":false,"max_hp_per_floor":[80,80,80,80,80,80,80,80,80,80,80,80,80,80,80,80,80,80,80,80,80,80,80,80,80,80,80,80,80,80,80,80,80,80,80,80,80,80,80,80,80,80,80,80,80,80,80],"card_choices":[{"not_picked":["Fiend Fire","Bludgeon"],"picked":"Exhume","floor":0},{"not_picked":["Perfected Strike","Thunderclap"],"picked":"Inflame","floor":1},{"not_picked":["Headbutt","Havoc"],"picked":"Heavy Blade","floor":2},{"not_picked":["Fiend Fire","Carnage"],"picked":"Flex","floor":4},{"not_picked":["Inflame","Headbutt"],"picked":"Uppercut","floor":5},{"not_picked":["Body Slam","Warcry","Evolve"],"picked":"SKIP","floor":7},{"not_picked":["Body Slam","Armaments"],"picked":"Immolate","floor":11},{"not_picked":["Iron Wave","Perfected Strike"],"picked":"Flex","floor":13},{"not_picked":["Juggernaut","Berserk"],"picked":"Impervious","floor":16},{"not_picked":["Battle Trance","Pommel Strike"],"picked":"Hemokinesis","floor":18},{"not_picked":["Perfected Strike","Wild Strike"],"picked":"Sever Soul","floor":20},{"not_picked":["Thunderclap","Sword Boomerang"],"picked":"Shrug It Off","floor":22},{"not_picked":["Warcry","Shockwave"],"picked":"Flex","floor":24},{"not_picked":["Searing Blow","Headbutt"],"picked":"Battle Trance","floor":29},{"not_picked":["Barricade","Fiend Fire"],"picked":"Offering","floor":33},{"not_picked":["Sever Soul","Headbutt"],"picked":"Inflame+1","floor":35},{"not_picked":["Anger+1","Pommel Strike"],"picked":"Second Wind+1","floor":37},{"not_picked":["Hemokinesis+1","Disarm+1"],"picked":"Shrug It Off+1","floor":38},{"not_picked":["Sword Boomerang+1","Heavy Blade+1"],"picked":"Body Slam+1","floor":39},{"not_picked":["Clash","Searing Blow+1"],"picked":"Wild Strike+1","floor":42},{"not_picked":["Rampage+1","Dual Wield"],"picked":"Pummel","floor":44},{"not_picked":["Wild Strike","Thunderclap"],"picked":"Shrug It Off","floor":46}],"player_experience":1404179,"relics_obtained":[],"event_choices":[{"damage_healed":0,"gold_gain":275,"player_choice":"Desecrate","damage_taken":0,"max_hp_gain":0,"max_hp_loss":0,"event_name":"Golden Shrine","floor":3,"gold_loss":0,"cards_obtained":["Regret"]},{"damage_healed":0,"gold_gain":0,"player_choice":"2 cards matched","damage_taken":0,"max_hp_gain":0,"max_hp_loss":0,"event_name":"Match and Keep!","floor":12,"gold_loss":0,"cards_obtained":["Clothesline","Double Tap"]},{"damage_healed":0,"gold_gain":250,"player_choice":"Bet on Owner","damage_taken":0,"max_hp_gain":0,"max_hp_loss":0,"event_name":"The Joust","floor":19,"gold_loss":50},{"damage_healed":0,"gold_gain":0,"player_choice":"Forge","damage_taken":0,"max_hp_gain":0,"max_hp_loss":0,"event_name":"Accursed Blacksmith","floor":28,"gold_loss":0,"cards_upgraded":["Hemokinesis"]},{"cards_removed":["Strike_R"],"damage_healed":0,"gold_gain":0,"player_choice":"Single Remove","damage_taken":0,"max_hp_gain":0,"max_hp_loss":0,"event_name":"Designer","floor":36,"gold_loss":60},{"damage_healed":0,"gold_gain":0,"player_choice":"Ignored","damage_taken":0,"max_hp_gain":0,"max_hp_loss":0,"event_name":"Tomb of Lord Red Mask","floor":45,"gold_loss":0}],"is_beta":false,"boss_relics":[{"not_picked":["Runic Cube","Snecko Eye"],"picked":"Black Blood"},{"not_picked":["Philosopher\u0027s Stone","Busted Crown","Cursed Key"]}],"items_purged_floors":[14],"is_endless":false,"potions_floor_spawned":[1,4,5,11,20,24,37,38],"killed_by":"Nemesis","ascension_level":0}