{"gold_per_floor":[113,113,127,142,161,161,179,199,226,238,248,260,260,260,260,359,359,379,379,399,399,417,417,435,451,451,463,388,388,388,406,406,406],"floor_reached":33,"playtime":900,"items_purged":[],"score":247,"play_id":"bf503bad-709c-43db-8a46-98c457f85bf2","local_time":"20190206134925","is_ascension_mode":false,"campfire_choices":[{"data":"Bash","floor":6,"key":"SMITH"},{"data":"Immolate","floor":15,"key":"SMITH"},{"floor":23,"key":"REST"},{"floor":30,"key":"REST"},{"floor":32,"key":"REST"}],"neow_cost":"NONE","seed_source_timestamp":696516608159747,"circlet_count":0,"master_deck":["Strike_R","Strike_R","Strike_R","Strike_R","Defend_R","Defend_R","Defend_R","Defend_R","Bash+1","Pummel","Heavy Blade","Pummel","Thunderclap","Twin Strike","Sword Boomerang","Shrug It Off","Thunderclap","Immolate+1","Parasite","Shrug It Off+1","Cleave","Armaments+1","Spot Weakness+1","Flex","Infernal Blade","Dropkick"],"relics":["Burning Blood"],"potions_floor_usage":[8,10,16,18,22,24,31,33],"damage_taken":[{"damage":7,"enemies":"Small Slimes","floor":1,"turns":4},{"damage":6,"enemies":"Cultist","floor":3,"turns":3},{"damage":0,"enemies":"2 Louse","floor":4,"turns":2},{"damage":10,"enemies":"2 Fungi Beasts","floor":5,"turns":3},{"damage":20,"enemies":"Exordium Wildlife","floor":7,"turns":4},{"damage":4,"enemies":"Blue Slaver","floor":8,"turns":3},{"damage":3,"enemies":"Lots of Slimes","floor":10,"turns":3},{"damage":12,"enemies":"2 Fungi Beasts","floor":11,"turns":3},{"damage":13,"enemies":"3 Louse","floor":12,"turns":3},{"damage":6,"enemies":"Slime Boss","floor":16,"turns":6},{"damage":31,"enemies":"Shell Parasite","floor":18,"turns":5},{"damage":6,"enemies":"3 Byrds","floor":20,"turns":3},{"damage":32,"enemies":"Cultist and Chosen","floor":22,"turns":6},{"damage":10,"enemies":"Chosen and Byrds","floor":24,"turns":4},{"damage":0,"enemies":"3 Cultists","floor":25,"turns":2},{"damage":12,"enemies":"Snecko","floor":27,"turns":5},{"damage":27,"enemies":"Centurion and Healer","floor":31,"turns":4},{"damage":85,"enemies":"Collector","floor":33,"turns":7}],"seed_played":"4483241380072362525","potions_obtained":[{"floor":2,"key":"Fire Potion"},{"floor":2,"key":"Weak Potion"},{"floor":2,"key":"Swift Potion"},{"floor":3,"key":"PowerPotion"},{"floor":10,"key":"Poison Potion"},{"floor":11,"key":"Ancient Potion"},{"floor":18,"key":"Block Potion"},{"floor":20,"key":"LiquidBronze"},{"floor":27,"key":"Explosive Potion"}],"is_trial":false,"path_per_floor":["M","?","M","M","M","R","M","M","T","M","M","M","?","?","R","B",null,"M","?","M","?","M","R","M","M","T","M","?","?","R","M","R","B"],"character_chosen":"IRONCLAD","items_purchased":[],"campfire_rested":3,"item_purchase_floors":[],"current_hp_per_floor":[79,79,79,80,76,76,62,64,64,67,61,54,74,74,74,74,80,55,55,55,55,29,53,49,55,55,49,49,49,73,52,76,0],"gold":406,"neow_bonus":"THREE_CARDS","is_prod":false,"is_daily":false,"chose_seed":false,"campfire_upgraded":2,"win_rate":0,"timestamp":1549486165,"path_taken":["M","?","M","?","M","R","M","M","T","M","M","M","?","?","R","BOSS","M","?","M","?","M","R","M","M","T","?","?","?","R","M","R","BOSS"],"build_version":"2019-01-23","purchased_purges":0,"victory":false,"max_hp_per_floor":[80,80,80,80,80,80,80,80,80,80,80,80,80,80,80,80,80,80,80,80,80,80,80,80,80,80,80,80,80,80,80,80,80],"card_choices":[{"not_picked":["Cleave","Flex"],"picked":"Pummel","floor":0},{"not_picked":["Twin Strike","Burning Pact"],"picked":"Heavy Blade","floor":1},{"not_picked":["Pommel Strike","Wild Strike"],"picked":"Pummel","floor":3},{"not_picked":["Armaments","Whirlwind"],"picked":"Thunderclap","floor":4},{"not_picked":["Perfected Strike","Battle Trance"],"picked":"Twin Strike","floor":5},{"not_picked":["True Grit","Fire Breathing"],"picked":"Sword Boomerang","floor":7},{"not_picked":["Havoc","Whirlwind"],"picked":"Shrug It Off","floor":8},{"not_picked":["Anger","Clothesline"],"picked":"Thunderclap","floor":10},{"not_picked":["Twin Strike","Wild Strike"],"picked":"Immolate","floor":11},{"not_picked":["Perfected Strike","Warcry","Bloodletting"],"picked":"SKIP","floor":12},{"not_picked":["Body Slam","Burning Pact"],"picked":"Shrug It Off","floor":18},{"not_picked":["Evolve","Headbutt"],"picked":"Cleave","floor":20},{"not_picked":["Thunderclap","Wild Strike"],"picked":"Armaments+1","floor":22},{"not_picked":["Warcry+1","Carnage+1"],"picked":"Spot Weakness+1","floor":24},{"not_picked":["Whirlwind","Corruption"],"picked":"Flex","floor":25},{"not_picked":["Shrug It Off","Wild Strike"],"picked":"Infernal Blade","floor":27},{"not_picked":["Burning Pact","Body Slam"],"picked":"Dropkick","floor":31}],"player_experience":1397203,"relics_obtained":[],"event_choices":[{"damage_healed":0,"gold_gain":0,"player_choice":"Got Potions","damage_taken":0,"max_hp_gain":0,"max_hp_loss":0,"event_name":"Lab","floor":2,"gold_loss":0},{"damage_healed":20,"gold_gain":0,"player_choice":"Healed and dodged fight","damage_taken":0,"max_hp_gain":0,"max_hp_loss":0,"event_name":"Mushrooms","floor":13,"gold_loss":0,"cards_obtained":["Parasite"]},{"damage_healed":0,"gold_gain":0,"player_choice":"Ignored","damage_taken":0,"max_hp_gain":0,"max_hp_loss":0,"event_name":"Golden Idol","floor":14,"gold_loss":0},{"damage_healed":0,"gold_gain":0,"player_choice":"Forge","damage_taken":0,"max_hp_gain":0,"max_hp_loss":0,"event_name":"Accursed Blacksmith","floor":21,"gold_loss":0,"cards_upgraded":["Shrug It Off"]},{"cards_removed":["Strike_R"],"damage_healed":0,"gold_gain":0,"player_choice":"Gave Gold","damage_taken":0,"max_hp_gain":0,"max_hp_loss":0,"event_name":"Beggar","floor":28,"gold_loss":75},{"damage_healed":0,"gold_gain":0,"player_choice":"Ignored","damage_taken":0,"max_hp_gain":0,"max_hp_loss":0,"event_name":"WeMeetAgain","floor":29,"gold_loss":0}],"is_beta":false,"boss_relics":[{"not_picked":["Cursed Key","White Beast Statue","Runic Pyramid"]}],"items_purged_floors":[],"is_endless":false,"potions_floor_spawned":[3,4,5,10,11,18,20,27],"killed_by":"Collector","ascension_level":0}