{"gold_per_floor":[15,15,35,35,35,66,85,116,169,181,200,200,210,223,223,223],"floor_reached":16,"playtime":675,"items_purged":[],"score":113,"play_id":"020bc75c-1ae9-4a7c-961b-d7369c023283","local_time":"20181118165917","is_ascension_mode":false,"campfire_choices":[{"floor":12,"key":"RECALL"},{"floor":15,"key":"REST"}],"neow_cost":"NO_GOLD","seed_source_timestamp":428965045937234,"circlet_count":0,"master_deck":["Strike_R","Strike_R","Strike_R","Strike_R","Strike_R","Defend_R+1","Defend_R","Defend_R+1","Defend_R","Bash","Sword Boomerang","Cleave","Shrug It Off","Heavy Blade","Reckless Charge","Pommel Strike"],"relics":["Burning Blood","Girya","Singing Bowl","Spirit Poop","War Paint","Darkstone Periapt"],"potions_floor_usage":[8,8,14,16,16],"damage_taken":[{"damage":4,"enemies":"Jaw Worm","floor":1,"turns":5},{"damage":5,"enemies":"2 Louse","floor":3,"turns":4},{"damage":20,"enemies":"Gremlin Nob","floor":6,"turns":4},{"damage":0,"enemies":"Cultist","floor":7,"turns":3},{"damage":49,"enemies":"Lagavulin","floor":8,"turns":9},{"damage":9,"enemies":"Looter","floor":10,"turns":4},{"damage":0,"enemies":"Large Slime","floor":11,"turns":9},{"damage":13,"enemies":"3 Louse","floor":13,"turns":4},{"damage":2,"enemies":"Exordium Thugs","floor":14,"turns":5},{"damage":65,"enemies":"Hexaghost","floor":16,"turns":16}],"seed_played":"9158252775288131790","potions_obtained":[{"floor":3,"key":"GamblersBrew"},{"floor":7,"key":"SpeedPotion"},{"floor":8,"key":"GamblersBrew"},{"floor":10,"key":"PowerPotion"},{"floor":14,"key":"Fire Potion"}],"is_trial":false,"path_per_floor":["M","$","M","?","?","E","M","E","T","M","M","R","M","M","R","B"],"character_chosen":"IRONCLAD","items_purchased":[],"campfire_rested":1,"item_purchase_floors":[],"current_hp_per_floor":[80,80,80,80,80,66,72,31,31,30,38,38,31,35,60,0],"gold":223,"neow_bonus":"ONE_RARE_RELIC","is_prod":false,"is_daily":false,"chose_seed":false,"campfire_upgraded":0,"win_rate":0,"timestamp":1542585557,"path_taken":["M","$","M","?","?","E","M","E","T","?","M","R","M","M","R","BOSS"],"build_version":"2018-11-15","purchased_purges":0,"victory":false,"max_hp_per_floor":[80,80,80,80,80,80,80,82,82,84,86,86,86,86,86,86],"card_choices":[{"not_picked":["Disarm","Clothesline"],"picked":"Sword Boomerang","floor":1},{"not_picked":["Havoc","Combust"],"picked":"Cleave","floor":3},{"not_picked":["Rampage","Cleave"],"picked":"Shrug It Off","floor":6},{"not_picked":["Twin Strike","Corruption"],"picked":"Heavy Blade","floor":7},{"not_picked":["Sword Boomerang","Dual Wield","Ghostly Armor"],"picked":"Singing Bowl","floor":8},{"not_picked":["Warcry","Disarm","Evolve"],"picked":"Singing Bowl","floor":10},{"not_picked":["Cleave","Warcry","Disarm"],"picked":"Singing Bowl","floor":11},{"not_picked":["Rage","Clothesline"],"picked":"Reckless Charge","floor":13},{"not_picked":["Thunderclap","Clash"],"picked":"Pommel Strike","floor":14}],"player_experience":1091813,"relics_obtained":[{"floor":6,"key":"War Paint"},{"floor":8,"key":"Darkstone Periapt"}],"event_choices":[{"damage_healed":0,"gold_gain":0,"player_choice":"Box","damage_taken":0,"relics_obtained":["Singing Bowl"],"max_hp_gain":0,"max_hp_loss":0,"event_name":"Big Fish","floor":4,"gold_loss":0,"cards_obtained":["Regret"]},{"cards_removed":["Regret"],"damage_healed":0,"gold_gain":0,"player_choice":"Offered Curse","damage_taken":0,"relics_obtained":["Spirit Poop"],"max_hp_gain":0,"max_hp_loss":0,"event_name":"Bonfire Elementals","floor":5,"gold_loss":0}],"is_beta":false,"boss_relics":[],"items_purged_floors":[],"is_endless":false,"potions_floor_spawned":[3,7,8,10,14],"killed_by":"Hexaghost","ascension_level":0}