{"gold_per_floor":[115,40,58,76,88,88,113,113,113,113,124,138,138,138,138,240,240,259,334,7,7,7,7,26,26],"floor_reached":25,"playtime":2557,"items_purged":["Strike_R","Decay"],"score":220,"play_id":"7b4c1916-f586-48cc-971d-38114e340ce3","local_time":"20190407143208","is_ascension_mode":true,"campfire_choices":[{"data":"Barricade","floor":6.0,"key":"SMITH"},{"floor":8.0,"key":"REST"},{"floor":13.0,"key":"REST"},{"floor":15.0,"key":"REST"},{"data":"Body Slam","floor":23,"key":"SMITH"}],"neow_cost":"NONE","seed_source_timestamp":700906806314200,"circlet_count":0,"master_deck":["Strike_R","Strike_R","Strike_R","Strike_R","Defend_R","Defend_R","Defend_R","Defend_R+1","Bash","Pommel Strike","Clothesline","Barricade+1","Disarm+1","Pommel Strike","Impervious","Body Slam+1","Ghostly Armor","Double Tap","Battle Trance+1","True Grit","Seeing Red","Entrench"],"special_seed":0,"relics":["Burning Blood","Happy Flower","Odd Mushroom","Paper Frog","Orrery","Vajra"],"potions_floor_usage":[21],"damage_taken":[{"damage":12.0,"enemies":"Small Slimes","floor":1.0,"turns":4.0},{"damage":2.0,"enemies":"2 Louse","floor":3.0,"turns":3.0},{"damage":1.0,"enemies":"Cultist","floor":4.0,"turns":3.0},{"damage":25.0,"enemies":"Exordium Wildlife","floor":5.0,"turns":7.0},{"damage":36.0,"enemies":"The Mushroom Lair","floor":7.0,"turns":6.0},{"damage":12.0,"enemies":"2 Fungi Beasts","floor":11.0,"turns":5.0},{"damage":24.0,"enemies":"Exordium Thugs","floor":12.0,"turns":6.0},{"damage":5.0,"enemies":"The Guardian","floor":16.0,"turns":17.0},{"damage":7.0,"enemies":"Shell Parasite","floor":18.0,"turns":11.0},{"damage":10,"enemies":"Colosseum Slavers","floor":21,"turns":6},{"damage":35,"enemies":"Spheric Guardian","floor":24,"turns":9},{"damage":41,"enemies":"3 Cultists","floor":25,"turns":6}],"seed_played":"733786543826943275","potions_obtained":[{"floor":3.0,"key":"Weak Potion"},{"floor":11.0,"key":"Poison Potion"},{"floor":12.0,"key":"EssenceOfSteel"},{"floor":18.0,"key":"Energy Potion"}],"is_trial":false,"path_per_floor":["M","$","M","M","M","R","?","R","T","?","M","M","R","?","R","B",null,"M","?","$","?","?","R","M","M"],"character_chosen":"IRONCLAD","items_purchased":["Vajra","True Grit","Seeing Red"],"campfire_rested":3,"item_purchase_floors":[20,20,20],"current_hp_per_floor":[74,74,78,80,61,61,31,55,55,55,49,31,55,39,63,64,80,79,71,71,67,67,67,38,0],"gold":26,"neow_bonus":"RANDOM_COMMON_RELIC","is_prod":false,"is_daily":false,"chose_seed":false,"campfire_upgraded":2,"win_rate":0,"timestamp":1554661928,"path_taken":["M","$","M","M","M","R","?","R","T","?","M","?","R","?","R","BOSS","M","?","$","?","?","R","M","M"],"build_version":"2019-01-23","purchased_purges":2,"victory":false,"max_hp_per_floor":[80,80,80,80,80,80,80,80,80,80,80,80,80,80,80,80,80,80,80,80,80,80,80,80,80],"card_choices":[{"not_picked":["Wild Strike","Heavy Blade","Sword Boomerang"],"picked":"SKIP","floor":1.0},{"not_picked":["Clash","Heavy Blade"],"picked":"Pommel Strike","floor":3.0},{"not_picked":["Dual Wield","Second Wind"],"picked":"Clothesline","floor":4.0},{"not_picked":["Rupture","True Grit"],"picked":"Barricade","floor":5.0},{"not_picked":["Ghostly Armor","Uppercut"],"picked":"Disarm","floor":7.0},{"not_picked":["Combust","Searing Blow","Intimidate"],"picked":"SKIP","floor":11.0},{"not_picked":["Heavy Blade","Headbutt"],"picked":"Pommel Strike","floor":12.0},{"not_picked":["Reaper","Limit Break"],"picked":"Impervious","floor":16.0},{"not_picked":["Clothesline","Anger"],"picked":"Body Slam","floor":17.0},{"not_picked":["Wild Strike","Thunderclap"],"picked":"Ghostly Armor","floor":17.0},{"not_picked":["Headbutt","Corruption"],"picked":"Double Tap","floor":17.0},{"not_picked":["Twin Strike","Cleave"],"picked":"Battle Trance+1","floor":18.0},{"not_picked":["Anger+1","Twin Strike","Sword Boomerang+1"],"picked":"SKIP","floor":24}],"player_experience":220270,"relics_obtained":[{"floor":7.0,"key":"Odd Mushroom"},{"floor":9.0,"key":"Paper Frog"}],"event_choices":[{"damage_healed":0.0,"max_hp_gain":0.0,"max_hp_loss":0.0,"gold_gain":0.0,"event_name":"Mushrooms","player_choice":"Fought Mushrooms","floor":7.0,"gold_loss":0.0,"damage_taken":0.0},{"damage_healed":0.0,"max_hp_gain":0.0,"max_hp_loss":0.0,"gold_gain":0.0,"event_name":"Wheel of Change","player_choice":"Cursed","floor":10.0,"gold_loss":0.0,"damage_taken":0.0,"cards_obtained":["Decay"]},{"damage_healed":0.0,"max_hp_gain":0.0,"max_hp_loss":0.0,"gold_gain":0.0,"event_name":"Shining Light","player_choice":"Entered Light","floor":14.0,"gold_loss":0.0,"damage_taken":16.0,"cards_upgraded":["Disarm","Defend_R"]},{"damage_healed":0.0,"max_hp_gain":0.0,"max_hp_loss":0.0,"gold_gain":75.0,"event_name":"FaceTrader","player_choice":"Touch","floor":19.0,"gold_loss":0.0,"damage_taken":8.0},{"damage_healed":0,"gold_gain":0,"player_choice":"Fight","damage_taken":0,"max_hp_gain":0,"max_hp_loss":0,"event_name":"Colosseum","floor":21,"gold_loss":0},{"damage_healed":0,"gold_gain":0,"player_choice":"Fled From Nobs","damage_taken":0,"max_hp_gain":0,"max_hp_loss":0,"event_name":"Colosseum","floor":21,"gold_loss":0},{"damage_healed":0,"gold_gain":0,"player_choice":"Read","damage_taken":0,"max_hp_gain":0,"max_hp_loss":0,"event_name":"The Library","floor":22,"gold_loss":0,"cards_obtained":["Entrench"]}],"is_beta":false,"boss_relics":[{"not_picked":["Lizard Tail","Eternal Feather"],"picked":"Orrery"}],"items_purged_floors":[2,20],"is_endless":false,"potions_floor_spawned":[3,11,12,18,21],"killed_by":"3 Cultists","ascension_level":3}