{"gold_per_floor":[109,59,76,76,76,106,106,106,106,140,140,153,172,202,202,306,306,317,317,331,343,374,374,392,392,392,392,392,58,91,108,108,211,211,231,231,231,156,156,186,202,218,218,218,218,235,249,261,261,261],"floor_reached":51,"playtime":1986,"items_purged":["Writhe"],"score":832,"play_id":"b810f27b-6aca-457b-ad22-78b9234a1329","local_time":"20180810131329","is_ascension_mode":false,"campfire_choices":[{"data":"Beam Cell","floor":8,"key":"SMITH"},{"floor":15,"key":"REST"},{"data":"Echo Form","floor":23,"key":"SMITH"},{"data":"FTL","floor":25,"key":"SMITH"},{"data":"Electrodynamics","floor":27,"key":"SMITH"},{"floor":32,"key":"REST"},{"floor":45,"key":"REST"},{"floor":49,"key":"REST"}],"neow_cost":"NONE","seed_source_timestamp":4481577253743,"circlet_count":0,"master_deck":["Strike_B","Strike_B","Strike_B","Defend_B+1","Defend_B","Defend_B","Defend_B","Zap+1","Dualcast","Beam Cell+1","Compile Driver","Auto Shields","Skim","Electrodynamics+1","Conserve Battery","FTL+1","Echo Form+1","Cold Snap","BootSequence+1","Chill","Defragment+1","Go for the Eyes","Defragment+1","Beam Cell","White Noise","Scrape","Genetic Algorithm","Biased Cognition+1","Injury","Gash+1","Redo+1","Beam Cell+1","Normality","Storm+1","Gash","Redo+1"],"relics":["Cracked Core","NeowsBlessing","Boot","Kunai","Blood Vial","Ancient Tea Set","Odd Mushroom","Cursed Key","Nilry\u0027s Codex","Red Mask","Frozen Egg 2","Tiny Chest","Bottled Tornado","Fusion Hammer","Pantograph","Mercury Hourglass","Happy Flower","Toxic Egg 2"],"potions_floor_usage":[16,18,21,30,31,33,40,44,50,50],"damage_taken":[{"damage":0,"enemies":"2 Louse","floor":1,"turns":1},{"damage":0,"enemies":"Small Slimes","floor":3,"turns":1},{"damage":0,"enemies":"3 Sentries","floor":6,"turns":1},{"damage":13,"enemies":"Lagavulin","floor":10,"turns":5},{"damage":0,"enemies":"Jaw Worm","floor":12,"turns":2},{"damage":8,"enemies":"Red Slaver","floor":13,"turns":3},{"damage":18,"floor":14,"turns":2},{"damage":0,"enemies":"Slime Boss","floor":16,"turns":4},{"damage":8,"enemies":"Spheric Guardian","floor":18,"turns":4},{"damage":8,"enemies":"Chosen","floor":20,"turns":3},{"damage":1,"enemies":"Snecko","floor":21,"turns":3},{"damage":0,"floor":22,"turns":2},{"damage":0,"enemies":"Chosen and Byrds","floor":24,"turns":3},{"damage":0,"enemies":"Slavers","floor":30,"turns":4},{"damage":10,"enemies":"3 Cultists","floor":31,"turns":4},{"damage":1,"enemies":"Champ","floor":33,"turns":8},{"damage":0,"enemies":"Flame Bruiser 1 Orb","floor":35,"turns":3},{"damage":34,"enemies":"Nemesis","floor":40,"turns":5},{"damage":10,"enemies":"Orb Walker","floor":41,"turns":3},{"damage":7,"enemies":"Jaw Worm Horde","floor":42,"turns":3},{"damage":25,"enemies":"Spire Growth","floor":44,"turns":3},{"damage":9,"enemies":"3 Darklings","floor":46,"turns":8},{"damage":34,"enemies":"Snecko and Mystics","floor":47,"turns":5},{"damage":0,"enemies":"4 Shapes","floor":48,"turns":3},{"damage":21,"enemies":"Donu and Deca","floor":50,"turns":6}],"seed_played":"-7718000168748741602","potions_obtained":[{"floor":3,"key":"Ancient Potion"},{"floor":6,"key":"Ancient Potion"},{"floor":10,"key":"SteroidPotion"},{"floor":14,"key":"AttackPotion"},{"floor":18,"key":"Fire Potion"},{"floor":22,"key":"SmokeBomb"},{"floor":30,"key":"GamblersBrew"},{"floor":31,"key":"Block Potion"},{"floor":33,"key":"Weak Potion"},{"floor":42,"key":"Dexterity Potion"},{"floor":47,"key":"SkillPotion"}],"is_trial":false,"path_per_floor":["M","$","M","?","?","E","?","R","T","E","?","M","M","?","R","B",null,"M","?","M","M","?","R","M","R","T","R","?","$","E","M","R","B",null,"M","?","T","$","T","E","M","M","T","M","R","M","M","M","R","B"],"character_chosen":"DEFECT","items_purchased":["Fire Potion","Tiny Chest","Defragment+1","Beam Cell","White Noise","AttackPotion"],"campfire_rested":4,"item_purchase_floors":[2,29,29,29,29,29],"current_hp_per_floor":[75,75,75,60,60,60,53,53,53,42,42,44,38,22,44,46,75,67,51,45,46,48,48,50,50,50,50,50,50,52,44,66,67,75,75,75,75,75,75,41,33,28,28,5,27,34,16,18,40,46],"gold":261,"neow_bonus":"THREE_ENEMY_KILL","is_prod":false,"is_daily":false,"chose_seed":false,"campfire_upgraded":4,"win_rate":0,"timestamp":1533921209,"path_taken":["M","$","M","?","?","E","?","R","T","E","?","?","M","?","R","BOSS","M","?","M","M","?","R","M","R","T","R","?","$","E","?","R","BOSS","M","?","?","$","?","E","M","?","T","M","R","M","M","M","R","BOSS"],"build_version":"2018-08-08","purchased_purges":1,"victory":true,"max_hp_per_floor":[75,75,75,75,75,75,75,75,75,75,75,75,75,75,75,75,75,75,75,75,75,75,75,75,75,75,75,75,75,75,75,75,75,75,75,75,75,75,75,75,75,75,75,75,75,75,75,75,75,75],"card_choices":[{"not_picked":["Darkness","Compile Driver"],"picked":"Beam Cell","floor":1},{"not_picked":["Loop","Stack"],"picked":"Compile Driver","floor":3},{"not_picked":["Lockon","Fusion"],"picked":"Auto Shields","floor":6},{"not_picked":["Steam","Hologram"],"picked":"Skim","floor":10},{"not_picked":["Stack","Barrage","Electrodynamics"],"picked":"SKIP","floor":12},{"not_picked":["Stack","Electrodynamics"],"picked":"Barrage","floor":12},{"not_picked":["Ball Lightning","Skim"],"picked":"Conserve Battery","floor":13},{"not_picked":["Conserve Battery","Coolheaded"],"picked":"FTL","floor":14},{"not_picked":["Buffer","Hyperbeam"],"picked":"Echo Form","floor":16},{"not_picked":["Stack","Reprogram+1"],"picked":"Cold Snap","floor":18},{"not_picked":["Redo","Consume+1"],"picked":"BootSequence+1","floor":20},{"not_picked":["Fusion+1","Cold Snap"],"picked":"Chill","floor":21},{"not_picked":["Rip and Tear","Consume"],"picked":"Defragment+1","floor":22},{"not_picked":["Chaos","Barrage"],"picked":"Go for the Eyes","floor":24},{"not_picked":["Redo","Tempest"],"picked":"Scrape","floor":30},{"not_picked":["Rebound","Core Surge"],"picked":"Genetic Algorithm","floor":31},{"not_picked":["Rainbow","Multi-Cast"],"picked":"Biased Cognition+1","floor":33},{"not_picked":["Coolheaded","Aggregate+1","Melter+1"],"picked":"SKIP","floor":35},{"not_picked":["Conserve Battery+1","Sunder+1"],"picked":"Gash+1","floor":40},{"not_picked":["Scrape+1","Ball Lightning"],"picked":"Redo+1","floor":41},{"not_picked":["BootSequence","Turbo"],"picked":"Beam Cell+1","floor":42},{"not_picked":["Auto Shields+1","Stack+1"],"picked":"Storm+1","floor":46},{"not_picked":["Chaos+1","Glacier+1"],"picked":"Gash","floor":47},{"not_picked":["Rebound","Go for the Eyes"],"picked":"Redo+1","floor":48}],"player_experience":159590,"relics_obtained":[{"floor":6,"key":"Kunai"},{"floor":9,"key":"Blood Vial"},{"floor":10,"key":"Ancient Tea Set"},{"floor":14,"key":"Odd Mushroom"},{"floor":19,"key":"Nilry\u0027s Codex"},{"floor":22,"key":"Red Mask"},{"floor":26,"key":"Frozen Egg 2"},{"floor":30,"key":"Bottled Tornado"},{"floor":37,"key":"Pantograph"},{"floor":39,"key":"Mercury Hourglass"},{"floor":40,"key":"Happy Flower"},{"floor":43,"key":"Toxic Egg 2"}],"event_choices":[{"event_name":"Shining Light","player_choice":"Entered Light","floor":4,"damage_taken":0},{"event_name":"WeMeetAgain","player_choice":"Potion","floor":5,"damage_taken":0},{"event_name":"Wheel of Change","player_choice":"Damage","floor":7,"damage_taken":0},{"event_name":"Living Wall","player_choice":"Change","floor":11,"damage_taken":0},{"event_name":"Mushrooms","player_choice":"Fought Mushrooms","floor":14,"damage_taken":0},{"event_name":"Cursed Tome","player_choice":"Obtained Book","floor":19,"damage_taken":0},{"event_name":"Masked Bandits","player_choice":"Fought Bandits","floor":22,"damage_taken":0},{"event_name":"Fountain of Cleansing","player_choice":"Removed Curse","floor":28,"damage_taken":0},{"event_name":"Falling","player_choice":"Removed Attack","floor":36,"damage_taken":0}],"is_beta":true,"boss_relics":[{"not_picked":["Orrery","Busted Crown"],"picked":"Cursed Key"},{"not_picked":["Velvet Choker","Nuclear Battery"],"picked":"Fusion Hammer"}],"items_purged_floors":[38],"is_endless":false,"potions_floor_spawned":[3,6,10,14,18,22,30,31,33,42,44,47],"ascension_level":0}