{"gold_per_floor":[118,118,185,201,226,226,401,15,15,67,95,130,142,193,205,346,358,390,427,35,35],"floor_reached":21,"playtime":2988,"items_purged":[],"score":227,"play_id":"fa82ea1b-379a-488a-9d62-ec13db8d8cc3","local_time":"20190404153102","is_ascension_mode":true,"campfire_choices":[{"data":"Dark Embrace","floor":6,"key":"SMITH"},{"floor":15,"key":"REST"}],"neow_cost":"NONE","seed_source_timestamp":1282029180932172,"circlet_count":0,"master_deck":["Strike_R","Strike_R","Strike_R","Strike_R","Strike_R","Defend_R","Defend_R","Defend_R","Defend_R","Bash","Dark Embrace+1","Wild Strike","Injury","Body Slam","Reckless Charge","Doubt","Corruption","Havoc","Rage","Feel No Pain","Shrug It Off","Flame Barrier","Havoc","Dark Embrace","Anger","Headbutt","Infernal Blade","Barricade","Fire Breathing","Sentinel","Pommel Strike","Impervious"],"relics":["Burning Blood","Golden Idol","Medical Kit","MawBank","Letter Opener","Strawberry","Orrery","Shuriken"],"potions_floor_usage":[14,21],"damage_taken":[{"damage":4,"enemies":"Small Slimes","floor":1,"turns":5},{"damage":7,"enemies":"Jaw Worm","floor":4,"turns":4},{"damage":4,"enemies":"2 Louse","floor":5,"turns":3},{"damage":57,"enemies":"Lagavulin","floor":10,"turns":9},{"damage":23,"enemies":"Large Slime","floor":11,"turns":7},{"damage":3,"enemies":"Looter","floor":12,"turns":4},{"damage":10,"enemies":"3 Sentries","floor":14,"turns":6},{"damage":56,"enemies":"Hexaghost","floor":16,"turns":11},{"damage":16,"enemies":"3 Byrds","floor":18,"turns":3},{"damage":74,"enemies":"Spheric Guardian","floor":19,"turns":10},{"damage":10,"enemies":"Shelled Parasite and Fungi","floor":21,"turns":2}],"seed_played":"919854790198875980","potions_obtained":[{"floor":10,"key":"FearPotion"},{"floor":12,"key":"SkillPotion"},{"floor":14,"key":"Dexterity Potion"},{"floor":16,"key":"EssenceOfSteel"}],"is_trial":false,"path_per_floor":["M","?","?","M","M","R","?","$","T","E","M","M","?","E","R","B",null,"M","M","$","M"],"character_chosen":"IRONCLAD","items_purchased":["Corruption","Medical Kit","Havoc","Rage","Shuriken","Impervious"],"campfire_rested":1,"item_purchase_floors":[8,8,8,8,20,20],"current_hp_per_floor":[80,80,80,79,80,80,80,80,80,29,12,15,41,44,70,20,87,77,9,9,0],"gold":35,"neow_bonus":"ONE_RANDOM_RARE_CARD","is_prod":false,"is_daily":false,"chose_seed":false,"campfire_upgraded":1,"win_rate":0,"timestamp":1554388262,"path_taken":["M","?","?","M","M","R","?","$","T","E","M","M","?","E","R","BOSS","M","M","$","M"],"build_version":"2019-01-23","purchased_purges":0,"victory":false,"max_hp_per_floor":[80,80,80,80,80,80,80,80,80,80,80,80,80,87,87,87,87,87,87,87,87],"card_choices":[{"not_picked":["True Grit","Pommel Strike"],"picked":"Wild Strike","floor":1},{"not_picked":["Heavy Blade","Sword Boomerang"],"picked":"Body Slam","floor":4},{"not_picked":["Body Slam","Thunderclap"],"picked":"Reckless Charge","floor":5},{"not_picked":["Pommel Strike","Shockwave"],"picked":"Feel No Pain","floor":10},{"not_picked":["Pommel Strike","Headbutt"],"picked":"Shrug It Off","floor":11},{"not_picked":["Headbutt","Body Slam"],"picked":"Flame Barrier","floor":12},{"not_picked":["Offering","Clash"],"picked":"Havoc","floor":14},{"not_picked":["Double Tap","Limit Break"],"picked":"Dark Embrace","floor":16},{"not_picked":["Combust","Clothesline"],"picked":"Anger","floor":17},{"not_picked":["Sword Boomerang","Perfected Strike"],"picked":"Headbutt","floor":17},{"not_picked":["Perfected Strike","Anger"],"picked":"Infernal Blade","floor":17},{"not_picked":["Shrug It Off","Thunderclap"],"picked":"Barricade","floor":17},{"not_picked":["Shrug It Off","Inflame"],"picked":"Fire Breathing","floor":17},{"not_picked":["Infernal Blade","Heavy Blade"],"picked":"Sentinel","floor":18},{"not_picked":["Second Wind","Anger"],"picked":"Pommel Strike","floor":19}],"player_experience":306297,"relics_obtained":[{"floor":9,"key":"MawBank"},{"floor":10,"key":"Letter Opener"},{"floor":14,"key":"Strawberry"}],"event_choices":[{"damage_healed":0,"gold_gain":0,"player_choice":"Take Wound","damage_taken":0,"relics_obtained":["Golden Idol"],"max_hp_gain":0,"max_hp_loss":0,"event_name":"Golden Idol","floor":2,"gold_loss":0,"cards_obtained":["Injury"]},{"damage_healed":0,"gold_gain":67,"player_choice":"Gained Gold","damage_taken":0,"max_hp_gain":0,"max_hp_loss":0,"event_name":"Golden Wing","floor":3,"gold_loss":0},{"damage_healed":0,"gold_gain":175,"player_choice":"AGREE","damage_taken":0,"max_hp_gain":0,"max_hp_loss":0,"event_name":"Liars Game","floor":7,"gold_loss":0,"cards_obtained":["Doubt"]},{"damage_healed":26,"gold_gain":0,"player_choice":"Banana","damage_taken":0,"max_hp_gain":0,"max_hp_loss":0,"event_name":"Big Fish","floor":13,"gold_loss":0}],"is_beta":false,"boss_relics":[{"not_picked":["Coffee Dripper","Velvet Choker"],"picked":"Orrery"}],"items_purged_floors":[],"is_endless":false,"potions_floor_spawned":[10,12,14,16],"killed_by":"Shelled Parasite and Fungi","ascension_level":4}