{"gold_per_floor":[113,39,39,49,66,66,96,124,124,124],"floor_reached":10,"playtime":569,"items_purged":[],"score":79,"play_id":"b6ec7864-ff03-4abf-8953-722a47b05ee1","local_time":"20190108120456","is_ascension_mode":true,"campfire_choices":[{"data":"Bash","floor":6,"key":"SMITH"}],"neow_cost":"TEN_PERCENT_HP_LOSS","seed_source_timestamp":589232552992140,"circlet_count":0,"master_deck":["Strike_R","Strike_R","Strike_R","Strike_R","Strike_R","Defend_R","Defend_R","Defend_R","Defend_R","Bash+1","Shrug It Off","Dropkick","Inflame","Limit Break"],"relics":["Burning Blood","Champion Belt","Odd Mushroom","Meat on the Bone","Strawberry"],"potions_floor_usage":[],"damage_taken":[{"damage":12,"enemies":"Jaw Worm","floor":1,"turns":3},{"damage":4,"enemies":"Small Slimes","floor":4,"turns":3},{"damage":0,"enemies":"2 Louse","floor":5,"turns":3},{"damage":36,"enemies":"The Mushroom Lair","floor":7,"turns":6},{"damage":44,"enemies":"3 Sentries","floor":8,"turns":10},{"damage":15,"enemies":"Exordium Wildlife","floor":10,"turns":4}],"seed_played":"-7067424087529378358","potions_obtained":[{"floor":1,"key":"Energy Potion"},{"floor":4,"key":"Weak Potion"},{"floor":8,"key":"SpeedPotion"}],"is_trial":false,"path_per_floor":["M","$","?","M","M","R","?","E","T","M"],"character_chosen":"IRONCLAD","items_purchased":["Dropkick"],"campfire_rested":0,"item_purchase_floors":[2],"current_hp_per_floor":[66,66,71,73,77,77,47,9,16,1],"gold":124,"neow_bonus":"ONE_RARE_RELIC","is_prod":false,"is_daily":false,"chose_seed":false,"campfire_upgraded":1,"win_rate":0,"timestamp":1546977896,"path_taken":["M","$","?","M","M","R","?","E","T","M"],"build_version":"2019-01-03v4","purchased_purges":0,"victory":false,"max_hp_per_floor":[72,72,77,77,77,77,77,77,84,84],"card_choices":[{"not_picked":["Body Slam","Sword Boomerang"],"picked":"Shrug It Off","floor":1},{"not_picked":["Shrug It Off","Thunderclap"],"picked":"Inflame","floor":4},{"not_picked":["Twin Strike","Blood for Blood","Dual Wield"],"picked":"SKIP","floor":5},{"not_picked":["Havoc","Perfected Strike"],"picked":"Limit Break","floor":8}],"player_experience":173774,"relics_obtained":[{"floor":7,"key":"Odd Mushroom"},{"floor":8,"key":"Meat on the Bone"},{"floor":9,"key":"Strawberry"}],"event_choices":[{"damage_healed":0,"gold_gain":0,"player_choice":"Donut","damage_taken":0,"max_hp_gain":5,"max_hp_loss":0,"event_name":"Big Fish","floor":3,"gold_loss":0},{"damage_healed":0,"gold_gain":0,"player_choice":"Fought Mushrooms","damage_taken":0,"max_hp_gain":0,"max_hp_loss":0,"event_name":"Mushrooms","floor":7,"gold_loss":0}],"is_beta":false,"boss_relics":[],"items_purged_floors":[],"is_endless":false,"potions_floor_spawned":[1,4,8],"killed_by":"Exordium Wildlife","ascension_level":4}