{"gold_per_floor":[10,21,39,52,52,52,65,94,142,142,142,152,169,26,26,124,124,140,160,176,187,187],"floor_reached":22,"playtime":1742,"items_purged":[],"score":230,"play_id":"bf2c015f-96ce-4385-b8d8-78697f84179b","local_time":"20190318212512","is_ascension_mode":true,"campfire_choices":[{"data":"Noxious Fumes","floor":6,"key":"SMITH"},{"floor":11,"key":"REST"},{"floor":15,"key":"REST"}],"neow_cost":"NO_GOLD","seed_source_timestamp":250884066952984,"circlet_count":0,"master_deck":["Defend_G","Defend_G","Defend_G","Defend_G","Defend_G","Strike_G","Strike_G","Strike_G","Survivor","Neutralize","Burst","Cloak And Dagger","Noxious Fumes+1","Bouncing Flask","Noxious Fumes","Eviscerate","Poisoned Stab","Die Die Die","Blur","Well Laid Plans"],"relics":["Ring of the Snake","Paper Crane","Smiling Mask","Art of War","Snecko Eye"],"potions_floor_usage":[19,19],"damage_taken":[{"damage":0,"enemies":"2 Louse","floor":1,"turns":3},{"damage":0,"enemies":"Small Slimes","floor":2,"turns":5},{"damage":0,"enemies":"Cultist","floor":3,"turns":5},{"damage":9,"enemies":"Large Slime","floor":4,"turns":9},{"damage":4,"enemies":"Looter","floor":7,"turns":5},{"damage":28,"enemies":"Lagavulin","floor":8,"turns":7},{"damage":3,"enemies":"Blue Slaver","floor":12,"turns":4},{"damage":3,"enemies":"Red Slaver","floor":13,"turns":5},{"damage":41,"enemies":"Hexaghost","floor":16,"turns":8},{"damage":0,"enemies":"Shell Parasite","floor":18,"turns":4},{"damage":0,"enemies":"3 Byrds","floor":19,"turns":3},{"damage":3,"enemies":"Shelled Parasite and Fungi","floor":20,"turns":6},{"damage":39,"enemies":"Centurion and Healer","floor":21,"turns":8},{"damage":36,"enemies":"3 Cultists","floor":22,"turns":4}],"seed_played":"7891058320466177727","potions_obtained":[{"floor":4,"key":"Ancient Potion"},{"floor":8,"key":"AttackPotion"},{"floor":12,"key":"AttackPotion"},{"floor":20,"key":"Weak Potion"}],"is_trial":false,"path_per_floor":["?","?","M"],"character_chosen":"THE_SILENT","items_purchased":["Art of War"],"campfire_rested":2,"item_purchase_floors":[14],"current_hp_per_floor":[70,70,70,61,54,54,50,22,22,22,43,40,37,37,58,17,70,70,70,67,28,0],"gold":187,"neow_bonus":"THREE_RARE_CARDS","is_prod":false,"is_daily":false,"chose_seed":false,"campfire_upgraded":1,"win_rate":0,"timestamp":1552958712,"path_taken":["M","M","M","M","?","R","M","E","T","?","R","M","M","$","R","BOSS","M","M","?","M","M"],"build_version":"2019-01-23","purchased_purges":0,"victory":false,"max_hp_per_floor":[70,70,70,70,70,70,70,70,70,70,70,70,70,70,70,70,70,70,70,70,70,70],"card_choices":[{"not_picked":["Tools of the Trade","Night Terror"],"picked":"Burst","floor":0},{"not_picked":["Blade Dance","Prepared"],"picked":"Cloak And Dagger","floor":1},{"not_picked":["Predator","Poisoned Stab"],"picked":"Noxious Fumes","floor":2},{"not_picked":["Deadly Poison","Blade Dance"],"picked":"Bouncing Flask","floor":3},{"not_picked":["Outmaneuver","Flying Knee","Reflex"],"picked":"SKIP","floor":4},{"not_picked":["Skewer","Flying Knee","Wraith Form v2"],"picked":"SKIP","floor":7},{"not_picked":["Sucker Punch","A Thousand Cuts"],"picked":"Noxious Fumes","floor":8},{"not_picked":["Calculated Gamble","Terror","PiercingWail"],"picked":"SKIP","floor":12},{"not_picked":["Acrobatics","Prepared"],"picked":"Poisoned Stab","floor":13},{"not_picked":["Envenom","Burst"],"picked":"Die Die Die","floor":16},{"not_picked":["Deadly Poison","Dodge and Roll"],"picked":"Blur","floor":18},{"not_picked":["Acrobatics","Finisher","Slice+1"],"picked":"SKIP","floor":19},{"not_picked":["Reflex","Deadly Poison"],"picked":"Well Laid Plans","floor":20},{"not_picked":["Flying Knee+1","Accuracy+1","Slice"],"picked":"SKIP","floor":21}],"player_experience":772441,"relics_obtained":[{"floor":8,"key":"Paper Crane"},{"floor":9,"key":"Smiling Mask"}],"event_choices":[{"cards_removed":["Strike_G"],"damage_healed":0,"gold_gain":0,"player_choice":"Card Removal","damage_taken":7,"max_hp_gain":0,"max_hp_loss":0,"event_name":"Golden Wing","floor":5,"gold_loss":0},{"damage_healed":0,"gold_gain":0,"cards_transformed":["Strike_G"],"player_choice":"Transformed","damage_taken":0,"max_hp_gain":0,"max_hp_loss":0,"event_name":"Transmorgrifier","floor":10,"gold_loss":0,"cards_obtained":["Eviscerate"]}],"is_beta":false,"boss_relics":[{"not_picked":["Sozu","WristBlade"],"picked":"Snecko Eye"}],"items_purged_floors":[],"is_endless":false,"potions_floor_spawned":[4,8,12,20],"killed_by":"3 Cultists","ascension_level":4}