{"gold_per_floor":[109,109,109,34,48,83,83,94,119,132,164,164,180,180,180,275,275,289,303,319,319],"floor_reached":21,"playtime":1068,"items_purged":["Strike_B"],"score":191,"play_id":"1fc22937-4ff4-444e-a08c-bebddc6d2580","local_time":"20190218233952","is_ascension_mode":false,"campfire_choices":[{"data":"Zap","floor":7,"key":"SMITH"},{"floor":12,"key":"REST"},{"floor":15,"key":"REST"}],"neow_cost":"NONE","seed_source_timestamp":429303267223143,"circlet_count":0,"master_deck":["Strike_B+1","Strike_B","Strike_B+1","Defend_B+1","Defend_B","Defend_B","Zap+1","Capacitor","Consume","Ball Lightning+1"],"relics":["Cracked Core","Bronze Scales","Vajra","Potion Belt","Whetstone","Nuclear Battery"],"potions_floor_usage":[11,11,20],"damage_taken":[{"damage":0,"enemies":"Small Slimes","floor":1,"turns":3},{"damage":0,"enemies":"Jaw Worm","floor":5,"turns":4},{"damage":31,"enemies":"Gremlin Nob","floor":6,"turns":5},{"damage":0,"enemies":"Cultist","floor":8,"turns":3},{"damage":9,"enemies":"Large Slime","floor":10,"turns":5},{"damage":17,"enemies":"3 Sentries","floor":11,"turns":5},{"damage":6,"enemies":"3 Louse","floor":13,"turns":2},{"damage":47,"enemies":"Hexaghost","floor":16,"turns":9},{"damage":14,"enemies":"Spheric Guardian","floor":18,"turns":4},{"damage":10,"enemies":"3 Byrds","floor":19,"turns":3},{"damage":24,"enemies":"Snake Plant","floor":20,"turns":4},{"damage":42,"enemies":"Cultist and Chosen","floor":21,"turns":5}],"seed_played":"2313539697836728242","potions_obtained":[{"floor":6,"key":"Fire Potion"},{"floor":10,"key":"EssenceOfSteel"},{"floor":16,"key":"SteroidPotion"},{"floor":19,"key":"Regen Potion"}],"is_trial":false,"path_per_floor":["?","?","?","M"],"character_chosen":"DEFECT","items_purchased":[],"campfire_rested":2,"item_purchase_floors":[],"current_hp_per_floor":[75,75,68,68,68,37,37,37,37,28,11,33,27,27,49,2,75,61,51,39,0],"gold":319,"neow_bonus":"RANDOM_COMMON_RELIC","is_prod":false,"is_daily":false,"chose_seed":false,"campfire_upgraded":1,"win_rate":0,"timestamp":1550551192,"path_taken":["M","?","?","$","M","E","R","M","T","M","E","R","M","?","R","BOSS","M","?","M","M"],"build_version":"2019-01-23","purchased_purges":1,"victory":false,"max_hp_per_floor":[75,75,75,75,75,75,75,75,75,75,75,75,75,75,75,75,75,75,75,75,75],"card_choices":[{"not_picked":["Gash","Steam","Leap"],"picked":"SKIP","floor":1},{"not_picked":["Turbo","Leap"],"picked":"Capacitor","floor":5},{"not_picked":["Undo","Stack","Steam"],"picked":"SKIP","floor":6},{"not_picked":["Rebound","Steam Power","Gash"],"picked":"SKIP","floor":8},{"not_picked":["Creative AI","Gash","Steam Power"],"picked":"SKIP","floor":10},{"not_picked":["Scrape","Compile Driver","Reinforced Body"],"picked":"SKIP","floor":11},{"not_picked":["Stack","Go for the Eyes","Compile Driver"],"picked":"SKIP","floor":13},{"not_picked":["Melter+1","Streamline"],"picked":"Consume","floor":18},{"not_picked":["Go for the Eyes","Undo","Redo"],"picked":"SKIP","floor":19},{"not_picked":["Conserve Battery","Steam"],"picked":"Ball Lightning+1","floor":20}],"player_experience":531661,"relics_obtained":[{"floor":6,"key":"Vajra"},{"floor":9,"key":"Potion Belt"},{"floor":11,"key":"Whetstone"}],"event_choices":[{"cards_removed":["Dualcast"],"damage_healed":0,"gold_gain":0,"player_choice":"Forget","damage_taken":0,"max_hp_gain":0,"max_hp_loss":0,"event_name":"Living Wall","floor":2,"gold_loss":0},{"cards_removed":["Defend_B"],"damage_healed":0,"gold_gain":0,"player_choice":"Card Removal","damage_taken":7,"max_hp_gain":0,"max_hp_loss":0,"event_name":"Golden Wing","floor":3,"gold_loss":0},{"damage_healed":0,"gold_gain":0,"player_choice":"Upgraded","damage_taken":0,"max_hp_gain":0,"max_hp_loss":0,"event_name":"Upgrade Shrine","floor":14,"gold_loss":0,"cards_upgraded":["Defend_B"]}],"is_beta":false,"boss_relics":[{"not_picked":["Eternal Feather","Velvet Choker"],"picked":"Nuclear Battery"}],"items_purged_floors":[4],"is_endless":false,"potions_floor_spawned":[6,10,16,19],"killed_by":"Cultist and Chosen","ascension_level":0}