{"gold_per_floor":[110,120,9,23,37,57,68,94,119,119],"floor_reached":10,"playtime":728,"items_purged":["Bash"],"score":119,"play_id":"a73c75a9-517a-40cf-b84c-38eaa71d0dfc","local_time":"20190320155219","is_ascension_mode":true,"campfire_choices":[],"neow_cost":"NONE","seed_source_timestamp":404725948640716,"circlet_count":0,"master_deck":["Strike_R","Strike_R","Strike_R","Strike_R","Defend_R","Defend_R","Defend_R","Defend_R","Clothesline","Burning Pact","Feel No Pain","Clothesline","Shrug It Off","Uppercut","Dropkick"],"relics":["Burning Blood","Mango","Smiling Mask"],"potions_floor_usage":[6],"damage_taken":[{"damage":1,"enemies":"Cultist","floor":1,"turns":3},{"damage":4,"enemies":"2 Louse","floor":2,"turns":3},{"damage":4,"enemies":"Jaw Worm","floor":4,"turns":6},{"damage":10,"enemies":"Blue Slaver","floor":5,"turns":4},{"damage":22,"enemies":"3 Louse","floor":6,"turns":7},{"damage":2,"enemies":"Exordium Wildlife","floor":7,"turns":3},{"damage":21,"enemies":"3 Sentries","floor":8,"turns":14},{"damage":75,"enemies":"Lagavulin","floor":10,"turns":11}],"seed_played":"-441081276623639399","potions_obtained":[{"floor":4,"key":"SpeedPotion"},{"floor":5,"key":"Swift Potion"},{"floor":6,"key":"Fruit Juice"}],"is_trial":false,"path_per_floor":["M"],"character_chosen":"IRONCLAD","items_purchased":["Feel No Pain"],"campfire_rested":0,"item_purchase_floors":[3],"current_hp_per_floor":[77,79,79,80,76,65,69,68,68,0],"gold":119,"neow_bonus":"REMOVE_CARD","is_prod":false,"is_daily":false,"chose_seed":false,"campfire_upgraded":0,"win_rate":0,"timestamp":1553111539,"path_taken":["M","M","$","M","?","M","M","E","T","E"],"build_version":"2019-01-23","purchased_purges":1,"victory":false,"max_hp_per_floor":[80,80,80,80,80,85,85,99,99,99],"card_choices":[{"not_picked":["Searing Blow","Sever Soul"],"picked":"Clothesline","floor":1},{"not_picked":["Whirlwind","Seeing Red"],"picked":"Burning Pact","floor":2},{"not_picked":["Reckless Charge","Wild Strike"],"picked":"Clothesline","floor":4},{"not_picked":["Clash","Perfected Strike"],"picked":"Shrug It Off","floor":5},{"not_picked":["Dual Wield","Battle Trance"],"picked":"Uppercut","floor":6},{"not_picked":["Combust","Cleave","Pommel Strike"],"picked":"SKIP","floor":7},{"not_picked":["Cleave","Havoc"],"picked":"Dropkick","floor":8}],"player_experience":839594,"relics_obtained":[{"floor":8,"key":"Mango"},{"floor":9,"key":"Smiling Mask"}],"event_choices":[],"is_beta":false,"boss_relics":[],"items_purged_floors":[3],"is_endless":false,"potions_floor_spawned":[4,5,6],"killed_by":"Lagavulin","ascension_level":6}