{"gold_per_floor":[116,116,135,149,224,224,251,251,302,332,347,272,290,150,150,222,222,236,255,255],"floor_reached":20,"playtime":797,"items_purged":["Strike_G"],"score":339,"play_id":"16e7aa99-847d-4372-9267-0993e3a9fbff","local_time":"20190409160638","is_ascension_mode":true,"campfire_choices":[{"data":"Neutralize","floor":6.0,"key":"SMITH"},{"data":"Cloak And Dagger","floor":8.0,"key":"SMITH"},{"data":"Caltrops","floor":15.0,"key":"SMITH"}],"neow_cost":"NONE","seed_source_timestamp":86449904883600,"circlet_count":0,"master_deck":["AscendersBane","Defend_G","Defend_G","Defend_G","Defend_G","Defend_G","Strike_G","Strike_G","Strike_G","Strike_G","Survivor","Neutralize+1","Dagger Spray","Escape Plan","Dodge and Roll","Cloak And Dagger+1","Blur","Caltrops+1","Backflip","Malaise","Sucker Punch+1","Deadly Poison"],"special_seed":0,"relics":["Ring of the Snake","Potion Belt","Ornamental Fan","Juzu Bracelet","Question Card","Black Star"],"potions_floor_usage":[20],"damage_taken":[{"damage":4.0,"enemies":"Jaw Worm","floor":1.0,"turns":6.0},{"damage":5.0,"enemies":"2 Louse","floor":3.0,"turns":3.0},{"damage":1.0,"enemies":"Cultist","floor":4.0,"turns":4.0},{"damage":25.0,"enemies":"3 Sentries","floor":7.0,"turns":12.0},{"damage":0.0,"enemies":"Looter","floor":11.0,"turns":3.0},{"damage":0.0,"enemies":"Red Slaver","floor":13.0,"turns":5.0},{"damage":14.0,"enemies":"The Guardian","floor":16.0,"turns":17.0},{"damage":2.0,"enemies":"3 Byrds","floor":18.0,"turns":3.0},{"damage":17.0,"enemies":"Spheric Guardian","floor":19.0,"turns":8.0},{"damage":51,"enemies":"3 Cultists","floor":20,"turns":5}],"seed_played":"7547322126522150506","potions_obtained":[{"floor":0.0,"key":"Regen Potion"},{"floor":0.0,"key":"Regen Potion"},{"floor":0.0,"key":"Explosive Potion"},{"floor":4.0,"key":"AttackPotion"},{"floor":13.0,"key":"GhostInAJar"}],"is_trial":false,"path_per_floor":["M","?","M","M","?","R","E","R","T","?","M","$","M","$","R","B",null,"M","M","M"],"character_chosen":"THE_SILENT","items_purchased":["Caltrops","Backflip"],"campfire_rested":0,"item_purchase_floors":[14,14],"current_hp_per_floor":[55,50,45,44,33,33,23,23,23,23,23,23,23,23,23,9,52,50,33,0],"gold":255,"neow_bonus":"THREE_SMALL_POTIONS","is_prod":false,"is_daily":false,"chose_seed":false,"campfire_upgraded":3,"win_rate":0,"timestamp":1554851198,"path_taken":["M","?","M","M","?","R","E","R","T","?","M","?","M","$","R","BOSS","M","M","M"],"build_version":"2019-01-23","purchased_purges":1,"victory":false,"max_hp_per_floor":[66,66,66,66,66,66,66,66,66,66,66,66,66,66,66,66,66,66,66,66],"card_choices":[{"not_picked":["Underhanded Strike","Dagger Spray","Concentrate"],"picked":"SKIP","floor":1.0},{"not_picked":["Underhanded Strike","Concentrate"],"picked":"Dagger Spray","floor":1.0},{"not_picked":["Blade Dance","Dagger Spray"],"picked":"Escape Plan","floor":3.0},{"not_picked":["Prepared","Bane"],"picked":"Dodge and Roll","floor":4.0},{"not_picked":["Dodge and Roll","Bane"],"picked":"Cloak And Dagger","floor":7.0},{"not_picked":["Phantasmal Killer","Underhanded Strike","Outmaneuver","Blade Dance"],"picked":"SKIP","floor":11.0},{"not_picked":["Tactician","Poisoned Stab","Dodge and Roll"],"picked":"Blur","floor":13.0},{"not_picked":["Unload","Night Terror","Die Die Die"],"picked":"Malaise","floor":16.0},{"not_picked":["Dodge and Roll","Backstab","Underhanded Strike"],"picked":"Sucker Punch+1","floor":18.0},{"not_picked":["Prepared","Sucker Punch","Blade Dance"],"picked":"Deadly Poison","floor":19.0}],"player_experience":504953,"relics_obtained":[{"floor":7.0,"key":"Ornamental Fan"},{"floor":9.0,"key":"Juzu Bracelet"}],"event_choices":[{"damage_healed":0.0,"max_hp_gain":0.0,"max_hp_loss":0.0,"gold_gain":0.0,"event_name":"Scrap Ooze","player_choice":"Success","floor":2.0,"gold_loss":0.0,"damage_taken":5.0,"relics_obtained":["Potion Belt"]},{"damage_healed":0.0,"max_hp_gain":0.0,"max_hp_loss":0.0,"gold_gain":75.0,"event_name":"World of Goop","player_choice":"Gather Gold","floor":5.0,"gold_loss":0.0,"damage_taken":11.0},{"damage_healed":0.0,"max_hp_gain":0.0,"max_hp_loss":0.0,"gold_gain":30.0,"event_name":"Dead Adventurer","player_choice":"Searched \u00272\u0027 times","floor":10.0,"gold_loss":0.0,"damage_taken":0.0,"relics_obtained":["Question Card"]}],"is_beta":false,"boss_relics":[{"not_picked":["Calling Bell","Lizard Tail"],"picked":"Black Star"}],"items_purged_floors":[12],"is_endless":false,"potions_floor_spawned":[4,13],"killed_by":"3 Cultists","ascension_level":19}