{"gold_per_floor":[112,129,129,147,147,176,176,21,21,35,51,51,51,82,82,159,159,111,26,37,56,56,81,81,111,181,181,234,234],"floor_reached":29,"playtime":1617,"items_purged":["Strike_G"],"score":501,"play_id":"1eb47494-7e69-42ab-ac40-288a75933b0f","local_time":"20190405214116","is_ascension_mode":true,"campfire_choices":[{"floor":7,"key":"REST"},{"data":"Strike_G","floor":13,"key":"PURGE"},{"data":"Noxious Fumes","floor":15,"key":"SMITH"},{"data":"Noxious Fumes","floor":24,"key":"SMITH"},{"data":"Neutralize","floor":27,"key":"SMITH"}],"neow_cost":"NONE","seed_source_timestamp":1807170650196015,"circlet_count":0,"master_deck":["AscendersBane","Defend_G","Defend_G","Defend_G","Defend_G","Defend_G","Strike_G","Strike_G","Survivor","Neutralize+1","Sucker Punch","Leg Sweep","Dagger Spray+1","Noxious Fumes+1","Noxious Fumes+1","Caltrops","Bullet Time","Crippling Poison","Storm of Steel","PiercingWail"],"relics":["Runic Pyramid","Peace Pipe","Tough Bandages","Pear","Coffee Dripper","Torii","Ancient Tea Set","Vajra","Pantograph","Blood Vial"],"potions_floor_usage":[10,11,23,23],"damage_taken":[{"damage":2,"enemies":"2 Louse","floor":1,"turns":4},{"damage":0,"enemies":"Jaw Worm","floor":2,"turns":5},{"damage":0,"enemies":"Small Slimes","floor":4,"turns":4},{"damage":40,"enemies":"Gremlin Nob","floor":6,"turns":5},{"damage":0,"enemies":"Blue Slaver","floor":10,"turns":5},{"damage":0,"enemies":"3 Louse","floor":11,"turns":3},{"damage":3,"enemies":"Lagavulin","floor":14,"turns":10},{"damage":29,"enemies":"Slime Boss","floor":16,"turns":11},{"damage":16,"enemies":"2 Thieves","floor":18,"turns":5},{"damage":4,"enemies":"Shell Parasite","floor":20,"turns":7},{"damage":1,"enemies":"Snecko","floor":21,"turns":7},{"damage":3,"enemies":"Book of Stabbing","floor":23,"turns":6},{"damage":32,"enemies":"Slavers","floor":25,"turns":5},{"damage":8,"enemies":"Centurion and Healer","floor":29,"turns":3}],"seed_played":"-453584070293309128","potions_obtained":[{"floor":1,"key":"Explosive Potion"},{"floor":2,"key":"Swift Potion"},{"floor":10,"key":"Poison Potion"},{"floor":14,"key":"Swift Potion"},{"floor":25,"key":"Strength Potion"}],"is_trial":false,"path_per_floor":["?","?","?","?","T"],"character_chosen":"THE_SILENT","items_purchased":["Noxious Fumes"],"campfire_rested":1,"item_purchase_floors":[8],"current_hp_per_floor":[57,57,50,50,50,10,29,29,29,29,29,29,29,36,36,7,59,43,43,39,38,38,35,35,3,3,3,3,0],"gold":234,"neow_bonus":"BOSS_RELIC","is_prod":false,"is_daily":false,"chose_seed":false,"campfire_upgraded":3,"win_rate":0,"timestamp":1554514876,"path_taken":["M","M","?","M","?","E","R","$","T","M","M","$","R","E","R","BOSS","M","?","M","M","?","E","R","E","T","R","?","M"],"build_version":"2019-01-23","purchased_purges":1,"victory":false,"max_hp_per_floor":[66,66,66,66,66,66,66,66,66,66,66,66,66,76,76,76,76,76,76,76,76,76,76,76,76,76,76,76,76],"card_choices":[{"not_picked":["Blur","Poisoned Stab"],"picked":"Sucker Punch","floor":1},{"not_picked":["Skewer","Deflect"],"picked":"Leg Sweep","floor":2},{"not_picked":["Distraction","Expertise"],"picked":"Dagger Spray","floor":4},{"not_picked":["Catalyst","Finisher","Setup"],"picked":"SKIP","floor":6},{"not_picked":["Corpse Explosion","Deflect"],"picked":"Noxious Fumes","floor":10},{"not_picked":["Sucker Punch","Bouncing Flask","Choke"],"picked":"SKIP","floor":11},{"not_picked":["Expertise","Quick Slash"],"picked":"Caltrops","floor":14},{"not_picked":["Adrenaline","Corpse Explosion"],"picked":"Bullet Time","floor":16},{"not_picked":["Sucker Punch","Dash","Bane"],"picked":"SKIP","floor":18},{"not_picked":["Poisoned Stab+1","Dagger Spray+1","Reflex+1"],"picked":"SKIP","floor":20},{"not_picked":["Sucker Punch","PiercingWail"],"picked":"Crippling Poison","floor":21},{"not_picked":["Setup","Backflip"],"picked":"Storm of Steel","floor":23},{"not_picked":["Underhanded Strike","Quick Slash"],"picked":"PiercingWail","floor":25}],"player_experience":1534876,"relics_obtained":[{"floor":6,"key":"Peace Pipe"},{"floor":9,"key":"Tough Bandages"},{"floor":14,"key":"Pear"},{"floor":23,"key":"Ancient Tea Set"},{"floor":25,"key":"Vajra"},{"floor":26,"key":"Pantograph"},{"floor":28,"key":"Blood Vial"}],"event_choices":[{"cards_removed":["Strike_G"],"damage_healed":0,"gold_gain":0,"player_choice":"Card Removal","damage_taken":7,"max_hp_gain":0,"max_hp_loss":0,"event_name":"Golden Wing","floor":3,"gold_loss":0},{"damage_healed":0,"gold_gain":0,"player_choice":"Grow","damage_taken":0,"max_hp_gain":0,"max_hp_loss":0,"event_name":"Living Wall","floor":5,"gold_loss":0,"cards_upgraded":["Dagger Spray"]},{"damage_healed":0,"gold_gain":0,"player_choice":"Obtained Relic","damage_taken":0,"relics_obtained":["Torii"],"max_hp_gain":0,"max_hp_loss":0,"event_name":"Addict","floor":19,"gold_loss":85},{"damage_healed":0,"gold_gain":0,"player_choice":"Ignored","damage_taken":0,"max_hp_gain":0,"max_hp_loss":0,"event_name":"Vampires","floor":22,"gold_loss":0}],"is_beta":false,"boss_relics":[{"not_picked":["Runic Dome","Philosopher\u0027s Stone"],"picked":"Coffee Dripper"}],"items_purged_floors":[8],"is_endless":false,"potions_floor_spawned":[1,2,10,14,21,25],"killed_by":"Centurion and Healer","ascension_level":17}