{"gold_per_floor":[115,75,91,40,40,40,56,86,113,113,126,126,126,140,140,242,242,255,255,255,126,126,126,139,139,139,170,186,213,233,39,39,39],"floor_reached":33,"playtime":1449,"items_purged":["Shame"],"score":400,"play_id":"d344bbae-f874-4875-89ed-8ca76a8ecaee","local_time":"20190129211300","is_ascension_mode":true,"campfire_choices":[{"data":"Phantasmal Killer","floor":6.0,"key":"SMITH"},{"data":"Cloak And Dagger","floor":10.0,"key":"SMITH"},{"data":"Cloak And Dagger","floor":12.0,"key":"SMITH"},{"floor":15.0,"key":"REST"},{"data":"Storm of Steel","floor":23.0,"key":"SMITH"},{"data":"Outmaneuver","floor":25.0,"key":"SMITH"},{"floor":32,"key":"REST"}],"neow_cost":"NONE","seed_source_timestamp":31257453377267,"circlet_count":0,"master_deck":["Defend_G","Defend_G+1","Defend_G","Defend_G","Defend_G","Strike_G+1","Strike_G","Strike_G","Strike_G","Survivor","Neutralize","Phantasmal Killer+1","Blur","Deflect","Quick Slash","Flechettes","Cloak And Dagger+1","Cloak And Dagger+1","Backstab","Storm of Steel+1","Cloak And Dagger","RitualDagger","Slice","Outmaneuver+1","Backstab","Terror+1","Concentrate","Backstab+1","Panache"],"special_seed":0,"relics":["Ring of the Snake","Bag of Preparation","PreservedInsect","Snecko Eye","Anchor","Ice Cream","Smiling Mask","Blue Candle"],"potions_floor_usage":[30],"damage_taken":[{"damage":0.0,"enemies":"2 Louse","floor":1.0,"turns":3.0},{"damage":1.0,"enemies":"Cultist","floor":3.0,"turns":5.0},{"damage":0.0,"enemies":"Jaw Worm","floor":7.0,"turns":4.0},{"damage":17.0,"enemies":"Gremlin Nob","floor":8.0,"turns":5.0},{"damage":0.0,"enemies":"Red Slaver","floor":11.0,"turns":3.0},{"damage":0.0,"enemies":"3 Louse","floor":14.0,"turns":3.0},{"damage":38.0,"enemies":"The Guardian","floor":16.0,"turns":20.0},{"damage":0.0,"enemies":"3 Byrds","floor":18.0,"turns":4.0},{"damage":0.0,"enemies":"Spheric Guardian","floor":24.0,"turns":2.0},{"damage":12.0,"enemies":"Slavers","floor":27.0,"turns":6.0},{"damage":15.0,"enemies":"Centurion and Healer","floor":28.0,"turns":5.0},{"damage":0.0,"enemies":"Gremlin Leader","floor":29.0,"turns":2.0},{"damage":0,"enemies":"Snake Plant","floor":30,"turns":3},{"damage":48,"enemies":"Champ","floor":33,"turns":8}],"seed_played":"7756489612241697617","potions_obtained":[{"floor":2.0,"key":"EssenceOfSteel"},{"floor":2.0,"key":"Energy Potion"},{"floor":2.0,"key":"Fire Potion"},{"floor":3.0,"key":"PowerPotion"},{"floor":5.0,"key":"GhostInAJar"},{"floor":5.0,"key":"SkillPotion"},{"floor":8.0,"key":"Swift Potion"},{"floor":27.0,"key":"PowerPotion"},{"floor":29.0,"key":"Strength Potion"}],"is_trial":false,"path_per_floor":["M","?","M","$","?","R","M","E","T","R","M","R","?","M","R","B",null,"M","?","?","$","?","R","M","R","T","E","M","E","M","$","R","B"],"character_chosen":"THE_SILENT","items_purchased":["Quick Slash","Slice","Panache"],"campfire_rested":2,"item_purchase_floors":[4,21,31],"current_hp_per_floor":[63,63,62,62,62,62,62,45,45,45,45,45,31,31,52,14,56,56,56,50,50,50,50,50,50,50,38,23,23,23,23,44,0],"gold":39,"neow_bonus":"ONE_RANDOM_RARE_CARD","is_prod":false,"is_daily":false,"chose_seed":false,"campfire_upgraded":5,"win_rate":0,"timestamp":1548821580,"path_taken":["M","?","M","?","?","R","M","E","T","R","?","R","?","M","R","BOSS","M","?","?","$","?","R","M","R","T","E","M","E","M","$","R","BOSS"],"build_version":"2019-01-23","purchased_purges":1,"victory":false,"max_hp_per_floor":[70,70,70,70,70,70,70,70,70,70,70,70,70,70,70,70,70,70,70,70,70,70,70,70,70,70,70,70,70,70,70,70,70],"card_choices":[{"not_picked":["Slice","Dagger Spray"],"picked":"Blur","floor":1.0},{"not_picked":["Backflip","Dodge and Roll"],"picked":"Deflect","floor":3.0},{"not_picked":["Prepared","Corpse Explosion"],"picked":"Flechettes","floor":7.0},{"not_picked":["Caltrops","Endless Agony"],"picked":"Cloak And Dagger","floor":8.0},{"not_picked":["Underhanded Strike","Finisher"],"picked":"Cloak And Dagger","floor":11.0},{"not_picked":["Predator","Dodge and Roll"],"picked":"Backstab","floor":14.0},{"not_picked":["Wraith Form v2","Night Terror"],"picked":"Storm of Steel","floor":16.0},{"not_picked":["Prepared","Masterful Stab"],"picked":"Cloak And Dagger","floor":18.0},{"not_picked":["Underhanded Strike","Flying Knee"],"picked":"Outmaneuver","floor":24.0},{"not_picked":["Eviscerate","Poisoned Stab"],"picked":"Backstab","floor":27.0},{"not_picked":["Sucker Punch","Underhanded Strike"],"picked":"Terror+1","floor":28.0},{"not_picked":["Flying Knee","Bane+1"],"picked":"Concentrate","floor":29.0},{"not_picked":["Dagger Spray+1","Slice"],"picked":"Backstab+1","floor":30}],"player_experience":1339956,"relics_obtained":[{"floor":8.0,"key":"Bag of Preparation"},{"floor":9.0,"key":"PreservedInsect"},{"floor":26.0,"key":"Ice Cream"},{"floor":27.0,"key":"Smiling Mask"},{"floor":29.0,"key":"Blue Candle"}],"event_choices":[{"damage_healed":0.0,"max_hp_gain":0.0,"max_hp_loss":0.0,"gold_gain":0.0,"event_name":"The Woman in Blue","player_choice":"Bought 3 Potions","floor":2.0,"gold_loss":0.0,"damage_taken":0.0},{"damage_healed":0.0,"max_hp_gain":0.0,"max_hp_loss":0.0,"gold_gain":0.0,"event_name":"Lab","player_choice":"Got Potions","floor":5.0,"gold_loss":0.0,"damage_taken":0.0},{"damage_healed":0.0,"max_hp_gain":0.0,"max_hp_loss":0.0,"gold_gain":0.0,"event_name":"Shining Light","player_choice":"Entered Light","floor":13.0,"gold_loss":0.0,"damage_taken":14.0,"cards_upgraded":["Defend_G","Strike_G"]},{"damage_healed":0.0,"max_hp_gain":0.0,"max_hp_loss":0.0,"gold_gain":0.0,"event_name":"Addict","player_choice":"Stole Relic","floor":19.0,"gold_loss":0.0,"damage_taken":0.0,"relics_obtained":["Anchor"],"cards_obtained":["Shame"]},{"damage_healed":0.0,"max_hp_gain":0.0,"max_hp_loss":0.0,"gold_gain":0.0,"event_name":"Nest","player_choice":"Joined the Cult","floor":20.0,"gold_loss":0.0,"damage_taken":6.0,"cards_obtained":["RitualDagger"]},{"cards_removed":["Strike_G"],"damage_healed":0.0,"max_hp_gain":0.0,"max_hp_loss":0.0,"gold_gain":0.0,"event_name":"Purifier","player_choice":"Purged","floor":22.0,"gold_loss":0.0,"damage_taken":0.0}],"is_beta":false,"boss_relics":[{"not_picked":["Runic Dome","Astrolabe"],"picked":"Snecko Eye"}],"items_purged_floors":[21],"is_endless":false,"potions_floor_spawned":[3,8,11,14,27,29],"killed_by":"Champ","ascension_level":6}