{"gold_per_floor":[110,129,146,224,239,267,277,306,332,344,344,360,372,388,388,489,489,503,23,37,57,73,73,73,73],"floor_reached":25,"playtime":1640,"items_purged":["Shockwave"],"score":338,"play_id":"d937289f-2743-4986-9309-8023bcfad206","local_time":"20190320140725","is_ascension_mode":true,"campfire_choices":[{"data":"Immolate","floor":11,"key":"SMITH"},{"data":"True Grit","floor":15,"key":"SMITH"},{"floor":24,"key":"REST"}],"neow_cost":"NONE","seed_source_timestamp":397519529928403,"circlet_count":0,"master_deck":["Strike_R","Strike_R","Strike_R","Strike_R","Defend_R","Defend_R","Defend_R","Defend_R","Bash","Immolate+1","Evolve","Shrug It Off","Spot Weakness","Iron Wave","Iron Wave","Evolve","Evolve","Clothesline","True Grit+1","Fiend Fire","Spot Weakness","Evolve","Reckless Charge","Fire Breathing","Corruption","Wild Strike"],"relics":["Burning Blood","Tiny Chest","Ice Cream","Blood Vial","Anchor","Black Star","Mummified Hand"],"potions_floor_usage":[5,13,13,23,25,25],"damage_taken":[{"damage":1,"enemies":"Cultist","floor":1,"turns":3},{"damage":7,"enemies":"Jaw Worm","floor":2,"turns":3},{"damage":0,"enemies":"Small Slimes","floor":3,"turns":4},{"damage":8,"enemies":"Exordium Thugs","floor":5,"turns":5},{"damage":15,"enemies":"3 Sentries","floor":6,"turns":3},{"damage":7,"enemies":"Large Slime","floor":7,"turns":5},{"damage":12,"enemies":"Lagavulin","floor":8,"turns":7},{"damage":1,"enemies":"Gremlin Gang","floor":10,"turns":5},{"damage":0,"enemies":"3 Louse","floor":12,"turns":1},{"damage":10,"enemies":"Exordium Thugs","floor":13,"turns":7},{"damage":0,"enemies":"Large Slime","floor":14,"turns":5},{"damage":18,"enemies":"Slime Boss","floor":16,"turns":12},{"damage":0,"enemies":"Chosen","floor":18,"turns":5},{"damage":21,"enemies":"2 Thieves","floor":20,"turns":4},{"damage":17,"enemies":"Centurion and Healer","floor":21,"turns":5},{"damage":38,"enemies":"Snecko","floor":22,"turns":5},{"damage":21,"enemies":"Gremlin Leader","floor":23,"turns":7},{"damage":41,"enemies":"Book of Stabbing","floor":25,"turns":5}],"seed_played":"1048621256699385733","potions_obtained":[{"floor":1,"key":"Weak Potion"},{"floor":3,"key":"SmokeBomb"},{"floor":5,"key":"SkillPotion"},{"floor":10,"key":"SteroidPotion"},{"floor":14,"key":"SteroidPotion"},{"floor":16,"key":"LiquidBronze"}],"is_trial":false,"path_per_floor":["T","M"],"character_chosen":"IRONCLAD","items_purchased":["Mummified Hand","Evolve","Reckless Charge"],"campfire_rested":1,"item_purchase_floors":[19,19,19],"current_hp_per_floor":[77,76,80,80,78,69,68,62,62,69,69,77,75,80,80,68,77,80,80,65,56,26,13,37,0],"gold":73,"neow_bonus":"TRANSFORM_CARD","is_prod":false,"is_daily":false,"chose_seed":false,"campfire_upgraded":2,"win_rate":0,"timestamp":1553105245,"path_taken":["M","M","M","?","M","E","?","E","T","M","R","M","M","M","R","BOSS","M","$","M","M","M","E","R","E"],"build_version":"2019-01-23","purchased_purges":1,"victory":false,"max_hp_per_floor":[80,80,80,80,80,80,80,80,80,80,80,80,80,80,80,80,80,80,80,80,80,80,80,80,80],"card_choices":[{"not_picked":["Intimidate","Armaments"],"picked":"Evolve","floor":1},{"not_picked":["Evolve","Second Wind"],"picked":"Shrug It Off","floor":2},{"not_picked":["Flex","Ghostly Armor"],"picked":"Spot Weakness","floor":3},{"not_picked":["Whirlwind","Body Slam","Havoc"],"picked":"SKIP","floor":5},{"not_picked":["Cleave","Entrench"],"picked":"Iron Wave","floor":6},{"not_picked":["Wild Strike","Heavy Blade"],"picked":"Iron Wave","floor":7},{"not_picked":["Power Through","Dropkick"],"picked":"Shockwave","floor":8},{"not_picked":["Perfected Strike","Second Wind"],"picked":"Evolve","floor":10},{"not_picked":["Heavy Blade","Dark Embrace"],"picked":"Evolve","floor":12},{"not_picked":["Flex","True Grit"],"picked":"Clothesline","floor":13},{"not_picked":["Heavy Blade","Pommel Strike"],"picked":"True Grit","floor":14},{"not_picked":["Juggernaut","Brutality"],"picked":"Fiend Fire","floor":16},{"not_picked":["Searing Blow+1","Heavy Blade"],"picked":"Spot Weakness","floor":18},{"not_picked":["Clash","Perfected Strike"],"picked":"Fire Breathing","floor":20},{"not_picked":["Wild Strike","Havoc"],"picked":"Corruption","floor":21},{"not_picked":["Havoc","Barricade"],"picked":"Wild Strike","floor":22}],"player_experience":832466,"relics_obtained":[{"floor":4,"key":"Tiny Chest"},{"floor":6,"key":"Ice Cream"},{"floor":8,"key":"Blood Vial"},{"floor":9,"key":"Anchor"}],"event_choices":[],"is_beta":false,"boss_relics":[{"not_picked":["Tiny House","Astrolabe"],"picked":"Black Star"}],"items_purged_floors":[19],"is_endless":false,"potions_floor_spawned":[1,3,5,10,14,16,20,23],"killed_by":"Book of Stabbing","ascension_level":6}