{"gold_per_floor":[13,13,288,303,75,75,107,107,137,196,213,238,250,261,261,338,338,356,235,235,250,266,266,301,301,301,314,314,229,229,229,229,229],"floor_reached":33,"playtime":1084,"items_purged":["Regret"],"score":517,"play_id":"2802f46b-e86b-4c61-861b-bfc4f0502f3f","local_time":"20190130104544","is_ascension_mode":true,"campfire_choices":[{"data":"Secret Technique","floor":6.0,"key":"SMITH"},{"data":"Perfected Strike","floor":8.0,"key":"SMITH"},{"floor":15.0,"key":"REST"},{"floor":23,"key":"REST"},{"floor":25,"key":"REST"},{"floor":32,"key":"REST"}],"neow_cost":"NO_GOLD","seed_source_timestamp":80412055495728,"circlet_count":0,"master_deck":["AscendersBane","Strike_R","Strike_R","Strike_R","Strike_R","Strike_R","Defend_R","Defend_R","Defend_R","Defend_R","Bash","Master of Strategy","Secret Technique+1","Twin Strike","Twin Strike+1","Perfected Strike+1","Shrug It Off","Twin Strike","Uppercut+1","Ghostly Armor","Pommel Strike","Impervious","Blood for Blood+1","Reckless Charge","True Grit","RitualDagger","Twin Strike","Wild Strike","Disarm","Flex+1"],"special_seed":0,"relics":["Burning Blood","PreservedInsect","Matryoshka","Tiny Chest","Pantograph","Juzu Bracelet","Dodecahedron","Sozu","Lantern","Bronze Scales","Whetstone","Gambling Chip"],"potions_floor_usage":[24],"damage_taken":[{"damage":1.0,"enemies":"Cultist","floor":1.0,"turns":4.0},{"damage":6.0,"enemies":"2 Louse","floor":4.0,"turns":3.0},{"damage":25.0,"enemies":"Lagavulin","floor":7.0,"turns":5.0},{"damage":32.0,"enemies":"Lagavulin Event","floor":10.0,"turns":4.0},{"damage":1.0,"enemies":"Small Slimes","floor":11.0,"turns":3.0},{"damage":0.0,"enemies":"Gremlin Nob","floor":12.0,"turns":2.0},{"damage":6.0,"enemies":"Looter","floor":13.0,"turns":2.0},{"damage":2.0,"enemies":"Gremlin Gang","floor":14.0,"turns":6.0},{"damage":59.0,"enemies":"Hexaghost","floor":16.0,"turns":11.0},{"damage":13.0,"enemies":"Chosen","floor":18.0,"turns":5.0},{"damage":14,"enemies":"Shell Parasite","floor":21,"turns":4},{"damage":19,"enemies":"Cultist and Chosen","floor":22,"turns":7},{"damage":50,"enemies":"Gremlin Leader","floor":24,"turns":5},{"damage":21,"enemies":"Snecko","floor":27,"turns":5},{"damage":96,"enemies":"Champ","floor":33,"turns":12}],"seed_played":"4440172625572776954","potions_obtained":[{"floor":11.0,"key":"SpeedPotion"},{"floor":12.0,"key":"Block Potion"},{"floor":13.0,"key":"Block Potion"},{"floor":16.0,"key":"PowerPotion"}],"is_trial":false,"path_per_floor":["M","?","?","M","$","R","E","R","T","?","M","E","M","M","R","B",null,"M","$","?","M","M","R","E","R","T","M","?","?","?","$","R","B"],"character_chosen":"IRONCLAD","items_purchased":["PreservedInsect","Reckless Charge","True Grit"],"campfire_rested":4,"item_purchase_floors":[5,19,19],"current_hp_per_floor":[77,77,77,77,77,77,58,58,58,32,37,43,43,47,71,27,67,60,60,54,46,33,57,13,37,37,22,22,22,48,48,72,0],"gold":229,"neow_bonus":"RANDOM_COLORLESS_2","is_prod":false,"is_daily":false,"chose_seed":false,"campfire_upgraded":2,"win_rate":0,"timestamp":1548870344,"path_taken":["M","?","?","?","$","R","E","R","T","?","M","E","M","M","R","BOSS","M","$","?","M","M","R","E","R","T","M","?","?","?","$","R","BOSS"],"build_version":"2019-01-23","purchased_purges":1,"victory":false,"max_hp_per_floor":[80,80,80,80,80,80,80,80,80,80,80,80,80,80,80,80,80,80,80,80,80,80,80,80,80,80,80,80,80,80,80,80,80],"card_choices":[{"not_picked":["Flex","Warcry"],"picked":"Twin Strike","floor":1.0},{"not_picked":["Armaments","Dual Wield"],"picked":"Twin Strike","floor":4.0},{"not_picked":["Sentinel","Feel No Pain"],"picked":"Perfected Strike","floor":7.0},{"not_picked":["Intimidate","Cleave"],"picked":"Shrug It Off","floor":10.0},{"not_picked":["True Grit","Battle Trance"],"picked":"Twin Strike","floor":11.0},{"not_picked":["Double Tap","Headbutt"],"picked":"Uppercut","floor":12.0},{"not_picked":["Clothesline","Entrench"],"picked":"Ghostly Armor","floor":13.0},{"not_picked":["Feel No Pain","Anger"],"picked":"Pommel Strike","floor":14.0},{"not_picked":["Offering","Bludgeon"],"picked":"Impervious","floor":16.0},{"not_picked":["Shockwave","Combust"],"picked":"Blood for Blood+1","floor":18.0},{"not_picked":["Feel No Pain","Armaments"],"picked":"Twin Strike","floor":21},{"not_picked":["Metallicize","Reckless Charge"],"picked":"Wild Strike","floor":22},{"not_picked":["Iron Wave","Uppercut"],"picked":"Disarm","floor":24},{"not_picked":["Sword Boomerang+1","Anger"],"picked":"Flex+1","floor":27}],"player_experience":1341405,"relics_obtained":[{"floor":7.0,"key":"Matryoshka"},{"floor":9.0,"key":"Tiny Chest"},{"floor":9.0,"key":"Pantograph"},{"floor":10.0,"key":"Juzu Bracelet"},{"floor":12.0,"key":"Dodecahedron"},{"floor":24,"key":"Lantern"},{"floor":26,"key":"Bronze Scales"},{"floor":26,"key":"Whetstone"}],"event_choices":[{"damage_healed":0.0,"max_hp_gain":0.0,"max_hp_loss":0.0,"gold_gain":0.0,"event_name":"The Cleric","player_choice":"Leave","floor":2.0,"gold_loss":0.0,"damage_taken":0.0},{"damage_healed":0.0,"max_hp_gain":0.0,"max_hp_loss":0.0,"gold_gain":275.0,"event_name":"Golden Shrine","player_choice":"Desecrate","floor":3.0,"gold_loss":0.0,"damage_taken":0.0,"cards_obtained":["Regret"]},{"damage_healed":0.0,"max_hp_gain":0.0,"max_hp_loss":0.0,"gold_gain":0.0,"event_name":"Dead Adventurer","player_choice":"Searched \u00272\u0027 times","floor":10.0,"gold_loss":0.0,"damage_taken":0.0},{"damage_healed":0.0,"max_hp_gain":0.0,"max_hp_loss":0.0,"gold_gain":0.0,"event_name":"Nest","player_choice":"Joined the Cult","floor":20.0,"gold_loss":0.0,"damage_taken":6.0,"cards_obtained":["RitualDagger"]},{"damage_healed":0,"gold_gain":0,"player_choice":"Got Potions","damage_taken":0,"max_hp_gain":0,"max_hp_loss":0,"event_name":"Lab","floor":28,"gold_loss":0},{"damage_healed":0,"gold_gain":0,"player_choice":"Obtained Relic","damage_taken":0,"relics_obtained":["Gambling Chip"],"max_hp_gain":0,"max_hp_loss":0,"event_name":"Addict","floor":29,"gold_loss":85},{"damage_healed":26,"gold_gain":0,"player_choice":"Heal","damage_taken":0,"max_hp_gain":0,"max_hp_loss":0,"event_name":"The Library","floor":30,"gold_loss":0}],"is_beta":false,"boss_relics":[{"not_picked":["Philosopher\u0027s Stone","Orrery"],"picked":"Sozu"}],"items_purged_floors":[5],"is_endless":false,"potions_floor_spawned":[11,12,13,16,22,24],"killed_by":"Champ","ascension_level":13}