{"path_per_floor":["M","T","?","M","M","E","R","M","T","M","$","?","M","?","R","B",null,"M","$","?","?","M","R","E","M","T","M","?","?","M"],"character_chosen":"IRONCLAD","items_purchased":["Omamori"],"gold_per_floor":[113,166,166,180,194,223,223,237,237,252,23,23,43,8,8,112,112,126,26,26,26,42,42,71,83,83,96,96,96,112],"floor_reached":31,"campfire_rested":1,"playtime":1428,"current_hp_per_floor":[42,42,31,36,42,23,51,46,46,48,48,48,40,63,63,12,94,83,83,83,83,77,77,78,79,79,53,53,53,23],"items_purged":["Strike_R","Immolate"],"gold":112,"score":283,"play_id":"7c33eaa6-6630-4ece-83aa-ce7c5509ab54","local_time":"20180228225909","is_prod":false,"is_daily":false,"is_ascension_mode":false,"campfire_upgraded":2,"timestamp":1519876749,"path_taken":["M","?","?","M","M","E","R","M","T","M","$","?","?","?","R","BOSS","M","$","?","?","M","R","E","M","T","?","?","?","?","M"],"build_version":"2018-02-28-BETA1","purchased_purges":2,"victory":false,"master_deck":["Defend_R","Defend_R","Bash","Blood for Blood+1","Shockwave","Heavy Blade","Second Wind","Reaper","Thunderclap","Shrug It Off","Limit Break+1","Rupture","Inflame+1","Blood for Blood","Dual Wield","Headbutt+1","Pommel Strike+1","Bite","Bite","Bite","Bite","Bite","Shrug It Off"],"max_hp_per_floor":[80,80,94,94,94,94,94,94,94,94,94,94,94,94,94,94,94,94,94,94,94,94,94,94,94,94,94,94,65,65],"relics":["Burning Blood","Anchor","Mango","Bronze Scales","Calipers","Omamori","Philosopher\u0027s Stone","Torii","Magic Flower"],"card_choices":[{"not_picked":["Rampage","Headbutt"],"picked":"Heavy Blade"},{"not_picked":["Clothesline","Warcry"],"picked":"Second Wind"},{"not_picked":["Dual Wield","Clash"],"picked":"Reaper"},{"not_picked":["Clothesline","Sever Soul"],"picked":"Thunderclap"},{"not_picked":["Seeing Red","Bloodletting"],"picked":"Shrug It Off"},{"not_picked":["Fiend Fire","Impervious"],"picked":"Limit Break"},{"not_picked":["True Grit","Iron Wave"],"picked":"Rupture"},{"not_picked":["Sword Boomerang","Anger"],"picked":"Blood for Blood"},{"not_picked":["Cleave","Twin Strike"],"picked":"Dual Wield"},{"not_picked":["Thunderclap","Clothesline"],"picked":"Headbutt"},{"not_picked":["Twin Strike","Wild Strike"],"picked":"Pommel Strike"},{"not_picked":["Wild Strike","Twin Strike"],"picked":"Shrug It Off"}],"player_experience":36043,"potions_floor_usage":[16,24,24],"damage_taken":[{"damage":4,"enemies":"Cultist","floor":1,"turns":3},{"damage":1,"enemies":"Jaw Worm","floor":4,"turns":2},{"damage":0,"enemies":"2 Louse","floor":5,"turns":3},{"damage":31,"enemies":"Lagavulin","floor":6,"turns":7},{"damage":11,"enemies":"Gremlin Gang","floor":8,"turns":4},{"damage":8,"enemies":"Large Slime","floor":10,"turns":6},{"damage":14,"enemies":"Blue Slaver","floor":13,"turns":3},{"damage":63,"enemies":"The Guardian","floor":16,"turns":10},{"damage":17,"enemies":"2 Thieves","floor":18,"turns":4},{"damage":21,"enemies":"Chosen","floor":22,"turns":4},{"damage":20,"enemies":"Slavers","floor":24,"turns":4},{"damage":25,"enemies":"Centurion and Healer","floor":25,"turns":5},{"damage":44,"enemies":"Sentry and Sphere","floor":27,"turns":5},{"damage":60,"enemies":"Cultist and Chosen","floor":30,"turns":6},{"damage":44,"enemies":"Snake Plant","floor":31,"turns":2}],"event_choices":[{"event_name":"Scrap Ooze","player_choice":"success","floor":3,"damage_taken":25},{"event_name":"Transmorgrifier","player_choice":"Transform","floor":12,"damage_taken":0},{"event_name":"The Cleric","player_choice":"Healed","floor":14,"damage_taken":0},{"event_name":"The Library","player_choice":"Read","floor":20,"damage_taken":0},{"event_name":"Upgrade Shrine","player_choice":"Upgraded","floor":21,"damage_taken":0},{"event_name":"Drug Dealer","player_choice":"Ignored","floor":28,"damage_taken":0},{"event_name":"Vampires","player_choice":"Became a vampire","floor":29,"damage_taken":0}],"boss_relics":[{"not_picked":["Ectoplasm","Tiny House"],"picked":"Philosopher\u0027s Stone"}],"potions_floor_spawned":[4,10,18,22],"seed_played":"4093349560782612937","killed_by":"Snake Plant","ascension_level":0,"is_trial":false}