{"gold_per_floor":[361,361,9,27,27,65,30,49,49,49,85,101,144,163,163,261,261,286,300,314,314,333,366,366,404,404,529,529,529,347,366,366,459,459,474,474,493,826,1101,1132,1132,1144,1223,1238,1271,1290,1317,1331,1331,1331,1331,1331,1331,19,44,44],"floor_reached":57,"playtime":4835,"items_purged":["Anger","Bite"],"score":3004,"play_id":"7ea2a6d4-78c7-46f0-96bb-dc68b251d3f4","local_time":"20190409013226","is_ascension_mode":true,"campfire_choices":[{"data":"Whirlwind","floor":10.0,"key":"SMITH"},{"data":"Bash","floor":15.0,"key":"SMITH"},{"data":"1","floor":28.0,"key":"LIFT"},{"data":"2","floor":32.0,"key":"LIFT"},{"floor":41.0,"key":"RECALL"},{"data":"3","floor":49.0,"key":"LIFT"},{"data":"Uppercut","floor":53.0,"key":"SMITH"}],"neow_cost":"PERCENT_DAMAGE","seed_source_timestamp":2317670374686857,"circlet_count":0,"master_deck":["AscendersBane","Defend_R","Defend_R","Defend_R","Defend_R","Bash+1","Whirlwind+1","Disarm","Fiend Fire+1","Twin Strike+1","Havoc+1","True Grit+1","Warcry+1","Disarm+1","Barricade","Armaments+1","Clothesline","Ghostly+1","Ghostly+1","Ghostly+1","Feel No Pain","Bite","Bite","Bite","Bite+1","Uppercut+1","Feed","Feel No Pain","Burning Pact+1","Disarm+1","Headbutt","Exhume+1","Body Slam"],"special_seed":0,"relics":["Burning Blood","Red Skull","Singing Bowl","Matryoshka","Toxic Egg 2","Pen Nib","Snecko Eye","Bag of Preparation","Omamori","Boot","Du-Vu Doll","Girya","Ornamental Fan","Velvet Choker","The Courier","Centennial Puzzle","Smiling Mask","Oddly Smooth Stone","Kunai","Bronze Scales","Strange Spoon","Bottled Tornado","Bag of Marbles","Whetstone","Champion Belt","Blood Vial"],"potions_floor_usage":[56,56,56,56],"damage_taken":[{"damage":9.0,"enemies":"Jaw Worm","floor":1.0,"turns":4.0},{"damage":6.0,"enemies":"2 Louse","floor":4.0,"turns":4.0},{"damage":31.0,"enemies":"Lagavulin","floor":6.0,"turns":6.0},{"damage":15.0,"enemies":"Small Slimes","floor":8.0,"turns":3.0},{"damage":10.0,"enemies":"3 Sentries","floor":11.0,"turns":3.0},{"damage":15.0,"enemies":"Exordium Thugs","floor":12.0,"turns":4.0},{"damage":8.0,"enemies":"Gremlin Nob","floor":13.0,"turns":3.0},{"damage":0.0,"enemies":"2 Fungi Beasts","floor":14.0,"turns":2.0},{"damage":6.0,"enemies":"Hexaghost","floor":16.0,"turns":7.0},{"damage":0.0,"enemies":"Spheric Guardian","floor":18.0,"turns":2.0},{"damage":7.0,"enemies":"Shell Parasite","floor":19.0,"turns":5.0},{"damage":0.0,"enemies":"Chosen and Byrds","floor":20.0,"turns":6.0},{"damage":6.0,"enemies":"Cultist and Chosen","floor":22.0,"turns":4.0},{"damage":50.0,"enemies":"Slavers","floor":23.0,"turns":5.0},{"damage":0.0,"enemies":"Book of Stabbing","floor":25.0,"turns":2.0},{"damage":2.0,"enemies":"Colosseum Slavers","floor":27.0,"turns":6.0},{"damage":22.0,"enemies":"Colosseum Nobs","floor":27.0,"turns":5.0},{"damage":0.0,"enemies":"Sentry and Sphere","floor":31.0,"turns":4.0},{"damage":8.0,"enemies":"Automaton","floor":33.0,"turns":11.0},{"damage":4.0,"enemies":"3 Shapes","floor":35.0,"turns":6.0},{"damage":13.0,"enemies":"3 Darklings","floor":37.0,"turns":4.0},{"damage":1.0,"enemies":"Giant Head","floor":40.0,"turns":8.0},{"damage":0.0,"enemies":"Maw","floor":42.0,"turns":12.0},{"damage":0.0,"enemies":"4 Shapes","floor":44.0,"turns":16.0},{"damage":0.0,"enemies":"Reptomancer","floor":45.0,"turns":5.0},{"damage":0.0,"enemies":"Sphere and 2 Shapes","floor":46.0,"turns":10.0},{"damage":2.0,"enemies":"Nemesis","floor":47.0,"turns":7.0},{"damage":0.0,"enemies":"Spire Growth","floor":48.0,"turns":8.0},{"damage":0.0,"enemies":"Time Eater","floor":50.0,"turns":13.0},{"damage":23.0,"enemies":"Awakened One","floor":51.0,"turns":24.0},{"damage":43.0,"enemies":"Shield and Spear","floor":55.0,"turns":24.0},{"damage":24,"enemies":"The Heart","floor":56,"turns":12}],"seed_played":"1085091680033694763","potions_obtained":[{"floor":6.0,"key":"SpeedPotion"},{"floor":8.0,"key":"Swift Potion"},{"floor":11.0,"key":"Explosive Potion"},{"floor":12.0,"key":"Swift Potion"},{"floor":14.0,"key":"Poison Potion"},{"floor":22.0,"key":"Swift Potion"},{"floor":27.0,"key":"GamblersBrew"},{"floor":33.0,"key":"EntropicBrew"},{"floor":46.0,"key":"SneckoOil"}],"is_trial":false,"path_per_floor":["M","?","$","M","?","E","?","M","T","R","E","M","E","M","R","B",null,"M","M","M","?","M","E","?","E","T","?","R","?","$","M","R","B",null,"M","?","M","?","?","E","R","M","T","M","E","M","E","M","R","B","B",null,"R","$","E","B",null],"character_chosen":"IRONCLAD","items_purchased":["Red Skull","Whirlwind","Disarm","AttackPotion","Block Potion","True Grit+1","Kunai","Bronze Scales","Strange Spoon","Bottled Tornado","Bag of Marbles","Whetstone","Champion Belt","PowerPotion"],"campfire_rested":0,"item_purchase_floors":[3,3,3,3,30,30,54,54,54,54,54,54,54,54],"current_hp_per_floor":[47,52,52,52,52,27,45,36,36,36,32,23,21,27,27,27,61,67,68,76,76,78,34,34,39,39,25,25,25,25,28,28,28,28,32,32,30,30,30,37,37,40,40,46,51,55,61,65,65,65,65,65,65,65,69,59],"gold":44,"neow_bonus":"TWO_FIFTY_GOLD","is_prod":false,"is_daily":false,"chose_seed":false,"campfire_upgraded":3,"win_rate":0,"timestamp":1554787946,"path_taken":["M","?","$","M","?","E","?","M","T","R","E","?","E","M","R","BOSS","M","M","M","?","?","E","?","E","T","?","R","?","$","M","R","BOSS","M","?","M","?","?","E","R","M","T","M","E","?","E","M","R","BOSS","BOSS","R","$","E","BOSS"],"build_version":"2019-04-04","purchased_purges":2,"victory":true,"max_hp_per_floor":[75,80,80,80,72,72,72,72,72,72,72,72,72,72,72,72,72,72,74,76,76,78,78,39,39,39,41,41,28,28,28,28,28,28,32,32,37,37,37,37,37,40,40,46,51,55,61,65,65,65,65,65,65,65,69,73],"card_choices":[{"not_picked":["Heavy Blade","Body Slam"],"picked":"Anger","floor":1.0},{"not_picked":["Anger","Havoc","Wild Strike"],"picked":"SKIP","floor":4.0},{"not_picked":["Body Slam","Thunderclap"],"picked":"Fiend Fire","floor":6.0},{"not_picked":["Rupture","Armaments"],"picked":"Twin Strike","floor":8.0},{"not_picked":["Power Through","Flex"],"picked":"Havoc","floor":11.0},{"not_picked":["Heavy Blade","Power Through+1"],"picked":"True Grit+1","floor":12.0},{"not_picked":["Perfected Strike","Whirlwind"],"picked":"Warcry+1","floor":13.0},{"not_picked":["Fire Breathing","Infernal Blade+1"],"picked":"Disarm+1","floor":14.0},{"not_picked":["Berserk","Bludgeon"],"picked":"Barricade","floor":16.0},{"not_picked":["Anger","Carnage"],"picked":"Armaments+1","floor":18.0},{"not_picked":["Pommel Strike","Inflame","Wild Strike"],"picked":"Singing Bowl","floor":19.0},{"not_picked":["Warcry+1","Armaments+1","Heavy Blade"],"picked":"Singing Bowl","floor":20.0},{"not_picked":["Combust","Armaments+1","Havoc+1"],"picked":"Singing Bowl","floor":22.0},{"not_picked":["Pummel","Carnage"],"picked":"Clothesline","floor":23.0},{"not_picked":["Perfected Strike","Exhume+1"],"picked":"Feel No Pain","floor":25.0},{"not_picked":["Warcry+1","Wild Strike","Power Through+1"],"picked":"Singing Bowl","floor":27.0},{"not_picked":["Feel No Pain","Twin Strike"],"picked":"Uppercut","floor":31.0},{"not_picked":["Reaper","Double Tap+1"],"picked":"Feed","floor":33.0},{"not_picked":["Intimidate+1","Cleave"],"picked":"Feel No Pain","floor":35.0},{"not_picked":["Armaments+1","Clothesline+1","Clash"],"picked":"Singing Bowl","floor":37.0},{"not_picked":["Flex+1","Twin Strike"],"picked":"Burning Pact+1","floor":40.0},{"not_picked":["Warcry+1","Iron Wave+1"],"picked":"Disarm+1","floor":42.0},{"not_picked":["Metallicize","Havoc+1","Burning Pact+1"],"picked":"Singing Bowl","floor":44.0},{"not_picked":["Pummel","Dual Wield+1","Iron Wave"],"picked":"Singing Bowl","floor":45.0},{"not_picked":["True Grit+1","Hemokinesis"],"picked":"Headbutt","floor":46.0},{"not_picked":["Combust","Flex+1","Armaments+1"],"picked":"Singing Bowl","floor":47.0},{"not_picked":["Havoc+1","Cleave"],"picked":"Exhume+1","floor":48.0},{"not_picked":["Clothesline+1","True Grit+1"],"picked":"Body Slam","floor":55.0}],"player_experience":1490362,"relics_obtained":[{"floor":6.0,"key":"Singing Bowl"},{"floor":9.0,"key":"Matryoshka"},{"floor":11.0,"key":"Toxic Egg 2"},{"floor":13.0,"key":"Pen Nib"},{"floor":23.0,"key":"Bag of Preparation"},{"floor":25.0,"key":"Omamori"},{"floor":26.0,"key":"Boot"},{"floor":26.0,"key":"Du-Vu Doll"},{"floor":27.0,"key":"Girya"},{"floor":27.0,"key":"Ornamental Fan"},{"floor":40.0,"key":"The Courier"},{"floor":43.0,"key":"Centennial Puzzle"},{"floor":45.0,"key":"Smiling Mask"},{"floor":47.0,"key":"Oddly Smooth Stone"},{"floor":55.0,"key":"Blood Vial"}],"event_choices":[{"damage_healed":0.0,"max_hp_gain":5.0,"max_hp_loss":0.0,"gold_gain":0.0,"event_name":"Big Fish","player_choice":"Donut","floor":2.0,"gold_loss":0.0,"damage_taken":0.0},{"damage_healed":0.0,"max_hp_gain":0.0,"max_hp_loss":8.0,"gold_gain":0.0,"event_name":"Golden Idol","player_choice":"Lose Max HP","floor":5.0,"gold_loss":0.0,"damage_taken":0.0,"relics_obtained":["Golden Idol"]},{"damage_healed":18.0,"max_hp_gain":0.0,"max_hp_loss":0.0,"gold_gain":0.0,"event_name":"The Cleric","player_choice":"Healed","floor":7.0,"gold_loss":35.0,"damage_taken":0.0},{"damage_healed":0.0,"max_hp_gain":0.0,"max_hp_loss":0.0,"gold_gain":0.0,"event_name":"Upgrade Shrine","player_choice":"Upgraded","floor":21.0,"gold_loss":0.0,"damage_taken":0.0,"cards_upgraded":["Fiend Fire"]},{"damage_healed":0.0,"max_hp_gain":0.0,"max_hp_loss":39.0,"gold_gain":0.0,"event_name":"Ghosts","player_choice":"Became a Ghost","floor":24.0,"gold_loss":0.0,"damage_taken":0.0,"cards_obtained":["Ghostly","Ghostly","Ghostly"]},{"damage_healed":0.0,"max_hp_gain":0.0,"max_hp_loss":0.0,"gold_gain":0.0,"event_name":"Colosseum","player_choice":"Fight","floor":27.0,"gold_loss":0.0,"damage_taken":0.0},{"damage_healed":0.0,"max_hp_gain":0.0,"max_hp_loss":0.0,"gold_gain":0.0,"event_name":"Colosseum","player_choice":"Fought Nobs","floor":27.0,"gold_loss":0.0,"damage_taken":0.0},{"damage_healed":0.0,"max_hp_gain":0.0,"max_hp_loss":13.0,"gold_gain":0.0,"event_name":"Vampires","player_choice":"Became a vampire","floor":29.0,"gold_loss":0.0,"damage_taken":0.0,"cards_obtained":["Bite","Bite","Bite","Bite","Bite"]},{"cards_removed":["True Grit"],"damage_healed":0.0,"max_hp_gain":0.0,"max_hp_loss":0.0,"gold_gain":0.0,"event_name":"Falling","player_choice":"Removed Skill","floor":36.0,"gold_loss":0.0,"damage_taken":0.0},{"damage_healed":0.0,"max_hp_gain":0.0,"max_hp_loss":0.0,"gold_gain":333.0,"event_name":"The Moai Head","player_choice":"Gave Idol","floor":38.0,"relics_lost":["Golden Idol"],"gold_loss":0.0,"damage_taken":0.0},{"damage_healed":0.0,"max_hp_gain":0.0,"max_hp_loss":0.0,"gold_gain":275.0,"event_name":"Golden Shrine","player_choice":"Desecrate","floor":39.0,"gold_loss":0.0,"damage_taken":0.0,"cards_obtained":["Regret"]}],"is_beta":true,"boss_relics":[{"not_picked":["Astrolabe","Runic Dome"],"picked":"Snecko Eye"},{"not_picked":["Black Star","Black Blood"],"picked":"Velvet Choker"}],"items_purged_floors":[30,54],"is_endless":false,"potions_floor_spawned":[6,8,11,12,14,22,27,27,31,33,44,46,47,55],"ascension_level":20}