{"path_per_floor":["M","?","M","M","M","E","R","E","T","$","M","$","M","M","R","B",null,"M","?","?","M","?","E","R","E","T","$"],"character_chosen":"IRONCLAD","items_purchased":["Seeing Red","Blood for Blood","Battle Trance","Regal Pillow","Fire Potion"],"gold_per_floor":[109,59,70,80,96,126,126,151,226,45,61,61,72,83,83,182,182,198,248,173,189,189,216,216,245,245,43],"floor_reached":28,"campfire_rested":3,"playtime":1213,"current_hp_per_floor":[80,80,80,80,70,49,73,73,73,73,62,62,44,44,68,18,80,74,74,74,57,57,32,56,11,11,11],"items_purged":[],"gold":43,"score":294,"play_id":"ae0c02d7-8216-43f8-8b30-63b587dfc079","is_prod":false,"is_daily":false,"is_ascension_mode":false,"campfire_upgraded":0,"path_taken":["M","?","M","M","M","E","R","E","T","$","?","$","M","M","R","BOSS","M","?","?","M","?","E","R","E","T","?","M"],"build_version":"2018-02-08-PROD1","purchased_purges":0,"victory":false,"master_deck":["Strike_R","Strike_R","Strike_R","Defend_R","Defend_R","Defend_R","Defend_R","Bash","Thunderclap","Hemokinesis","Wild Strike","Flex","Hemokinesis","Hemokinesis","Inflame","Seeing Red","Blood for Blood+1","Battle Trance","Pummel+1","Pummel+1","Hemokinesis+1","Demon Form","Inflame","Armaments","Pummel+1","Spot Weakness+1","Shrug It Off"],"max_hp_per_floor":[80,80,80,80,80,80,80,80,80,80,80,80,80,80,80,80,80,80,80,80,80,80,80,80,80,80,80],"relics":["Black Blood","Prayer Wheel","Self Forming Clay","Matryoshka","Oddly Smooth Stone","Molten Egg 2","Frozen Eye","Dead Branch","Vajra","Unceasing Top","Regal Pillow"],"card_choices":[{"not_picked":["True Grit","Twin Strike"],"picked":"Thunderclap"},{"not_picked":["Armaments","Havoc"],"picked":"Hemokinesis"},{"not_picked":["True Grit","Entrench"],"picked":"Wild Strike"},{"not_picked":["Armaments","Warcry"],"picked":"Flex"},{"not_picked":["Clothesline","Wild Strike"],"picked":"Hemokinesis"},{"not_picked":["Warcry","Feed"],"picked":"Hemokinesis"},{"not_picked":["Heavy Blade","Sword Boomerang"],"picked":"Inflame"},{"not_picked":["Perfected Strike","Iron Wave"],"picked":"Pummel"},{"not_picked":["Heavy Blade","Seeing Red"],"picked":"Pummel"},{"not_picked":["Havoc","Carnage"],"picked":"Hemokinesis"},{"not_picked":["Exhume","Limit Break"],"picked":"Demon Form"},{"not_picked":["Second Wind","Heavy Blade"],"picked":"Inflame"},{"not_picked":["Cleave","Combust"],"picked":"Armaments"},{"not_picked":["Second Wind","Pommel Strike"],"picked":"Pummel"},{"not_picked":["Havoc","True Grit"],"picked":"Spot Weakness"},{"not_picked":["Wild Strike","Pommel Strike"],"picked":"Shrug It Off"}],"player_experience":112679,"potions_floor_usage":[6,8,23,23,25,28],"damage_taken":[{"damage":0,"enemies":"Small Slimes","floor":1,"turns":3},{"damage":6,"enemies":"Jaw Worm","floor":3,"turns":3},{"damage":3,"enemies":"Cultist","floor":4,"turns":2},{"damage":16,"enemies":"Red Slaver","floor":5,"turns":2},{"damage":27,"enemies":"Lagavulin","floor":6,"turns":5},{"damage":6,"enemies":"Gremlin Nob","floor":8,"turns":2},{"damage":17,"enemies":"Exordium Thugs","floor":11,"turns":3},{"damage":24,"enemies":"Gremlin Gang","floor":13,"turns":3},{"damage":6,"enemies":"3 Louse","floor":14,"turns":2},{"damage":56,"enemies":"Hexaghost","floor":16,"turns":6},{"damage":16,"enemies":"3 Byrds","floor":18,"turns":4},{"damage":27,"enemies":"Shell Parasite","floor":21,"turns":3},{"damage":35,"enemies":"Book of Stabbing","floor":23,"turns":4},{"damage":55,"enemies":"Gremlin Leader","floor":25,"turns":5},{"damage":11,"enemies":"Sentry and Sphere","floor":28,"turns":3}],"event_choices":[{"event_name":"The Cleric","player_choice":"Card Removal","floor":2,"damage_taken":0},{"event_name":"The Joust","player_choice":"Bet on Murderer","floor":19,"damage_taken":0},{"event_name":"Beggar","player_choice":"Gave Gold","floor":20,"damage_taken":0},{"event_name":"Vampires","player_choice":"Ignored","floor":22,"damage_taken":0}],"boss_relics":[{"not_picked":["Snecko Eye","Black Star"],"picked":"Black Blood"}],"potions_floor_spawned":[3,6,13,18,23],"seed_played":"-8603410579880036298","killed_by":"Sentry and Sphere","ascension_level":0,"is_trial":false}