{"gold_per_floor":[20,31,31,44,57,57,87,113,113,113,145,145,174,188,188,259,259,277,277,290,290,310,339,339,365,365,398,398,429,446,471,471,545,545,558,573,928,940,957,957,988,988,988,1022,1034,21,33,61,61,61],"floor_reached":51,"playtime":4369,"items_purged":["Strike_B"],"score":1590,"play_id":"b0de8dac-a03f-4e04-9663-cad649039b8e","local_time":"20190410182606","is_ascension_mode":true,"campfire_choices":[{"data":"Streamline","floor":6.0,"key":"SMITH"},{"floor":10.0,"key":"REST"},{"data":"Creative AI","floor":15.0,"key":"SMITH"},{"data":"Defragment","floor":24.0,"key":"SMITH"},{"data":"Electrodynamics","floor":28.0,"key":"SMITH"},{"data":"Loop","floor":32.0,"key":"SMITH"},{"data":"Sunder","floor":40.0,"key":"SMITH"},{"floor":49.0,"key":"REST"}],"neow_cost":"NO_GOLD","seed_source_timestamp":0,"circlet_count":0,"master_deck":["AscendersBane","Defend_B","Defend_B","Defend_B","Defend_B","Zap","Dualcast","Good Instincts","Finesse","Streamline+1","Conserve Battery","Cold Snap","Sweeping Beam","Cold Snap","Cold Snap+1","Creative AI+1","Glacier","Sunder+1","Electrodynamics+1","Ball Lightning+1","Defragment+1","Self Repair","Coolheaded","Loop+1","Storm+1","Coolheaded+1","BootSequence","Double Energy+1","Capacitor+1","Creative AI+1","Magnetism+1"],"special_seed":0,"relics":["Cracked Core","Orichalcum","Odd Mushroom","Bag of Preparation","Bottled Flame","FossilizedHelix","Nuclear Battery","PreservedInsect","Peace Pipe","Singing Bowl","Centennial Puzzle","Vajra","Whetstone","Empty Cage","Old Coin","The Courier","Thread and Needle","Frozen Egg 2","Lantern","DataDisk","Pen Nib","Happy Flower","Ginger","Shuriken"],"potions_floor_usage":[50],"damage_taken":[{"damage":5.0,"enemies":"2 Louse","floor":1.0,"turns":2.0},{"damage":0.0,"enemies":"Small Slimes","floor":2.0,"turns":3.0},{"damage":0.0,"enemies":"Cultist","floor":4.0,"turns":3.0},{"damage":0.0,"enemies":"3 Louse","floor":5.0,"turns":3.0},{"damage":21.0,"enemies":"Gremlin Nob","floor":7.0,"turns":4.0},{"damage":13.0,"enemies":"The Mushroom Lair","floor":8.0,"turns":4.0},{"damage":8.0,"enemies":"3 Sentries","floor":11.0,"turns":8.0},{"damage":5.0,"enemies":"Lagavulin","floor":13.0,"turns":7.0},{"damage":0.0,"enemies":"Lots of Slimes","floor":14.0,"turns":5.0},{"damage":1.0,"enemies":"The Guardian","floor":16.0,"turns":15.0},{"damage":0.0,"enemies":"3 Byrds","floor":18.0,"turns":3.0},{"damage":4.0,"enemies":"Shell Parasite","floor":20.0,"turns":5.0},{"damage":0.0,"enemies":"Centurion and Healer","floor":22.0,"turns":6.0},{"damage":21.0,"enemies":"Book of Stabbing","floor":23.0,"turns":8.0},{"damage":0.0,"enemies":"Slavers","floor":25.0,"turns":5.0},{"damage":19.0,"enemies":"Book of Stabbing","floor":27.0,"turns":7.0},{"damage":0.0,"enemies":"Slavers","floor":29.0,"turns":3.0},{"damage":0.0,"enemies":"Snake Plant","floor":30.0,"turns":4.0},{"damage":16.0,"enemies":"Book of Stabbing","floor":31.0,"turns":4.0},{"damage":47.0,"enemies":"Automaton","floor":33.0,"turns":11.0},{"damage":0.0,"enemies":"3 Shapes","floor":35.0,"turns":3.0},{"damage":0.0,"enemies":"Orb Walker","floor":36.0,"turns":3.0},{"damage":27.0,"enemies":"2 Orb Walkers","floor":37.0,"turns":4.0},{"damage":4.0,"enemies":"Sphere and 2 Shapes","floor":38.0,"turns":6.0},{"damage":0.0,"enemies":"Spire Growth","floor":39.0,"turns":5.0},{"damage":52.0,"enemies":"Giant Head","floor":41.0,"turns":9.0},{"damage":23.0,"enemies":"Nemesis","floor":44.0,"turns":7.0},{"damage":0.0,"enemies":"3 Darklings","floor":45.0,"turns":4.0},{"damage":0.0,"enemies":"4 Shapes","floor":47.0,"turns":4.0},{"damage":0.0,"enemies":"Reptomancer","floor":48.0,"turns":5.0},{"damage":18,"enemies":"Awakened One","floor":50,"turns":13}],"seed_played":"-878424691446410706","potions_obtained":[{"floor":2.0,"key":"PowerPotion"},{"floor":7.0,"key":"FocusPotion"},{"floor":11.0,"key":"Dexterity Potion"},{"floor":18.0,"key":"FocusPotion"},{"floor":27.0,"key":"Block Potion"},{"floor":29.0,"key":"Strength Potion"},{"floor":30.0,"key":"EssenceOfSteel"},{"floor":33.0,"key":"Swift Potion"},{"floor":38.0,"key":"Swift Potion"},{"floor":41.0,"key":"Explosive Potion"},{"floor":44.0,"key":"SpeedPotion"},{"floor":47.0,"key":"FocusPotion"},{"floor":48.0,"key":"Fruit Juice"}],"is_trial":false,"path_per_floor":["M","M","?","M","M","R","E","?","T","R","E","?","E","M","R","B",null,"M","?","M","?","M","E","R","E","T","E","R","E","M","E","R","B",null,"M","M","?","M","M","R","E","?","T","E","M","$","M","E","R","B",null],"character_chosen":"DEFECT","items_purchased":["Lantern","DataDisk","Creative AI+1","Pen Nib","Happy Flower","Ginger","Magnetism+1","Fire Potion"],"campfire_rested":2,"item_purchase_floors":[46,46,46,46,46,46,46,46],"current_hp_per_floor":[59,59,64,64,64,64,43,30,30,52,44,37,32,32,32,31,65,65,65,61,76,76,55,55,62,62,50,50,59,66,59,59,21,67,69,76,58,61,77,77,32,32,32,16,25,25,34,48,77,59],"gold":61,"neow_bonus":"RANDOM_COLORLESS_2","is_prod":false,"is_daily":false,"chose_seed":false,"campfire_upgraded":6,"win_rate":0,"timestamp":1554945966,"path_taken":["M","M","?","M","M","R","E","?","T","R","E","?","E","M","R","BOSS","M","?","?","?","M","E","R","E","T","E","R","E","M","E","R","BOSS","M","?","?","M","M","R","E","?","T","E","M","$","M","E","R","BOSS"],"build_version":"2019-01-23","purchased_purges":1,"victory":true,"max_hp_per_floor":[71,71,76,76,76,76,76,76,76,76,76,76,76,76,76,76,76,76,76,76,76,76,76,76,76,76,76,76,78,78,80,80,82,82,84,84,86,86,88,88,88,88,88,88,90,90,92,99,99,99],"card_choices":[{"not_picked":["Undo","Redo"],"picked":"Streamline","floor":1.0},{"not_picked":["Redo","Amplify"],"picked":"Conserve Battery","floor":2.0},{"not_picked":["Double Energy","Streamline"],"picked":"Cold Snap","floor":4.0},{"not_picked":["Stack","Rebound"],"picked":"Sweeping Beam","floor":5.0},{"not_picked":["Hello World","Reprogram"],"picked":"Cold Snap","floor":7.0},{"not_picked":["Conserve Battery","Rebound"],"picked":"Cold Snap","floor":8.0},{"not_picked":["Leap","Beam Cell"],"picked":"Creative AI","floor":11.0},{"not_picked":["Skim","Reboot"],"picked":"Glacier","floor":13.0},{"not_picked":["Beam Cell","Streamline"],"picked":"Sunder","floor":14.0},{"not_picked":["Machine Learning","Seek"],"picked":"Electrodynamics","floor":16.0},{"not_picked":["Streamline+1","Undo"],"picked":"Ball Lightning","floor":18.0},{"not_picked":["Cold Snap","Turbo"],"picked":"Melter","floor":20.0},{"not_picked":["Go for the Eyes","Beam Cell"],"picked":"Defragment","floor":22.0},{"not_picked":["Hello World","Streamline"],"picked":"Self Repair","floor":23.0},{"not_picked":["Stack","Leap"],"picked":"Coolheaded","floor":25.0},{"not_picked":["Sweeping Beam","Compile Driver"],"picked":"Loop","floor":27.0},{"not_picked":["Redo","Thunder Strike","Coolheaded"],"picked":"Singing Bowl","floor":29.0},{"not_picked":["Beam Cell","Gash"],"picked":"Storm+1","floor":30.0},{"not_picked":["Cold Snap","Gash","Amplify"],"picked":"Singing Bowl","floor":31.0},{"not_picked":["Hyperbeam","Reboot","Amplify"],"picked":"Singing Bowl","floor":33.0},{"not_picked":["Stack","Cold Snap","Gash"],"picked":"Singing Bowl","floor":35.0},{"not_picked":["Rebound","All For One"],"picked":"Coolheaded+1","floor":36.0},{"not_picked":["Skim","Leap","Compile Driver"],"picked":"Singing Bowl","floor":37.0},{"not_picked":["Undo","Double Energy"],"picked":"BootSequence","floor":38.0},{"not_picked":["Conserve Battery","Chaos","Rebound"],"picked":"Singing Bowl","floor":39.0},{"not_picked":["Conserve Battery","Amplify"],"picked":"Double Energy+1","floor":41.0},{"not_picked":["Recycle","Beam Cell"],"picked":"Capacitor","floor":44.0},{"not_picked":["Steam","Sweeping Beam","Conserve Battery"],"picked":"Singing Bowl","floor":45.0},{"not_picked":["Recycle","Barrage","Heatsinks+1"],"picked":"Singing Bowl","floor":47.0},{"not_picked":["Static Discharge+1","Go for the Eyes","Force Field"],"picked":"Singing Bowl","floor":48.0}],"player_experience":1340204,"relics_obtained":[{"floor":7.0,"key":"Orichalcum"},{"floor":8.0,"key":"Odd Mushroom"},{"floor":9.0,"key":"Bag of Preparation"},{"floor":11.0,"key":"Bottled Flame"},{"floor":13.0,"key":"FossilizedHelix"},{"floor":23.0,"key":"PreservedInsect"},{"floor":25.0,"key":"Peace Pipe"},{"floor":26.0,"key":"Singing Bowl"},{"floor":27.0,"key":"Centennial Puzzle"},{"floor":29.0,"key":"Vajra"},{"floor":31.0,"key":"Whetstone"},{"floor":37.0,"key":"Old Coin"},{"floor":41.0,"key":"The Courier"},{"floor":43.0,"key":"Thread and Needle"},{"floor":44.0,"key":"Frozen Egg 2"},{"floor":48.0,"key":"Shuriken"}],"event_choices":[{"damage_healed":0.0,"max_hp_gain":5.0,"max_hp_loss":0.0,"gold_gain":0.0,"event_name":"Big Fish","player_choice":"Donut","floor":3.0,"gold_loss":0.0,"damage_taken":0.0},{"damage_healed":0.0,"max_hp_gain":0.0,"max_hp_loss":0.0,"gold_gain":0.0,"event_name":"Mushrooms","player_choice":"Fought Mushrooms","floor":8.0,"gold_loss":0.0,"damage_taken":0.0},{"cards_removed":["Strike_B"],"damage_healed":0.0,"max_hp_gain":0.0,"max_hp_loss":0.0,"gold_gain":0.0,"event_name":"Golden Wing","player_choice":"Card Removal","floor":12.0,"gold_loss":0.0,"damage_taken":7.0},{"damage_healed":0.0,"max_hp_gain":0.0,"max_hp_loss":0.0,"gold_gain":0.0,"event_name":"Match and Keep!","player_choice":"1 cards matched","floor":19.0,"gold_loss":0.0,"damage_taken":0.0,"cards_obtained":["Zap"]},{"cards_removed":["Melter"],"damage_healed":15.0,"max_hp_gain":0.0,"max_hp_loss":0.0,"gold_gain":0.0,"event_name":"Bonfire Elementals","player_choice":"Offered Uncommon","floor":21.0,"gold_loss":0.0,"damage_taken":0.0},{"damage_healed":0.0,"max_hp_gain":0.0,"max_hp_loss":0.0,"gold_gain":0.0,"event_name":"Mysterious Sphere","player_choice":"Fight","floor":37.0,"gold_loss":0.0,"damage_taken":0.0},{"cards_removed":["Zap"],"damage_healed":0.0,"max_hp_gain":0.0,"max_hp_loss":0.0,"gold_gain":0.0,"event_name":"Falling","player_choice":"Removed Skill","floor":42.0,"gold_loss":0.0,"damage_taken":0.0}],"is_beta":false,"boss_relics":[{"not_picked":["Pandora\u0027s Box","Orrery"],"picked":"Nuclear Battery"},{"not_picked":["White Beast Statue","Tiny House"],"picked":"Empty Cage"}],"items_purged_floors":[46],"is_endless":false,"potions_floor_spawned":[2,7,11,13,18,27,29,30,33,38,41,44,47,48],"ascension_level":15}