{"gold_per_floor":[213,213,228,228,74,113,113,152,206,226,226],"floor_reached":11,"playtime":419,"items_purged":[],"score":142,"play_id":"e2e22da5-09b8-42c7-9fe2-57152242609d","local_time":"20190404005323","is_ascension_mode":true,"campfire_choices":[{"floor":7,"key":"REST"}],"neow_cost":"NONE","seed_source_timestamp":1647096543834141,"circlet_count":0,"master_deck":["AscendersBane","Strike_R","Strike_R","Strike_R","Strike_R","Strike_R","Defend_R","Defend_R","Defend_R","Defend_R","Bash","Clothesline","Rampage","Shrug It Off","Clothesline"],"relics":["Burning Blood","Oddly Smooth Stone","Golden Idol","Bronze Scales","Blue Candle","Peace Pipe","Tiny Chest"],"potions_floor_usage":[8,11],"damage_taken":[{"damage":8,"enemies":"2 Louse","floor":1,"turns":4},{"damage":0,"enemies":"Small Slimes","floor":3,"turns":4},{"damage":30,"enemies":"3 Sentries","floor":6,"turns":10},{"damage":28,"enemies":"Gremlin Nob","floor":8,"turns":4},{"damage":3,"enemies":"Jaw Worm","floor":10,"turns":4},{"damage":23,"enemies":"3 Sentries","floor":11,"turns":7}],"seed_played":"-4615271487984756005","potions_obtained":[{"floor":1,"key":"Explosive Potion"},{"floor":3,"key":"SteroidPotion"}],"is_trial":false,"path_per_floor":["?","?"],"character_chosen":"IRONCLAD","items_purchased":["Bronze Scales"],"campfire_rested":1,"item_purchase_floors":[5],"current_hp_per_floor":[66,61,67,41,41,17,39,17,17,20,0],"gold":226,"neow_bonus":"HUNDRED_GOLD","is_prod":false,"is_daily":false,"chose_seed":false,"campfire_upgraded":0,"win_rate":0,"timestamp":1554353603,"path_taken":["M","?","M","?","$","E","R","E","T","M","E"],"build_version":"2019-01-23","purchased_purges":0,"victory":false,"max_hp_per_floor":[75,75,75,75,75,75,75,75,75,75,75],"card_choices":[{"not_picked":["Second Wind","Warcry"],"picked":"Clothesline","floor":1},{"not_picked":["Bloodletting","Headbutt"],"picked":"Rampage","floor":3},{"not_picked":["Body Slam","Thunderclap"],"picked":"Shrug It Off","floor":6},{"not_picked":["Inflame","Dual Wield"],"picked":"Clothesline","floor":8},{"not_picked":["Heavy Blade","Corruption","Perfected Strike"],"picked":"SKIP","floor":10}],"player_experience":1455620,"relics_obtained":[{"floor":6,"key":"Blue Candle"},{"floor":8,"key":"Peace Pipe"},{"floor":9,"key":"Tiny Chest"}],"event_choices":[{"damage_healed":0,"gold_gain":0,"player_choice":"Success","damage_taken":5,"relics_obtained":["Oddly Smooth Stone"],"max_hp_gain":0,"max_hp_loss":0,"event_name":"Scrap Ooze","floor":2,"gold_loss":0},{"damage_healed":0,"gold_gain":0,"player_choice":"Take Damage","damage_taken":26,"relics_obtained":["Golden Idol"],"max_hp_gain":0,"max_hp_loss":0,"event_name":"Golden Idol","floor":4,"gold_loss":0}],"is_beta":false,"boss_relics":[],"items_purged_floors":[],"is_endless":false,"potions_floor_spawned":[1,3],"killed_by":"3 Sentries","ascension_level":15}