{"gold_per_floor":[109,129,144,163,176,176,196,228,281,281,310,321,321,353,353,448,448,463,64,82,94,104,131,148,148,173,207,217,237,237,237,237,237],"floor_reached":33,"playtime":4176,"items_purged":[],"score":423,"play_id":"d92d4059-670a-4443-9335-d943d9cf7a7a","local_time":"20190319143619","is_ascension_mode":true,"campfire_choices":[{"data":"Zap","floor":6,"key":"SMITH"},{"floor":10,"key":"REST"},{"floor":15,"key":"REST"},{"floor":25,"key":"REST"},{"floor":30,"key":"REST"},{"floor":32,"key":"REST"}],"neow_cost":"NONE","seed_source_timestamp":310320997465971,"circlet_count":0,"master_deck":["Strike_B","Strike_B","Strike_B","Defend_B","Defend_B","Defend_B","Defend_B","Zap+1","Dualcast","Genetic Algorithm","Compile Driver","Rainbow","Stack","White Noise","Steam","Core Surge","Hologram","Core Surge","Ball Lightning","Hyperbeam","Stack","Defragment","Genetic Algorithm","Darkness","Defragment","Biased Cognition","Undo","Darkness+1","Stack","Biased Cognition","Cold Snap"],"relics":["FrozenCore","Art of War","Anchor","Question Card","DollysMirror","Potion Belt","PreservedInsect","Strawberry","Bottled Lightning","Enchiridion"],"potions_floor_usage":[8,14,22,27,33,33,33],"damage_taken":[{"damage":1,"enemies":"Cultist","floor":1,"turns":3},{"damage":7,"enemies":"Jaw Worm","floor":2,"turns":4},{"damage":0,"enemies":"2 Louse","floor":3,"turns":2},{"damage":11,"enemies":"2 Fungi Beasts","floor":4,"turns":3},{"damage":7,"enemies":"Looter","floor":5,"turns":3},{"damage":20,"enemies":"Lots of Slimes","floor":7,"turns":4},{"damage":17,"enemies":"Gremlin Nob","floor":8,"turns":4},{"damage":0,"enemies":"3 Sentries","floor":11,"turns":5},{"damage":0,"enemies":"3 Louse","floor":12,"turns":2},{"damage":19,"enemies":"Gremlin Nob","floor":14,"turns":5},{"damage":18,"enemies":"The Guardian","floor":16,"turns":11},{"damage":0,"enemies":"Chosen","floor":18,"turns":5},{"damage":0,"enemies":"Shell Parasite","floor":20,"turns":10},{"damage":6,"enemies":"Shelled Parasite and Fungi","floor":21,"turns":9},{"damage":1,"enemies":"Centurion and Healer","floor":22,"turns":12},{"damage":49,"enemies":"Gremlin Leader","floor":23,"turns":6},{"damage":12,"enemies":"Snake Plant","floor":24,"turns":4},{"damage":8,"enemies":"Book of Stabbing","floor":27,"turns":5},{"damage":4,"enemies":"Snecko","floor":28,"turns":5},{"damage":6,"enemies":"Centurion and Healer","floor":29,"turns":7},{"damage":50,"enemies":"Champ","floor":33,"turns":15}],"seed_played":"-7770922503173714083","potions_obtained":[{"floor":3,"key":"GamblersBrew"},{"floor":4,"key":"Swift Potion"},{"floor":5,"key":"AttackPotion"},{"floor":12,"key":"Strength Potion"},{"floor":14,"key":"Dexterity Potion"},{"floor":16,"key":"Block Potion"},{"floor":18,"key":"Fire Potion"},{"floor":23,"key":"Explosive Potion"},{"floor":27,"key":"SmokeBomb"},{"floor":28,"key":"SpeedPotion"}],"is_trial":false,"path_per_floor":["M","?","M","?"],"character_chosen":"DEFECT","items_purchased":["Defragment","DollysMirror","Potion Belt"],"campfire_rested":5,"item_purchase_floors":[19,19,19],"current_hp_per_floor":[81,74,74,63,56,56,36,19,19,43,43,43,43,24,48,30,69,69,69,69,63,62,13,1,25,32,24,20,14,40,24,50,0],"gold":237,"neow_bonus":"TEN_PERCENT_HP_BONUS","is_prod":false,"is_daily":false,"chose_seed":false,"campfire_upgraded":1,"win_rate":0,"timestamp":1553020579,"path_taken":["M","M","M","?","M","R","M","E","T","R","E","M","?","E","R","BOSS","M","$","?","M","M","E","M","R","T","E","M","M","R","?","R","BOSS"],"build_version":"2019-01-23","purchased_purges":0,"victory":false,"max_hp_per_floor":[82,82,82,82,82,82,82,82,82,82,82,82,82,82,82,82,82,82,82,82,82,82,82,82,82,89,89,89,89,89,89,89,89],"card_choices":[{"not_picked":["Compile Driver","Gash"],"picked":"Genetic Algorithm","floor":1},{"not_picked":["Steam","Streamline"],"picked":"Compile Driver","floor":2},{"not_picked":["Static Discharge","Reinforced Body","Steam Power"],"picked":"SKIP","floor":3},{"not_picked":["Storm","Redo"],"picked":"Rainbow","floor":4},{"not_picked":["Rip and Tear","Tempest"],"picked":"Stack","floor":5},{"not_picked":["Storm","Tempest"],"picked":"White Noise","floor":7},{"not_picked":["Rip and Tear","Blizzard"],"picked":"Steam","floor":8},{"not_picked":["BootSequence","Cold Snap"],"picked":"Core Surge","floor":11},{"not_picked":["Gash","Redo"],"picked":"Hologram","floor":12},{"not_picked":["Rip and Tear","Thunder Strike"],"picked":"Ball Lightning","floor":14},{"not_picked":["Core Surge","Multi-Cast","Fission"],"picked":"Hyperbeam","floor":16},{"not_picked":["Sweeping Beam","Skim+1","Barrage+1"],"picked":"Stack","floor":18},{"not_picked":["Chaos","Steam+1","Go for the Eyes+1"],"picked":"Darkness","floor":20},{"not_picked":["Loop","Sunder","Conserve Battery"],"picked":"Defragment","floor":21},{"not_picked":["Cold Snap","Streamline","Turbo"],"picked":"Biased Cognition","floor":22},{"not_picked":["Scrape+1","Turbo+1","Fusion"],"picked":"Undo","floor":23},{"not_picked":["Scrape","Turbo","Steam"],"picked":"Darkness+1","floor":24},{"not_picked":["Redo+1","Hologram","Turbo"],"picked":"Stack","floor":27},{"not_picked":["Leap","Coolheaded+1","Rebound"],"picked":"Biased Cognition","floor":28},{"not_picked":["Recycle","Ball Lightning+1","Storm"],"picked":"Cold Snap","floor":29}],"player_experience":788122,"relics_obtained":[{"floor":8,"key":"Art of War"},{"floor":11,"key":"Anchor"},{"floor":14,"key":"Question Card"},{"floor":23,"key":"PreservedInsect"},{"floor":26,"key":"Strawberry"},{"floor":27,"key":"Bottled Lightning"},{"floor":31,"key":"Enchiridion"}],"event_choices":[{"damage_healed":0,"gold_gain":0,"cards_transformed":["Strike_B"],"player_choice":"Transformed","damage_taken":0,"max_hp_gain":0,"max_hp_loss":0,"event_name":"Transmorgrifier","floor":13,"gold_loss":0,"cards_obtained":["Core Surge"]},{"damage_healed":0,"gold_gain":0,"player_choice":"Obtained Book","damage_taken":16,"max_hp_gain":0,"max_hp_loss":0,"event_name":"Cursed Tome","floor":31,"gold_loss":0}],"is_beta":false,"boss_relics":[{"not_picked":["Fusion Hammer","Lizard Tail"],"picked":"FrozenCore"}],"items_purged_floors":[],"is_endless":false,"potions_floor_spawned":[3,4,5,12,14,16,18,23,27,28],"killed_by":"Champ","ascension_level":5}