{"gold_per_floor":[112,130,149,119,133,133,158,158,158,183,58,58,58,58,58,157,157,177,188,188,113,67,67,67],"floor_reached":24,"playtime":1273,"items_purged":[],"score":303,"play_id":"317dc714-7acd-4742-b100-abac5291bbfb","local_time":"20190325193137","is_ascension_mode":true,"campfire_choices":[{"floor":6,"key":"DIG"},{"floor":8,"key":"DIG"},{"floor":12,"key":"REST"},{"floor":15,"key":"REST"},{"floor":23,"key":"DIG"}],"neow_cost":"TEN_PERCENT_HP_LOSS","seed_source_timestamp":849338438031716,"circlet_count":0,"master_deck":["AscendersBane","Defend_G","Defend_G","Defend_G","Defend_G","Defend_G","Strike_G","Strike_G","Strike_G","Survivor","Neutralize","Skewer","Noxious Fumes","PiercingWail","Dodge and Roll","A Thousand Cuts","Footwork","Dodge and Roll","Backflip","Malaise","Caltrops+1","Backflip"],"relics":["Ring of the Snake","Shovel","Omamori","Calipers","Turnip","Kunai","Juzu Bracelet","Fusion Hammer","The Courier"],"potions_floor_usage":[7,10,16,24],"damage_taken":[{"damage":0,"enemies":"2 Louse","floor":1,"turns":3},{"damage":2,"enemies":"Cultist","floor":2,"turns":5},{"damage":0,"enemies":"Jaw Worm","floor":3,"turns":4},{"damage":1,"enemies":"Looter","floor":4,"turns":4},{"damage":8,"enemies":"Blue Slaver","floor":5,"turns":5},{"damage":28,"enemies":"Gremlin Nob","floor":7,"turns":5},{"damage":33,"enemies":"Lagavulin","floor":10,"turns":11},{"damage":31,"enemies":"Hexaghost","floor":16,"turns":16},{"damage":15,"enemies":"Spheric Guardian","floor":18,"turns":9},{"damage":2,"enemies":"3 Byrds","floor":19,"turns":3},{"damage":21,"enemies":"Cultist and Chosen","floor":24,"turns":4}],"seed_played":"-7190684384413197608","potions_obtained":[{"floor":2,"key":"Strength Potion"},{"floor":3,"key":"Regen Potion"},{"floor":5,"key":"Explosive Potion"},{"floor":18,"key":"Dexterity Potion"}],"is_trial":false,"path_per_floor":["?","?","?","?"],"character_chosen":"THE_SILENT","items_purchased":["Footwork","Dodge and Roll","Backflip"],"campfire_rested":2,"item_purchase_floors":[11,11,22],"current_hp_per_floor":[63,61,61,60,52,52,24,24,24,3,3,21,21,14,32,1,48,33,31,20,20,20,20,0],"gold":67,"neow_bonus":"ONE_RARE_RELIC","is_prod":false,"is_daily":false,"chose_seed":false,"campfire_upgraded":0,"win_rate":0,"timestamp":1553556697,"path_taken":["M","M","M","M","M","R","E","R","T","E","$","R","?","?","R","BOSS","M","M","?","?","$","R","M"],"build_version":"2019-01-23","purchased_purges":0,"victory":false,"max_hp_per_floor":[63,63,63,63,63,63,63,63,63,63,63,63,63,63,63,63,63,63,63,68,68,68,68,68],"card_choices":[{"not_picked":["Blade Dance","Outmaneuver"],"picked":"Skewer","floor":1},{"not_picked":["Acrobatics","Bane"],"picked":"Noxious Fumes","floor":2},{"not_picked":["Expertise","Skewer"],"picked":"PiercingWail","floor":3},{"not_picked":["Accuracy","Finisher","Sucker Punch"],"picked":"SKIP","floor":4},{"not_picked":["Masterful Stab","Blade Dance"],"picked":"Dodge and Roll","floor":5},{"not_picked":["Cloak And Dagger","Choke"],"picked":"A Thousand Cuts","floor":7},{"not_picked":["Setup","Deadly Poison","Deflect"],"picked":"SKIP","floor":10},{"not_picked":["Night Terror","Doppelganger"],"picked":"Malaise","floor":16},{"not_picked":["Accuracy","Outmaneuver"],"picked":"Caltrops+1","floor":18},{"not_picked":["Accuracy+1","Expertise","Dagger Spray"],"picked":"SKIP","floor":19}],"player_experience":1014677,"relics_obtained":[{"floor":6,"key":"Omamori"},{"floor":7,"key":"Calipers"},{"floor":8,"key":"Turnip"},{"floor":9,"key":"Kunai"},{"floor":10,"key":"Juzu Bracelet"},{"floor":23,"key":"The Courier"}],"event_choices":[{"damage_healed":0,"gold_gain":0,"player_choice":"1 cards matched","damage_taken":0,"max_hp_gain":0,"max_hp_loss":0,"event_name":"Match and Keep!","floor":13,"gold_loss":0,"cards_obtained":["Backflip"]},{"cards_removed":["Strike_G"],"damage_healed":0,"gold_gain":0,"player_choice":"Card Removal","damage_taken":7,"max_hp_gain":0,"max_hp_loss":0,"event_name":"Golden Wing","floor":14,"gold_loss":0},{"damage_healed":0,"gold_gain":0,"player_choice":"Shed Blood","damage_taken":16,"max_hp_gain":5,"max_hp_loss":0,"event_name":"Forgotten Altar","floor":20,"gold_loss":0},{"cards_removed":["Strike_G"],"damage_healed":0,"gold_gain":0,"player_choice":"Gave Gold","damage_taken":0,"max_hp_gain":0,"max_hp_loss":0,"event_name":"Beggar","floor":21,"gold_loss":75}],"is_beta":false,"boss_relics":[{"not_picked":["Ring of the Serpent","Philosopher\u0027s Stone"],"picked":"Fusion Hammer"}],"items_purged_floors":[],"is_endless":false,"potions_floor_spawned":[2,3,5,18],"killed_by":"Cultist and Chosen","ascension_level":10}