{"gold_per_floor":[118,118,118,118,132,166,192,204,239,251,283,314,361,373,385,495,507,535,25,38,48,61,92,118,147,194,9,34,11,42,52,52,148,148,158,171,0,0],"floor_reached":38,"playtime":2441,"items_purged":["Regret"],"score":648,"play_id":"325cc9a7-eade-4b47-8bfd-d1704234a4b5","local_time":"20180828232351","is_ascension_mode":true,"campfire_choices":[{"floor":8,"key":"REST"},{"floor":15,"key":"REST"},{"floor":32,"key":"REST"}],"neow_cost":"","seed_source_timestamp":1027991304657490,"circlet_count":0,"master_deck":["Strike_B","Strike_B","Strike_B","Defend_B","Defend_B","Defend_B","Defend_B","Zap","Dualcast","Redo+1","Cold Snap","Coolheaded+1","Darkness","Lockon","Stack","Electrodynamics","Echo Form","Doom and Gloom","Buffer","Steam","Good Instincts","Storm","Rebound","Redo+1","Defragment+1","Buffer","Apotheosis","Hologram","Turbo","Stack+1","Darkness+1","Reboot","Loop","Ball Lightning+1"],"relics":["Cracked Core","Ancient Tea Set","StoneCalendar","MawBank","Vajra","Oddly Smooth Stone","Anchor","Snecko Eye","Lantern","Ice Cream","War Paint","Blood Vial","Bag of Preparation","Centennial Puzzle","Potion Belt","Inserter","Red Mask"],"potions_floor_usage":[13,16,18,23,25,25,31,31,31,31,33,33,35,35,38],"damage_taken":[{"damage":0,"enemies":"2 Louse","floor":1,"turns":2},{"damage":0,"enemies":"Small Slimes","floor":5,"turns":2},{"damage":15,"enemies":"3 Sentries","floor":6,"turns":7},{"damage":5,"enemies":"Jaw Worm","floor":7,"turns":4},{"damage":6,"enemies":"Gremlin Gang","floor":11,"turns":4},{"damage":11,"enemies":"Large Slime","floor":12,"turns":5},{"damage":18,"enemies":"Gremlin Nob","floor":13,"turns":5},{"damage":43,"enemies":"The Guardian","floor":16,"turns":10},{"damage":9,"enemies":"Chosen","floor":18,"turns":6},{"damage":7,"enemies":"Shell Parasite","floor":20,"turns":6},{"damage":4,"enemies":"Centurion and Healer","floor":21,"turns":6},{"damage":0,"enemies":"Cultist and Chosen","floor":22,"turns":3},{"damage":0,"enemies":"Gremlin Leader","floor":23,"turns":3},{"damage":0,"enemies":"Book of Stabbing","floor":25,"turns":5},{"damage":0,"enemies":"Gremlin Leader","floor":28,"turns":4},{"damage":21,"enemies":"Book of Stabbing","floor":30,"turns":5},{"damage":16,"enemies":"Snake Plant","floor":31,"turns":3},{"damage":0,"enemies":"Collector","floor":33,"turns":7},{"damage":12,"enemies":"3 Darklings","floor":35,"turns":4},{"damage":61,"enemies":"3 Shapes","floor":36,"turns":5},{"damage":14,"enemies":"Flame Bruiser 2 Orb","floor":38,"turns":3}],"seed_played":"-1273216342934058529","potions_obtained":[{"floor":11,"key":"SteroidPotion"},{"floor":12,"key":"FocusPotion"},{"floor":13,"key":"Energy Potion"},{"floor":16,"key":"Poison Potion"},{"floor":18,"key":"Dexterity Potion"},{"floor":22,"key":"Energy Potion"},{"floor":30,"key":"EntropicBrew"},{"floor":31,"key":"Energy Potion"},{"floor":33,"key":"Energy Potion"},{"floor":36,"key":"PowerPotion"}],"is_trial":false,"path_per_floor":["M","?","?","T","M","E","M","R","T","$","M","M","E","?","R","B",null,"M","$","M","M","M","E","T","E","T","$","E","$","E","M","R","B",null,"M","M","?"],"character_chosen":"DEFECT","items_purchased":["Buffer","Steam","Good Instincts","Lantern","Apotheosis","Turbo"],"campfire_rested":3,"item_purchase_floors":[19,19,19,19,27,29],"current_hp_per_floor":[75,68,65,65,65,50,45,67,67,67,61,50,32,32,54,11,75,66,66,59,55,55,55,55,55,55,55,57,57,38,24,46,48,75,63,4,4,0],"gold":0,"neow_bonus":"","is_prod":false,"is_daily":false,"chose_seed":false,"campfire_upgraded":0,"win_rate":0,"timestamp":1535520231,"path_taken":["M","?","?","?","M","E","M","R","T","$","M","?","E","?","R","BOSS","M","?","M","M","?","E","?","E","T","$","E","$","E","?","R","BOSS","M","M","?","M"],"build_version":"2018-08-23v2","purchased_purges":1,"victory":false,"max_hp_per_floor":[75,75,75,75,75,75,75,75,75,75,75,75,75,75,75,75,75,75,75,75,75,75,75,75,75,75,75,75,75,75,75,75,75,75,75,75,75,75],"card_choices":[{"not_picked":["Sweeping Beam","Rebound"],"picked":"Redo","floor":1},{"not_picked":["Barrage","Glacier"],"picked":"Cold Snap","floor":5},{"not_picked":["Skim","FTL"],"picked":"Coolheaded","floor":6},{"not_picked":["Genetic Algorithm","Rebound"],"picked":"Darkness","floor":7},{"not_picked":["Force Field","Aggregate"],"picked":"Lockon","floor":11},{"not_picked":["Steam Power","Cold Snap"],"picked":"Stack","floor":12},{"not_picked":["Capacitor","Barrage"],"picked":"Electrodynamics","floor":13},{"not_picked":["Multi-Cast","Electrodynamics"],"picked":"Echo Form","floor":16},{"not_picked":["Rebound","Stack"],"picked":"Doom and Gloom","floor":18},{"not_picked":["Gash","FTL"],"picked":"Storm","floor":20},{"not_picked":["Go for the Eyes","Ball Lightning"],"picked":"Rebound","floor":21},{"not_picked":["Stack","Darkness"],"picked":"Redo+1","floor":22},{"not_picked":["Redo","Capacitor+1"],"picked":"Defragment+1","floor":23},{"not_picked":["Defragment","Go for the Eyes"],"picked":"Buffer","floor":25},{"not_picked":["Ball Lightning","Cold Snap"],"picked":"Hologram","floor":28},{"not_picked":["Barrage","Gash"],"picked":"Stack+1","floor":30},{"not_picked":["Turbo","Stack"],"picked":"Darkness+1","floor":31},{"not_picked":["Fission","Biased Cognition"],"picked":"Reboot","floor":33},{"not_picked":["Ball Lightning","Streamline+1"],"picked":"Loop","floor":35},{"not_picked":["Go for the Eyes+1","Sweeping Beam"],"picked":"Ball Lightning+1","floor":36}],"player_experience":377895,"relics_obtained":[{"floor":4,"key":"StoneCalendar"},{"floor":6,"key":"MawBank"},{"floor":9,"key":"Vajra"},{"floor":13,"key":"Oddly Smooth Stone"},{"floor":23,"key":"Ice Cream"},{"floor":24,"key":"War Paint"},{"floor":25,"key":"Blood Vial"},{"floor":26,"key":"Bag of Preparation"},{"floor":28,"key":"Centennial Puzzle"},{"floor":30,"key":"Potion Belt"}],"event_choices":[{"event_name":"Golden Wing","player_choice":"Card Removal","floor":2,"damage_taken":0},{"event_name":"Scrap Ooze","player_choice":"success","floor":3,"damage_taken":3},{"event_name":"Big Fish","player_choice":"Box","floor":14,"damage_taken":0},{"event_name":"Tomb of Lord Red Mask","player_choice":"Paid","floor":37,"damage_taken":0}],"is_beta":false,"boss_relics":[{"not_picked":["Ectoplasm","Fusion Hammer"],"picked":"Snecko Eye"},{"not_picked":["Tiny House","Calling Bell"],"picked":"Inserter"}],"items_purged_floors":[19],"is_endless":false,"potions_floor_spawned":[11,12,13,16,18,22,30,31,33,36],"killed_by":"Flame Bruiser 2 Orb","ascension_level":2}