{"gold_per_floor":[119,133,143,143,156,190,190,204,204,204,232,252,264,264,264,361,361,378,394,409,428,428,428],"floor_reached":23,"playtime":1911,"items_purged":[],"score":325,"play_id":"32acf078-58d0-42f9-ab74-560227d74ad7","local_time":"20190326205108","is_ascension_mode":true,"campfire_choices":[{"data":"Disarm","floor":7,"key":"SMITH"},{"data":"Shrug It Off","floor":10,"key":"SMITH"},{"floor":15,"key":"REST"}],"neow_cost":"PERCENT_DAMAGE","seed_source_timestamp":939866728089180,"circlet_count":0,"master_deck":["Strike_R","Strike_R","Strike_R","Strike_R","Defend_R","Defend_R","Defend_R","Bash+1","Headbutt","Ghostly Armor+1","Shrug It Off+1","Disarm+1","Seeing Red","Iron Wave","Anger+1","Anger","Flex+1","Flex","Intimidate+1","Pain"],"relics":["Burning Blood","Unceasing Top","Bag of Preparation","Empty Cage","WarpedTongs"],"potions_floor_usage":[8,23],"damage_taken":[{"damage":1,"enemies":"Cultist","floor":1,"turns":4},{"damage":0,"enemies":"Small Slimes","floor":2,"turns":3},{"damage":0,"enemies":"2 Louse","floor":3,"turns":4},{"damage":12,"enemies":"Looter","floor":5,"turns":4},{"damage":32,"enemies":"Gremlin Nob","floor":6,"turns":4},{"damage":5,"enemies":"Gremlin Gang","floor":8,"turns":3},{"damage":39,"enemies":"3 Sentries","floor":11,"turns":13},{"damage":0,"enemies":"Exordium Wildlife","floor":12,"turns":4},{"damage":11,"enemies":"Exordium Thugs","floor":13,"turns":5},{"damage":27,"enemies":"The Guardian","floor":16,"turns":13},{"damage":7,"enemies":"Shell Parasite","floor":18,"turns":6},{"damage":0,"enemies":"3 Byrds","floor":19,"turns":5},{"damage":31,"enemies":"3 Cultists","floor":20,"turns":6},{"damage":4,"enemies":"Snake Plant","floor":21,"turns":6},{"damage":83,"enemies":"Gremlin Leader","floor":23,"turns":8}],"seed_played":"-6967764447384519398","potions_obtained":[{"floor":2,"key":"LiquidBronze"},{"floor":3,"key":"Explosive Potion"},{"floor":5,"key":"SkillPotion"},{"floor":6,"key":"FairyPotion"},{"floor":11,"key":"PowerPotion"}],"is_trial":false,"path_per_floor":["?","?","?"],"character_chosen":"IRONCLAD","items_purchased":[],"campfire_rested":1,"item_purchase_floors":[],"current_hp_per_floor":[72,78,84,84,78,52,52,53,53,53,20,26,21,2,30,9,74,73,79,54,56,56,0],"gold":428,"neow_bonus":"TWENTY_PERCENT_HP_BONUS","is_prod":false,"is_daily":false,"chose_seed":false,"campfire_upgraded":2,"win_rate":0,"timestamp":1553647868,"path_taken":["M","M","M","?","M","E","R","M","T","R","E","M","M","?","R","BOSS","M","M","M","M","?","E"],"build_version":"2019-01-23","purchased_purges":0,"victory":false,"max_hp_per_floor":[96,96,96,96,96,96,96,96,96,96,96,96,96,96,96,96,96,96,96,96,96,96,96],"card_choices":[{"not_picked":["Thunderclap","Sword Boomerang"],"picked":"Headbutt","floor":1},{"not_picked":["Searing Blow","Pummel","Flex"],"picked":"SKIP","floor":2},{"not_picked":["Combust","Dropkick"],"picked":"Ghostly Armor","floor":3},{"not_picked":["Body Slam","Combust"],"picked":"Shrug It Off","floor":5},{"not_picked":["Sentinel","Shrug It Off"],"picked":"Disarm","floor":6},{"not_picked":["Power Through","Perfected Strike"],"picked":"Seeing Red","floor":8},{"not_picked":["Pummel","Twin Strike"],"picked":"Iron Wave","floor":11},{"not_picked":["Bloodletting","Searing Blow"],"picked":"Anger","floor":12},{"not_picked":["Pommel Strike","Exhume"],"picked":"Anger","floor":13},{"not_picked":["True Grit+1","Headbutt+1"],"picked":"Flex+1","floor":18},{"not_picked":["Wild Strike","Perfected Strike"],"picked":"Flex","floor":19},{"not_picked":["Havoc","Inflame"],"picked":"Intimidate+1","floor":20},{"not_picked":["Double Tap","Wild Strike","Armaments"],"picked":"SKIP","floor":21}],"player_experience":1040551,"relics_obtained":[{"floor":6,"key":"Unceasing Top"},{"floor":11,"key":"Bag of Preparation"}],"event_choices":[{"damage_healed":0,"gold_gain":0,"player_choice":"Grow","damage_taken":0,"max_hp_gain":0,"max_hp_loss":0,"event_name":"Living Wall","floor":4,"gold_loss":0,"cards_upgraded":["Bash"]},{"damage_healed":0,"gold_gain":0,"player_choice":"Entered Light","damage_taken":19,"max_hp_gain":0,"max_hp_loss":0,"event_name":"Shining Light","floor":14,"gold_loss":0,"cards_upgraded":["Ghostly Armor","Anger"]},{"damage_healed":0,"gold_gain":0,"player_choice":"Rummage","damage_taken":0,"relics_obtained":["WarpedTongs"],"max_hp_gain":0,"max_hp_loss":0,"event_name":"Accursed Blacksmith","floor":22,"gold_loss":0,"cards_obtained":["Pain"]}],"is_beta":false,"boss_relics":[{"not_picked":["Cursed Key","Lizard Tail"],"picked":"Empty Cage"}],"items_purged_floors":[],"is_endless":false,"potions_floor_spawned":[2,3,5,6,11,20],"killed_by":"Gremlin Leader","ascension_level":9}