{"gold_per_floor":[114,129,5,20,35,65,65,125,125,125,140,155,106,136,136,236,236,251,15,30,45,45,75,75,75],"floor_reached":25,"playtime":2148,"items_purged":[],"score":283,"play_id":"0eca31fa-284b-43d2-bea0-100567d873e2","local_time":"20180815232356","daily_mods":["Heirloom","Night Terrors","Terminal"],"is_ascension_mode":false,"campfire_choices":[{"data":"Armaments","floor":10,"key":"SMITH"},{"data":"Feed","floor":15,"key":"SMITH"}],"neow_cost":"","seed_source_timestamp":0,"circlet_count":0,"master_deck":["Strike_R","Strike_R","Strike_R","Strike_R","Strike_R","Defend_R","Defend_R","Defend_R","Defend_R","Bash","Seeing Red","Feel No Pain","Seeing Red","Armaments+1","Metallicize","Infernal Blade","Body Slam","Bloodletting","Disarm","Feed+1","Warcry","Havoc","Barricade+1","True Grit","Spot Weakness","Shrug It Off","True Grit","Shrug It Off","Inflame","Pummel","Madness","Dual Wield","Bloodletting+1","Flex","RitualDagger","Second Wind"],"special_seed":17759,"relics":["Burning Blood","Dead Branch","Orichalcum","Smiling Mask","Bottled Tornado","Unceasing Top","Orrery","Meat on the Bone"],"potions_floor_usage":[8,8,14,16,20,23,23],"damage_taken":[{"damage":1,"enemies":"Jaw Worm","floor":1,"turns":3},{"damage":1,"enemies":"Cultist","floor":2,"turns":4},{"damage":5,"enemies":"2 Louse","floor":4,"turns":3},{"damage":8,"enemies":"Exordium Wildlife","floor":5,"turns":5},{"damage":6,"enemies":"3 Sentries","floor":6,"turns":4},{"damage":3,"enemies":"3 Sentries","floor":8,"turns":3},{"damage":3,"enemies":"2 Fungi Beasts","floor":11,"turns":3},{"damage":0,"enemies":"Exordium Thugs","floor":12,"turns":4},{"damage":21,"enemies":"Gremlin Nob","floor":14,"turns":6},{"damage":15,"enemies":"Slime Boss","floor":16,"turns":11},{"damage":7,"enemies":"Spheric Guardian","floor":18,"turns":7},{"damage":0,"enemies":"Shell Parasite","floor":20,"turns":8},{"damage":21,"enemies":"Snake Plant","floor":21,"turns":11},{"damage":48,"enemies":"Slavers","floor":23,"turns":8},{"damage":24,"enemies":"Centurion and Healer","floor":25,"turns":6}],"seed_played":"-170879409254016175","potions_obtained":[{"floor":2,"key":"GamblersBrew"},{"floor":6,"key":"Weak Potion"},{"floor":7,"key":"PowerPotion"},{"floor":7,"key":"AttackPotion"},{"floor":7,"key":"Dexterity Potion"},{"floor":12,"key":"Dexterity Potion"},{"floor":14,"key":"Block Potion"},{"floor":16,"key":"Dexterity Potion"},{"floor":18,"key":"Swift Potion"}],"is_trial":false,"path_per_floor":["M","M","$","M","M","E","?","?","T","R","M","M","$","E","R","B",null,"M","$","M","M","?","E","?"],"character_chosen":"IRONCLAD","items_purchased":["Seeing Red","Armaments","Warcry","Pummel","Madness","Dual Wield"],"campfire_rested":0,"item_purchase_floors":[3,3,13,19,19,19],"current_hp_per_floor":[78,77,76,75,73,73,72,71,70,69,68,67,66,51,51,46,66,69,68,70,55,49,11,11,0],"gold":75,"neow_bonus":"","is_prod":false,"is_daily":true,"chose_seed":false,"campfire_upgraded":2,"win_rate":0,"timestamp":1534397036,"path_taken":["M","M","$","M","M","E","?","?","T","R","M","M","?","E","R","BOSS","M","$","M","M","?","E","?","M"],"build_version":"2018-08-09","purchased_purges":0,"victory":false,"max_hp_per_floor":[78,77,76,75,74,73,72,71,70,69,68,67,66,65,64,67,66,69,68,70,69,68,71,70,70],"card_choices":[{"not_picked":["Clash","Shrug It Off"],"picked":"Seeing Red","floor":1},{"not_picked":["Clash","Iron Wave"],"picked":"Feel No Pain","floor":2},{"not_picked":["Corruption","Flex"],"picked":"Metallicize","floor":4},{"not_picked":["Rage","Shockwave"],"picked":"Infernal Blade","floor":5},{"not_picked":["Clothesline","Cleave"],"picked":"Body Slam","floor":6},{"not_picked":["Heavy Blade","Thunderclap"],"picked":"Bloodletting","floor":8},{"not_picked":["Iron Wave","Clash"],"picked":"Disarm","floor":11},{"not_picked":["Metallicize","Perfected Strike"],"picked":"Feed","floor":12},{"not_picked":["Burning Pact","Sword Boomerang"],"picked":"Havoc","floor":14},{"not_picked":["Reaper","Limit Break"],"picked":"Barricade","floor":16},{"not_picked":["Heavy Blade","Warcry"],"picked":"True Grit","floor":17},{"not_picked":["Clothesline","Whirlwind"],"picked":"Spot Weakness","floor":17},{"not_picked":["Inflame","Combust"],"picked":"Shrug It Off","floor":17},{"not_picked":["Heavy Blade","Anger"],"picked":"True Grit","floor":17},{"not_picked":["Perfected Strike","Rupture"],"picked":"Shrug It Off","floor":17},{"not_picked":["Havoc+1","Headbutt"],"picked":"Inflame","floor":18},{"not_picked":["Brutality","Thunderclap"],"picked":"Bloodletting+1","floor":20},{"not_picked":["Anger","Thunderclap"],"picked":"Flex","floor":21},{"not_picked":["True Grit","Combust"],"picked":"Second Wind","floor":23}],"player_experience":217926,"relics_obtained":[{"floor":6,"key":"Orichalcum"},{"floor":8,"key":"Smiling Mask"},{"floor":9,"key":"Bottled Tornado"},{"floor":14,"key":"Unceasing Top"},{"floor":23,"key":"Meat on the Bone"}],"event_choices":[{"event_name":"The Lab","player_choice":"Got Potions","floor":7,"damage_taken":0},{"event_name":"Dead Adventurer","player_choice":"Searched \u00273\u0027 times","floor":8,"damage_taken":0},{"event_name":"Nest","player_choice":"Joined the Cult","floor":22,"damage_taken":0},{"event_name":"Upgrade Shrine","player_choice":"Upgraded","floor":24,"damage_taken":0}],"is_beta":false,"boss_relics":[{"not_picked":["Mark of Pain","Black Blood"],"picked":"Orrery"}],"items_purged_floors":[],"is_endless":false,"potions_floor_spawned":[2,6,12,14,16,18],"killed_by":"Centurion and Healer","ascension_level":0}