{"gold_per_floor":[114,64,11,27,43,43,72,85,85,105,121,147,147,147,147,147],"floor_reached":16,"playtime":620,"items_purged":[],"score":168,"play_id":"6c8a9fc8-7015-4894-b7e1-4273e7442923","local_time":"20190327231040","is_ascension_mode":true,"campfire_choices":[{"data":"Consume","floor":6,"key":"SMITH"},{"data":"White Noise","floor":13,"key":"SMITH"},{"floor":15,"key":"REST"}],"neow_cost":"NONE","seed_source_timestamp":1035932208629354,"circlet_count":0,"master_deck":["AscendersBane","Strike_B","Strike_B","Defend_B","Defend_B","Defend_B","Defend_B","Zap","Dualcast","Consume+1","Conserve Battery","Cold Snap","White Noise+1","Cold Snap","Self Repair","Compile Driver","Cold Snap"],"relics":["Cracked Core","NeowsBlessing","Blue Candle","The Courier","Symbiotic Virus","Dream Catcher"],"potions_floor_usage":[16,16,16,16],"damage_taken":[{"damage":0,"enemies":"2 Louse","floor":1,"turns":1},{"damage":0,"enemies":"Small Slimes","floor":4,"turns":1},{"damage":0,"enemies":"Cultist","floor":5,"turns":1},{"damage":30,"enemies":"Lagavulin","floor":7,"turns":7},{"damage":7,"enemies":"3 Louse","floor":8,"turns":5},{"damage":0,"enemies":"Exordium Wildlife","floor":10,"turns":3},{"damage":11,"enemies":"Large Slime","floor":11,"turns":5},{"damage":12,"enemies":"3 Sentries","floor":12,"turns":10},{"damage":39,"enemies":"Hexaghost","floor":16,"turns":9}],"seed_played":"-8190023436587047341","potions_obtained":[{"floor":1,"key":"EntropicBrew"},{"floor":10,"key":"Poison Potion"},{"floor":11,"key":"Fire Potion"}],"is_trial":false,"path_per_floor":["?","?","M","?"],"character_chosen":"DEFECT","items_purchased":[],"campfire_rested":1,"item_purchase_floors":[],"current_hp_per_floor":[68,68,68,68,68,68,38,31,31,31,27,22,22,15,37,0],"gold":147,"neow_bonus":"THREE_ENEMY_KILL","is_prod":false,"is_daily":false,"chose_seed":false,"campfire_upgraded":2,"win_rate":0,"timestamp":1553742640,"path_taken":["M","?","?","M","M","R","E","?","T","M","M","E","R","?","R","BOSS"],"build_version":"2019-01-23","purchased_purges":0,"victory":false,"max_hp_per_floor":[75,75,75,75,75,75,75,75,75,75,75,75,75,75,75,75],"card_choices":[{"not_picked":["Chaos","Redo"],"picked":"Consume","floor":1},{"not_picked":["Steam","Melter"],"picked":"Conserve Battery","floor":4},{"not_picked":["Storm","Steam"],"picked":"Cold Snap","floor":5},{"not_picked":["Reprogram","Gash"],"picked":"White Noise","floor":7},{"not_picked":["Hello World","Beam Cell"],"picked":"Cold Snap","floor":8},{"not_picked":["Buffer","Lockon"],"picked":"Self Repair","floor":10},{"not_picked":["Chaos","Beam Cell"],"picked":"Compile Driver","floor":11},{"not_picked":["Amplify","Ball Lightning","Rip and Tear"],"picked":"SKIP","floor":12},{"not_picked":["Rebound","Streamline"],"picked":"Cold Snap","floor":15}],"player_experience":1116245,"relics_obtained":[{"floor":7,"key":"The Courier"},{"floor":9,"key":"Symbiotic Virus"},{"floor":12,"key":"Dream Catcher"}],"event_choices":[{"cards_removed":["Strike_B"],"damage_healed":0,"gold_gain":0,"player_choice":"Card Removal","damage_taken":0,"max_hp_gain":0,"max_hp_loss":0,"event_name":"The Cleric","floor":2,"gold_loss":50},{"damage_healed":0,"gold_gain":0,"player_choice":"Paid Gold","damage_taken":0,"relics_obtained":["Blue Candle"],"max_hp_gain":0,"max_hp_loss":0,"event_name":"WeMeetAgain","floor":3,"gold_loss":53},{"cards_removed":["Strike_B"],"damage_healed":0,"gold_gain":0,"player_choice":"Card Removal","damage_taken":7,"max_hp_gain":0,"max_hp_loss":0,"event_name":"Golden Wing","floor":14,"gold_loss":0}],"is_beta":false,"boss_relics":[],"items_purged_floors":[],"is_endless":false,"potions_floor_spawned":[1,10,11,12],"killed_by":"Hexaghost","ascension_level":10}