{"gold_per_floor":[20,31,41,6,16,50,50,77,104,23,35,35,70,88,88,159,159,172,184,283,558,558],"floor_reached":22,"playtime":941,"items_purged":[],"score":340,"play_id":"789329a9-bbac-4611-8992-cea750eae8ca","local_time":"20181018133903","is_ascension_mode":true,"campfire_choices":[{"data":"Cloak And Dagger","floor":7.0,"key":"SMITH"},{"floor":12.0,"key":"REST"},{"floor":15.0,"key":"REST"}],"neow_cost":"NO_GOLD","seed_source_timestamp":17653624064960,"circlet_count":0,"master_deck":["Defend_G","Defend_G","Defend_G","Defend_G","Defend_G","Strike_G","Strike_G","Strike_G","Strike_G","Strike_G","Survivor","Neutralize","AscendersBane","Jack Of All Trades","Secret Technique","Choke","Cloak And Dagger+1","Well Laid Plans","Masterful Stab","Infinite Blades","A Thousand Cuts","Trip","Cloak And Dagger","Prepared","PiercingWail","A Thousand Cuts","Deflect","Infinite Blades","Regret"],"special_seed":0,"relics":["Ring of the Snake","Matryoshka","Snake Skull","Bag of Preparation","Lantern","Du-Vu Doll","Eternal Feather"],"potions_floor_usage":[22],"damage_taken":[{"damage":0.0,"enemies":"2 Louse","floor":1.0,"turns":3.0},{"damage":4.0,"enemies":"Small Slimes","floor":2.0,"turns":3.0},{"damage":0.0,"enemies":"Cultist","floor":3.0,"turns":2.0},{"damage":0.0,"enemies":"3 Louse","floor":5.0,"turns":4.0},{"damage":7.0,"enemies":"Gremlin Nob","floor":6.0,"turns":4.0},{"damage":54.0,"enemies":"Lagavulin","floor":8.0,"turns":7.0},{"damage":0.0,"enemies":"2 Fungi Beasts","floor":11.0,"turns":2.0},{"damage":10.0,"enemies":"3 Sentries","floor":13.0,"turns":5.0},{"damage":0.0,"enemies":"Gremlin Gang","floor":14.0,"turns":5.0},{"damage":31.0,"enemies":"Hexaghost","floor":16.0,"turns":8.0},{"damage":26.0,"enemies":"2 Thieves","floor":18.0,"turns":5.0},{"damage":6.0,"enemies":"3 Byrds","floor":19.0,"turns":4.0},{"damage":23,"enemies":"Sentry and Sphere","floor":22,"turns":4}],"seed_played":"692234934230301256","potions_obtained":[{"floor":1.0,"key":"Swift Potion"},{"floor":5.0,"key":"Energy Potion"},{"floor":8.0,"key":"SkillPotion"},{"floor":11.0,"key":"SkillPotion"},{"floor":13.0,"key":"Strength Potion"},{"floor":18.0,"key":"Energy Potion"}],"is_trial":false,"path_per_floor":["M","M","M","?","M","E","R","E","T","$","M","R","E","M","R","B",null,"M","M","?","?"],"character_chosen":"THE_SILENT","items_purchased":["Trip"],"campfire_rested":2,"item_purchase_floors":[10],"current_hp_per_floor":[63,59,59,70,70,63,63,9,9,9,9,30,20,20,41,10,55,29,23,23,23,0],"gold":558,"neow_bonus":"RANDOM_COLORLESS_2","is_prod":false,"is_daily":false,"chose_seed":false,"campfire_upgraded":1,"win_rate":0,"timestamp":1539884343,"path_taken":["M","M","M","?","M","E","R","E","T","$","M","R","E","M","R","BOSS","M","M","?","?","M"],"build_version":"2018-10-17v3","purchased_purges":0,"victory":false,"max_hp_per_floor":[70,70,70,70,70,70,70,70,70,70,70,70,70,70,70,70,70,70,70,70,70,70],"card_choices":[{"not_picked":["Deflect","Prepared"],"picked":"Choke","floor":1.0},{"not_picked":["Flying Knee","Sucker Punch"],"picked":"Cloak And Dagger","floor":2.0},{"not_picked":["Footwork","Underhanded Strike"],"picked":"Well Laid Plans","floor":3.0},{"not_picked":["Predator","Deadly Poison"],"picked":"Masterful Stab","floor":5.0},{"not_picked":["Bane","Flying Knee"],"picked":"Infinite Blades","floor":6.0},{"not_picked":["Dagger Throw","PiercingWail"],"picked":"A Thousand Cuts","floor":8.0},{"not_picked":["Flying Knee","PiercingWail"],"picked":"Cloak And Dagger","floor":11.0},{"not_picked":["Finisher","Flying Knee"],"picked":"Prepared","floor":13.0},{"not_picked":["Dodge and Roll","Bullet Time"],"picked":"PiercingWail","floor":14.0},{"not_picked":["Storm of Steel","Corpse Explosion"],"picked":"A Thousand Cuts","floor":16.0},{"not_picked":["Skewer","Sucker Punch"],"picked":"Deflect","floor":18.0},{"not_picked":["Well Laid Plans","Calculated Gamble"],"picked":"Infinite Blades","floor":19.0}],"player_experience":366550,"relics_obtained":[{"floor":6.0,"key":"Matryoshka"},{"floor":8.0,"key":"Snake Skull"},{"floor":9.0,"key":"Bag of Preparation"},{"floor":9.0,"key":"Lantern"},{"floor":13.0,"key":"Du-Vu Doll"}],"event_choices":[{"damage_healed":17.0,"max_hp_gain":0.0,"max_hp_loss":0.0,"gold_gain":0.0,"event_name":"The Cleric","player_choice":"Healed","floor":4.0,"gold_loss":35.0,"damage_taken":0.0},{"damage_healed":0.0,"max_hp_gain":0.0,"max_hp_loss":0.0,"gold_gain":99.0,"event_name":"Nest","player_choice":"Stole From Cult","floor":20.0,"gold_loss":0.0,"damage_taken":0.0},{"damage_healed":0.0,"max_hp_gain":0.0,"max_hp_loss":0.0,"gold_gain":275.0,"event_name":"Golden Shrine","player_choice":"Desecrate","floor":21.0,"gold_loss":0.0,"damage_taken":0.0,"cards_obtained":["Regret"]}],"is_beta":true,"boss_relics":[{"not_picked":["Black Star","Empty Cage"],"picked":"Eternal Feather"}],"items_purged_floors":[],"is_endless":false,"potions_floor_spawned":[1,5,8,11,13,18],"killed_by":"Sentry and Sphere","ascension_level":13}