{"gold_per_floor":[116,116,132,132,57,101,101,121,147,147,117,138,153,153,153,278,278,291,316,316,316],"floor_reached":21,"playtime":1735,"items_purged":["Defend_G"],"score":224,"play_id":"8afbd811-92a4-4e89-8314-0959110f7cb7","local_time":"20190104164216","is_ascension_mode":true,"campfire_choices":[{"data":"Neutralize","floor":7.0,"key":"SMITH"},{"data":"Backflip","floor":15,"key":"SMITH"}],"neow_cost":"NONE","seed_source_timestamp":0,"circlet_count":0,"master_deck":["Defend_G","Defend_G","Defend_G","Strike_G","Strike_G","Strike_G","Survivor","Neutralize+1","Backflip+1","A Thousand Cuts","Prepared","Accuracy","Escape Plan","Burst","Dagger Throw+1","Wraith Form v2+1","Prepared+1"],"special_seed":0,"relics":["Ring of the Snake","NeowsBlessing","Golden Idol","NlothsMask","Ancient Tea Set","Shuriken","Astrolabe"],"potions_floor_usage":[16,16,18],"damage_taken":[{"damage":0.0,"enemies":"Jaw Worm","floor":1.0,"turns":1.0},{"damage":0.0,"enemies":"Small Slimes","floor":3.0,"turns":1.0},{"damage":0.0,"enemies":"3 Sentries","floor":6.0,"turns":1.0},{"damage":0.0,"enemies":"Cultist","floor":8.0,"turns":3.0},{"damage":0.0,"enemies":"Looter","floor":11.0,"turns":4.0},{"damage":4,"enemies":"2 Fungi Beasts","floor":12,"turns":4},{"damage":5,"enemies":"3 Louse","floor":13,"turns":6},{"damage":34,"enemies":"Hexaghost","floor":16,"turns":16},{"damage":2,"enemies":"Chosen","floor":18,"turns":11},{"damage":28,"enemies":"Shell Parasite","floor":19,"turns":17},{"damage":60,"enemies":"Snecko","floor":21,"turns":11}],"seed_played":"4343137488078583414","potions_obtained":[{"floor":3.0,"key":"SkillPotion"},{"floor":6.0,"key":"GhostInAJar"},{"floor":8.0,"key":"Fire Potion"}],"is_trial":false,"path_per_floor":["M","?","M","?","$","E","R","M","T","?","M","M","M","?","R","B",null,"M","M","?","M"],"character_chosen":"THE_SILENT","items_purchased":[],"campfire_rested":0,"item_purchase_floors":[],"current_hp_per_floor":[70,53,53,53,53,53,53,53,53,58,58,54,49,49,49,15,75,73,45,45,0],"gold":316,"neow_bonus":"THREE_ENEMY_KILL","is_prod":false,"is_daily":false,"chose_seed":false,"campfire_upgraded":2,"win_rate":0,"timestamp":1546648936,"path_taken":["M","?","M","?","$","E","R","?","T","?","M","M","M","?","R","BOSS","M","M","?","M"],"build_version":"2019-01-03v4","purchased_purges":1,"victory":false,"max_hp_per_floor":[70,70,70,70,70,70,70,70,70,75,75,75,75,75,75,75,75,75,75,75,75],"card_choices":[{"not_picked":["Underhanded Strike","Heel Hook"],"picked":"Backflip","floor":1.0},{"not_picked":["PiercingWail","Deadly Poison"],"picked":"A Thousand Cuts","floor":3.0},{"not_picked":["Slice","Quick Slash","Predator"],"picked":"SKIP","floor":6.0},{"not_picked":["Quick Slash","Flying Knee"],"picked":"Prepared","floor":8.0},{"not_picked":["Deadly Poison","Skewer"],"picked":"Accuracy","floor":11.0},{"not_picked":["Flying Knee","Outmaneuver"],"picked":"Escape Plan","floor":12},{"not_picked":["Endless Agony","Outmaneuver","Quick Slash"],"picked":"SKIP","floor":13},{"not_picked":["Adrenaline","Envenom"],"picked":"Burst","floor":16},{"not_picked":["Dagger Spray","Deflect","Dodge and Roll"],"picked":"SKIP","floor":18},{"not_picked":["Bouncing Flask+1","Backflip+1","Acrobatics"],"picked":"SKIP","floor":19}],"player_experience":73548,"relics_obtained":[{"floor":6.0,"key":"Ancient Tea Set"}],"event_choices":[{"damage_healed":0.0,"max_hp_gain":0.0,"max_hp_loss":0.0,"gold_gain":0.0,"event_name":"Golden Idol","player_choice":"Take Damage","floor":2.0,"gold_loss":0.0,"damage_taken":17.0,"relics_obtained":["Golden Idol"]},{"damage_healed":0.0,"max_hp_gain":0.0,"max_hp_loss":0.0,"gold_gain":0.0,"event_name":"FaceTrader","player_choice":"Trade","floor":4.0,"gold_loss":0.0,"damage_taken":0.0,"relics_obtained":["NlothsMask"]},{"damage_healed":0.0,"max_hp_gain":5.0,"max_hp_loss":0.0,"gold_gain":0.0,"event_name":"Big Fish","player_choice":"Donut","floor":10.0,"gold_loss":0.0,"damage_taken":0.0},{"damage_healed":0,"gold_gain":0,"player_choice":"Searched \u00271\u0027 times","damage_taken":0,"relics_obtained":["Shuriken"],"max_hp_gain":0,"max_hp_loss":0,"event_name":"Dead Adventurer","floor":14,"gold_loss":0},{"damage_healed":0,"gold_gain":0,"player_choice":"Ignored","damage_taken":0,"max_hp_gain":0,"max_hp_loss":0,"event_name":"Ghosts","floor":20,"gold_loss":0}],"is_beta":false,"boss_relics":[{"not_picked":["HoveringKite","Busted Crown"],"picked":"Astrolabe"}],"items_purged_floors":[5],"is_endless":false,"potions_floor_spawned":[3,6,8],"killed_by":"Snecko","ascension_level":2}