{"gold_per_floor":[111,111,126,126,144,179,179,179,179,179,194,194,211,226,226,226],"floor_reached":16,"playtime":494,"items_purged":[],"score":102,"play_id":"3732d625-d7ec-4bc7-a0f7-6a9d2199d301","local_time":"20190208093535","is_ascension_mode":false,"campfire_choices":[{"floor":7,"key":"REST"},{"data":"Searing Blow","floor":10,"key":"SMITH"},{"floor":12,"key":"REST"},{"floor":15,"key":"REST"}],"neow_cost":"NONE","seed_source_timestamp":854484419933537,"circlet_count":0,"master_deck":["Strike_R","Strike_R","Strike_R","Strike_R","Defend_R","Defend_R","Defend_R","Defend_R","Bash","Searing Blow+1","Warcry","Disarm","Barricade+1","Body Slam","Shrug It Off","Iron Wave"],"special_seed":0,"relics":["Burning Blood"],"potions_floor_usage":[13,16,16],"damage_taken":[{"damage":5.0,"enemies":"Small Slimes","floor":1.0,"turns":3.0},{"damage":1.0,"enemies":"2 Louse","floor":3.0,"turns":3.0},{"damage":1.0,"enemies":"Jaw Worm","floor":5.0,"turns":3.0},{"damage":62.0,"enemies":"Lagavulin","floor":6.0,"turns":9.0},{"damage":51,"enemies":"Exordium Thugs","floor":11,"turns":8},{"damage":13,"enemies":"Looter","floor":13,"turns":4},{"damage":7,"enemies":"2 Fungi Beasts","floor":14,"turns":5},{"damage":85,"enemies":"Slime Boss","floor":16,"turns":13}],"seed_played":"-5482189568626764618","potions_obtained":[{"floor":1.0,"key":"LiquidBronze"},{"floor":5.0,"key":"GamblersBrew"},{"floor":11,"key":"Regen Potion"}],"is_trial":false,"path_per_floor":["M","?","M","?","M","E","R","?","T","R","M","R","M","M","R","B"],"character_chosen":"IRONCLAD","items_purchased":[],"campfire_rested":3,"item_purchase_floors":[],"current_hp_per_floor":[88,93,93,86,91,35,62,62,62,62,17,44,49,48,75,0],"gold":226,"neow_bonus":"TEN_PERCENT_HP_BONUS","is_prod":false,"is_daily":false,"chose_seed":false,"campfire_upgraded":1,"win_rate":0,"timestamp":1549643735,"path_taken":["M","?","M","?","M","E","R","?","T","R","M","R","?","M","R","BOSS"],"build_version":"2019-01-23","purchased_purges":0,"victory":false,"max_hp_per_floor":[88,93,93,93,93,93,93,93,93,93,93,93,93,93,93,93],"card_choices":[{"not_picked":["Inflame","Pommel Strike"],"picked":"Searing Blow","floor":1.0},{"not_picked":["Power Through","Havoc"],"picked":"Warcry","floor":3.0},{"not_picked":["Corruption","Heavy Blade"],"picked":"Disarm","floor":5.0},{"not_picked":["Cleave","Pummel"],"picked":"Barricade","floor":6},{"not_picked":["Thunderclap","Armaments"],"picked":"Body Slam","floor":11},{"not_picked":["Cleave","Searing Blow"],"picked":"Shrug It Off","floor":13},{"not_picked":["Thunderclap","Sword Boomerang"],"picked":"Iron Wave","floor":14}],"player_experience":1403685,"relics_obtained":[],"event_choices":[{"damage_healed":0.0,"max_hp_gain":5.0,"max_hp_loss":0.0,"gold_gain":0.0,"event_name":"Big Fish","player_choice":"Donut","floor":2.0,"gold_loss":0.0,"damage_taken":0.0},{"cards_removed":["Strike_R"],"damage_healed":0.0,"max_hp_gain":0.0,"max_hp_loss":0.0,"gold_gain":0.0,"event_name":"Golden Wing","player_choice":"Card Removal","floor":4.0,"gold_loss":0.0,"damage_taken":7.0},{"damage_healed":0,"gold_gain":0,"player_choice":"Upgraded","damage_taken":0,"max_hp_gain":0,"max_hp_loss":0,"event_name":"Upgrade Shrine","floor":8,"gold_loss":0,"cards_upgraded":["Barricade"]}],"is_beta":false,"boss_relics":[],"items_purged_floors":[],"is_endless":false,"potions_floor_spawned":[1,5,11],"killed_by":"Slime Boss","ascension_level":0}