{"gold_per_floor":[117,134,134,8,8,41,41,71,71,71,117,128,128,143,143,247,247,233,133,183,200,200,200,246,264,264,264,281,281,313,313,313,417,417,436,49,67,84,96,96,96,96],"floor_reached":42,"playtime":4328,"items_purged":["Strike_R","Strike_R+1"],"score":483,"play_id":"1319edf3-a723-403d-8d21-85c7a6d5cbd7","local_time":"20190406162809","is_ascension_mode":true,"campfire_choices":[{"data":"True Grit","floor":7,"key":"SMITH"},{"data":"Thunderclap","floor":13,"key":"SMITH"},{"data":"Bash","floor":15,"key":"SMITH"},{"floor":23,"key":"RECALL"},{"floor":29,"key":"REST"},{"data":"Shrug It Off","floor":32,"key":"SMITH"},{"floor":40,"key":"REST"}],"neow_cost":"NONE","seed_source_timestamp":619777974245000,"circlet_count":0,"master_deck":["Strike_R","Defend_R","Defend_R","Defend_R","Defend_R","Bash+1","Thunderclap+1","Iron Wave+1","True Grit+1","Shrug It Off+1","Disarm+1","Evolve+1","Sentinel+1","J.A.X.+1","True Grit+1","Reaper","Inflame+1","True Grit+1"],"relics":["Burning Blood","NeowsBlessing","Frozen Egg 2","Red Skull","Regal Pillow","Mark of Pain","Juzu Bracelet","Ornamental Fan","Toxic Egg 2","Runic Cube","Oddly Smooth Stone"],"potions_floor_usage":[16,27,33,37,39,42],"damage_taken":[{"damage":0,"enemies":"Cultist","floor":1,"turns":1},{"damage":0,"enemies":"2 Louse","floor":2,"turns":1},{"damage":0,"enemies":"3 Sentries","floor":6,"turns":1},{"damage":0,"enemies":"Small Slimes","floor":12,"turns":3},{"damage":4,"enemies":"Looter","floor":14,"turns":4},{"damage":60,"enemies":"Slime Boss","floor":16,"turns":13},{"damage":18,"enemies":"2 Thieves","floor":18,"turns":4},{"damage":20,"enemies":"3 Byrds","floor":21,"turns":9},{"damage":19,"enemies":"Centurion and Healer","floor":25,"turns":8},{"damage":21,"enemies":"Colosseum Slavers","floor":27,"turns":5},{"damage":1,"enemies":"Shelled Parasite and Fungi","floor":28,"turns":5},{"damage":3,"enemies":"Book of Stabbing","floor":30,"turns":9},{"damage":48,"enemies":"Automaton","floor":33,"turns":11},{"damage":37,"enemies":"3 Darklings","floor":35,"turns":5},{"damage":5,"enemies":"3 Shapes","floor":37,"turns":6},{"damage":33,"enemies":"Spire Growth","floor":38,"turns":7},{"damage":53,"enemies":"Sphere and 2 Shapes","floor":39,"turns":10},{"damage":58,"enemies":"Nemesis","floor":42,"turns":4}],"seed_played":"5282354559258906301","potions_obtained":[{"floor":12,"key":"Regen Potion"},{"floor":21,"key":"EssenceOfSteel"},{"floor":28,"key":"Weak Potion"},{"floor":33,"key":"GamblersBrew"},{"floor":38,"key":"Block Potion"},{"floor":39,"key":"PowerPotion"}],"is_trial":false,"path_per_floor":["M","M","?","$","?","E","R","?","T","?","T","M","R","M","R","B",null,"M","$","?","M","?","R","T","M","T","?","M","R","E","?","R","B",null,"M","$","M","M","M","R","?","E"],"character_chosen":"IRONCLAD","items_purchased":["Iron Wave","Reaper","Oddly Smooth Stone","Inflame+1"],"campfire_rested":2,"item_purchase_floors":[4,36,36,36],"current_hp_per_floor":[80,80,80,80,80,80,80,80,80,64,64,70,70,72,72,33,80,68,68,68,54,54,54,54,41,41,26,31,70,73,73,73,31,80,49,49,62,42,9,48,48,0],"gold":96,"neow_bonus":"THREE_ENEMY_KILL","is_prod":false,"is_daily":false,"chose_seed":false,"campfire_upgraded":4,"win_rate":0,"timestamp":1554582489,"path_taken":["M","?","?","$","?","E","R","?","T","?","?","M","R","M","R","BOSS","M","$","?","?","?","R","?","M","T","?","M","R","E","?","R","BOSS","M","$","M","M","M","R","?","E"],"build_version":"2019-01-23","purchased_purges":2,"victory":false,"max_hp_per_floor":[80,80,80,80,80,80,80,80,80,80,80,80,80,80,80,80,80,80,80,80,80,80,80,80,80,80,80,80,80,80,80,80,80,80,80,80,80,80,80,80,80,80],"card_choices":[{"not_picked":["Perfected Strike","Power Through"],"picked":"Thunderclap","floor":1},{"not_picked":["Anger","Warcry","Blood for Blood"],"picked":"SKIP","floor":2},{"not_picked":["Corruption","Sword Boomerang"],"picked":"True Grit","floor":6},{"not_picked":["Cleave","Clash"],"picked":"Shrug It Off","floor":12},{"not_picked":["Immolate","Blood for Blood","Spot Weakness"],"picked":"SKIP","floor":14},{"not_picked":["Second Wind","Wild Strike"],"picked":"Disarm+1","floor":18},{"not_picked":["Thunderclap","Second Wind","Sever Soul"],"picked":"SKIP","floor":21},{"not_picked":["Intimidate","Sword Boomerang"],"picked":"Evolve+1","floor":25},{"not_picked":["Fire Breathing+1","Carnage","Pommel Strike"],"picked":"SKIP","floor":28},{"not_picked":["Whirlwind+1","Blood for Blood+1"],"picked":"Sentinel","floor":30},{"not_picked":["Dropkick+1","Flex+1"],"picked":"True Grit+1","floor":35},{"not_picked":["Thunderclap","Pummel+1","Cleave"],"picked":"SKIP","floor":37},{"not_picked":["Twin Strike","Hemokinesis"],"picked":"True Grit+1","floor":38},{"not_picked":["Flex+1","Clothesline+1","Iron Wave+1"],"picked":"SKIP","floor":39}],"player_experience":180885,"relics_obtained":[{"floor":6,"key":"Frozen Egg 2"},{"floor":11,"key":"Regal Pillow"},{"floor":24,"key":"Juzu Bracelet"},{"floor":26,"key":"Ornamental Fan"},{"floor":30,"key":"Toxic Egg 2"}],"event_choices":[{"damage_healed":0,"gold_gain":0,"player_choice":"Ignored","damage_taken":0,"max_hp_gain":0,"max_hp_loss":0,"event_name":"Golden Idol","floor":3,"gold_loss":0},{"cards_removed":["Strike_R"],"damage_healed":0,"gold_gain":0,"player_choice":"Forget","damage_taken":0,"max_hp_gain":0,"max_hp_loss":0,"event_name":"Living Wall","floor":5,"gold_loss":0},{"damage_healed":0,"gold_gain":30,"player_choice":"Searched \u00272\u0027 times","damage_taken":0,"relics_obtained":["Red Skull"],"max_hp_gain":0,"max_hp_loss":0,"event_name":"Dead Adventurer","floor":8,"gold_loss":0},{"damage_healed":0,"gold_gain":0,"player_choice":"Entered Light","damage_taken":16,"max_hp_gain":0,"max_hp_loss":0,"event_name":"Shining Light","floor":10,"gold_loss":0,"cards_upgraded":["Iron Wave","Strike_R"]},{"damage_healed":0,"gold_gain":100,"player_choice":"Bet on Murderer","damage_taken":0,"max_hp_gain":0,"max_hp_loss":0,"event_name":"The Joust","floor":20,"gold_loss":50},{"cards_removed":["Strike_R"],"damage_healed":0,"gold_gain":0,"player_choice":"Elegance","damage_taken":0,"max_hp_gain":0,"max_hp_loss":0,"event_name":"Back to Basics","floor":22,"gold_loss":0},{"damage_healed":0,"gold_gain":0,"player_choice":"Fight","damage_taken":0,"max_hp_gain":0,"max_hp_loss":0,"event_name":"Colosseum","floor":27,"gold_loss":0},{"damage_healed":0,"gold_gain":0,"player_choice":"Fled From Nobs","damage_taken":0,"max_hp_gain":0,"max_hp_loss":0,"event_name":"Colosseum","floor":27,"gold_loss":0},{"damage_healed":0,"gold_gain":0,"player_choice":"Obtain J.A.X.","damage_taken":0,"max_hp_gain":0,"max_hp_loss":0,"event_name":"Drug Dealer","floor":31,"gold_loss":0,"cards_obtained":["J.A.X."]},{"damage_healed":0,"gold_gain":0,"player_choice":"Ignored","damage_taken":0,"max_hp_gain":0,"max_hp_loss":0,"event_name":"Mysterious Sphere","floor":41,"gold_loss":0}],"is_beta":false,"boss_relics":[{"not_picked":["Lizard Tail","Black Blood"],"picked":"Mark of Pain"},{"not_picked":["Pandora\u0027s Box","White Beast Statue"],"picked":"Runic Cube"}],"items_purged_floors":[4,19],"is_endless":false,"potions_floor_spawned":[12,21,28,33,38,39],"killed_by":"Nemesis","ascension_level":2}