{"gold_per_floor":[114,114,129,404,419,479,494,524,524,539,539,600,615,630,630,730,730,745,745,760,775,775,775,790,790,815,815,815,830,860,875,875,975,975,990,45,60,60,75,105,75,75,100,400,415,430,460,475,475,475],"floor_reached":51,"playtime":2544,"items_purged":[],"score":993,"play_id":"2175a416-ce83-45ba-9942-bb2f68bbbe8b","local_time":"20180825203726","daily_mods":["Specialized","Cursed Run","Time Dilation"],"is_ascension_mode":false,"campfire_choices":[{"floor":11,"key":"REST"},{"floor":15,"key":"REST"},{"data":"Reaper","floor":23,"key":"SMITH"},{"data":"Pummel","floor":25,"key":"SMITH"},{"data":"RitualDagger","floor":32,"key":"SMITH"},{"data":"1","floor":42,"key":"LIFT"},{"floor":49,"key":"REST"}],"neow_cost":"","seed_source_timestamp":0,"circlet_count":0,"master_deck":["Strike_R","Strike_R","Strike_R","Strike_R","Strike_R","Defend_R","Defend_R","Defend_R","Defend_R","Bash","Heavy Blade","Thunderclap","Shrug It Off","Regret","Spot Weakness","Headbutt","Iron Wave","Pummel+1","Shame","Feel No Pain","Pummel","Heavy Blade","Shame","Reaper+1","Sever Soul+1","Sever Soul+1","Dual Wield+1","Cleave+1","Shame","Inflame","Shrug It Off","Reaper","Doubt","RitualDagger+1","Writhe","Metallicize+1","Rage+1","Disarm+1","Parasite","Double Tap","Cleave+1","Power Through","Shrug It Off","Sword Boomerang","True Grit","Power Through+1","Apotheosis","Inflame","Madness","Fire Breathing+1","Writhe","Wild Strike+1","Barricade","Writhe","Writhe","Rage+1","Twin Strike+1","Reckless Charge+1","Sword Boomerang+1","Pain"],"special_seed":17769,"relics":["Cursed Key","Darkstone Periapt","Du-Vu Doll","Tiny Chest","Torii","Red Skull","Astrolabe","Calipers","Orichalcum","Ice Cream","Ginger","Orrery","Turnip","Girya","Happy Flower","Potion Belt","Old Coin","Blood Vial"],"potions_floor_usage":[16,21,24,29,30,30,33,33,39,40,45,45],"damage_taken":[{"damage":8,"enemies":"2 Louse","floor":1,"turns":3},{"damage":1,"enemies":"Jaw Worm","floor":3,"turns":3},{"damage":3,"enemies":"Cultist","floor":5,"turns":2},{"damage":29,"enemies":"Lagavulin","floor":6,"turns":3},{"damage":4,"enemies":"Exordium Wildlife","floor":7,"turns":3},{"damage":22,"enemies":"3 Sentries","floor":8,"turns":5},{"damage":0,"enemies":"Lots of Slimes","floor":10,"turns":3},{"damage":1,"enemies":"Large Slime","floor":13,"turns":4},{"damage":1,"enemies":"Gremlin Gang","floor":14,"turns":3},{"damage":19,"enemies":"The Guardian","floor":16,"turns":7},{"damage":19,"enemies":"2 Thieves","floor":18,"turns":3},{"damage":0,"enemies":"Spheric Guardian","floor":20,"turns":2},{"damage":19,"enemies":"Shelled Parasite and Fungi","floor":21,"turns":5},{"damage":0,"enemies":"Snecko","floor":24,"turns":2},{"damage":31,"enemies":"Snake Plant","floor":29,"turns":3},{"damage":2,"enemies":"Slavers","floor":30,"turns":4},{"damage":0,"enemies":"Cultist and Chosen","floor":31,"turns":4},{"damage":100,"enemies":"Automaton","floor":33,"turns":9},{"damage":9,"enemies":"3 Darklings","floor":35,"turns":3},{"damage":10,"enemies":"Orb Walker","floor":37,"turns":3},{"damage":20,"enemies":"4 Shapes","floor":39,"turns":5},{"damage":16,"enemies":"2 Orb Walkers","floor":40,"turns":5},{"damage":1,"enemies":"3 Darklings","floor":45,"turns":5},{"damage":0,"enemies":"Maw","floor":46,"turns":3},{"damage":43,"enemies":"Giant Head","floor":47,"turns":7},{"damage":13,"enemies":"Flame Bruiser 2 Orb","floor":48,"turns":3},{"damage":91,"enemies":"Donu and Deca","floor":50,"turns":7}],"seed_played":"1407461410960682535","potions_obtained":[{"floor":5,"key":"Swift Potion"},{"floor":10,"key":"Block Potion"},{"floor":13,"key":"PowerPotion"},{"floor":18,"key":"Explosive Potion"},{"floor":21,"key":"EntropicBrew"},{"floor":29,"key":"AttackPotion"},{"floor":31,"key":"SpeedPotion"},{"floor":35,"key":"Dexterity Potion"},{"floor":37,"key":"FearPotion"},{"floor":40,"key":"AttackPotion"},{"floor":41,"key":"FairyPotion"},{"floor":41,"key":"FearPotion"}],"is_trial":false,"path_per_floor":["M","?","M","?","M","E","M","E","T","M","R","?","M","M","R","B",null,"M","?","M","M","?","R","M","R","T","?","?","M","E","M","R","B",null,"M","$","M","?","M","E","?","R","T","T","M","M","E","M","R","B"],"character_chosen":"IRONCLAD","items_purchased":["Apotheosis","Turnip","Girya","Inflame","Madness"],"campfire_rested":3,"item_purchase_floors":[36,36,36,36,36],"current_hp_per_floor":[72,72,71,77,74,45,41,19,25,25,52,52,51,50,77,64,98,79,85,85,90,90,90,90,90,96,90,96,81,110,116,116,55,122,113,113,103,128,108,92,92,92,98,104,103,103,78,67,109,56],"gold":475,"neow_bonus":"","is_prod":false,"is_daily":true,"chose_seed":false,"campfire_upgraded":3,"win_rate":0,"timestamp":1535251046,"path_taken":["M","?","M","?","M","E","?","E","T","M","R","?","M","?","R","BOSS","M","?","M","M","?","R","M","R","T","?","?","M","E","M","R","BOSS","M","$","M","?","M","E","?","R","T","?","M","?","E","M","R","BOSS"],"build_version":"2018-08-23v2","purchased_purges":0,"victory":true,"max_hp_per_floor":[80,80,80,86,86,86,86,86,92,92,92,92,92,92,92,98,98,98,104,104,104,104,104,104,104,110,110,116,116,116,116,116,122,122,122,122,122,128,128,128,128,128,134,140,140,140,140,140,140,146],"card_choices":[{"not_picked":["True Grit","Fire Breathing"],"picked":"Heavy Blade","floor":1},{"not_picked":["Pommel Strike","Shockwave"],"picked":"Shrug It Off","floor":3},{"not_picked":["Wild Strike","Whirlwind"],"picked":"Spot Weakness","floor":5},{"not_picked":["Warcry","Dual Wield"],"picked":"Headbutt","floor":6},{"not_picked":["Havoc","Headbutt"],"picked":"Iron Wave","floor":7},{"not_picked":["Corruption","Perfected Strike"],"picked":"Pummel","floor":8},{"not_picked":["Power Through","Headbutt"],"picked":"Feel No Pain","floor":10},{"not_picked":["Clash","Iron Wave"],"picked":"Pummel","floor":13},{"not_picked":["Spot Weakness","Body Slam"],"picked":"Heavy Blade","floor":14},{"not_picked":["Brutality","Fiend Fire"],"picked":"Reaper","floor":16},{"not_picked":["True Grit+1","Rage"],"picked":"Cleave+1","floor":18},{"not_picked":["Clash","Headbutt+1"],"picked":"Inflame","floor":20},{"not_picked":["Wild Strike+1","Pommel Strike"],"picked":"Shrug It Off","floor":21},{"not_picked":["Wild Strike","Clash"],"picked":"Reaper","floor":24},{"not_picked":["Fire Breathing+1","Iron Wave"],"picked":"Metallicize+1","floor":29},{"not_picked":["Iron Wave","Anger"],"picked":"Rage+1","floor":30},{"not_picked":["Bloodletting+1","Clash"],"picked":"Disarm+1","floor":31},{"not_picked":["Brutality","Barricade"],"picked":"Double Tap","floor":33},{"not_picked":["Havoc+1","Sentinel+1"],"picked":"Cleave+1","floor":34},{"not_picked":["Sentinel","Rupture"],"picked":"Power Through","floor":34},{"not_picked":["Shockwave","Clothesline"],"picked":"Shrug It Off","floor":34},{"not_picked":["Body Slam+1","Juggernaut"],"picked":"Sword Boomerang","floor":34},{"not_picked":["Body Slam","Clash"],"picked":"True Grit","floor":34},{"not_picked":["Anger","Dropkick"],"picked":"Power Through+1","floor":35},{"not_picked":["Pommel Strike","Corruption"],"picked":"Fire Breathing+1","floor":37},{"not_picked":["Clothesline+1","Warcry"],"picked":"Wild Strike+1","floor":39},{"not_picked":["Warcry+1","Brutality"],"picked":"Barricade","floor":40},{"not_picked":["Havoc+1","True Grit"],"picked":"Rage+1","floor":45},{"not_picked":["Searing Blow","Wild Strike"],"picked":"Twin Strike+1","floor":46},{"not_picked":["Barricade","Twin Strike+1"],"picked":"Reckless Charge+1","floor":47},{"not_picked":["Sever Soul+1","Entrench"],"picked":"Sword Boomerang+1","floor":48}],"player_experience":343446,"relics_obtained":[{"floor":6,"key":"Tiny Chest"},{"floor":8,"key":"Torii"},{"floor":9,"key":"Red Skull"},{"floor":26,"key":"Orichalcum"},{"floor":30,"key":"Ginger"},{"floor":40,"key":"Happy Flower"},{"floor":43,"key":"Potion Belt"},{"floor":44,"key":"Old Coin"},{"floor":47,"key":"Blood Vial"}],"event_choices":[{"event_name":"Living Wall","player_choice":"Change","floor":2,"damage_taken":0},{"event_name":"Golden Shrine","player_choice":"Desecrate","floor":4,"damage_taken":0},{"event_name":"Golden Wing","player_choice":"Gained Gold","floor":12,"damage_taken":0},{"event_name":"Addict","player_choice":"Stole Relic","floor":19,"damage_taken":0},{"event_name":"Back to Basics","player_choice":"Elegance","floor":22,"damage_taken":0},{"event_name":"Nest","player_choice":"Joined the Cult","floor":27,"damage_taken":0},{"event_name":"The Mausoleum","player_choice":"Yes","floor":28,"damage_taken":0},{"event_name":"Winding Halls","player_choice":"Writhe","floor":38,"damage_taken":0},{"event_name":"The Woman in Blue","player_choice":"Bought 2 Potions","floor":41,"damage_taken":0}],"is_beta":false,"boss_relics":[{"not_picked":["Runic Dome","Runic Pyramid"],"picked":"Astrolabe"},{"not_picked":["Fusion Hammer","Coffee Dripper"],"picked":"Orrery"}],"items_purged_floors":[],"is_endless":false,"potions_floor_spawned":[5,10,13,18,21,29,31,35,37,40],"ascension_level":0}