{"path_per_floor":["M","M","?","M","$","E","R","E","T","R","?","M","R","$","R","B",null,"M","?","M","M","$"],"character_chosen":"IRONCLAD","items_purchased":["Matryoshka","Metallicize","Shrug It Off","Membership Card","Tiny Chest"],"gold_per_floor":[367,380,380,394,56,86,86,119,146,146,146,160,160,5,5,109,109,123,123,135,146,81],"floor_reached":23,"campfire_rested":3,"playtime":1278,"current_hp_per_floor":[37,33,59,65,65,34,58,42,42,42,35,31,55,55,79,9,80,71,56,56,56,56],"items_purged":[],"gold":81,"score":235,"play_id":"f3bd87d3-5c25-4324-a7e5-134cfa931377","is_prod":false,"is_daily":false,"is_ascension_mode":true,"campfire_upgraded":1,"path_taken":["M","M","?","M","$","E","R","E","T","R","?","?","R","?","R","BOSS","M","?","?","M","$","E"],"build_version":"2018-02-22-PROD2","purchased_purges":1,"victory":false,"master_deck":["Defend_R","Defend_R","Defend_R","Defend_R","Bash","Burning Pact","Thunderclap","Corruption+1","Metallicize","Shrug It Off","Thunderclap","Power Through","Flame Barrier","Demon Form","Heavy Blade","Bite","Bite","Bite","Bite","Bite","Whirlwind","Bludgeon"],"max_hp_per_floor":[80,80,80,80,80,80,80,80,80,80,80,80,80,80,80,80,80,80,56,56,56,56],"relics":["Burning Blood","Matryoshka","Bronze Scales","Frozen Eye","Ancient Tea Set","Omamori","The Courier","Membership Card","Velvet Choker","Tiny Chest"],"card_choices":[{"not_picked":["Sword Boomerang","Disarm"],"picked":"Burning Pact"},{"not_picked":["Twin Strike","Reckless Charge"],"picked":"Thunderclap"},{"not_picked":["Flex","Burning Pact"],"picked":"Corruption"},{"not_picked":["Headbutt","Twin Strike"],"picked":"Thunderclap"},{"not_picked":["Headbutt","Heavy Blade"],"picked":"Power Through"},{"not_picked":["Iron Wave","Bloodletting"],"picked":"Flame Barrier"},{"not_picked":["Reaper","Brutality"],"picked":"Demon Form"},{"not_picked":["Sword Boomerang","Perfected Strike"],"picked":"Heavy Blade"},{"not_picked":["Clothesline","Seeing Red"],"picked":"Whirlwind"},{"not_picked":["Wild Strike","Evolve"],"picked":"Bludgeon"}],"player_experience":186243,"potions_floor_usage":[16,20,21,23],"damage_taken":[{"damage":9,"enemies":"Small Slimes","floor":1,"turns":4},{"damage":10,"enemies":"Jaw Worm","floor":2,"turns":4},{"damage":0,"enemies":"2 Louse","floor":4,"turns":3},{"damage":37,"enemies":"Lagavulin","floor":6,"turns":9},{"damage":22,"enemies":"Gremlin Nob","floor":8,"turns":5},{"damage":10,"enemies":"Large Slime","floor":12,"turns":6},{"damage":76,"enemies":"Slime Boss","floor":16,"turns":14},{"damage":15,"enemies":"Spheric Guardian","floor":18,"turns":6},{"damage":8,"enemies":"2 Thieves","floor":20,"turns":4},{"damage":1,"enemies":"Centurion and Healer","floor":21,"turns":6},{"damage":65,"enemies":"Gremlin Leader","floor":23,"turns":4}],"event_choices":[{"event_name":"Big Fish","player_choice":"Banana","floor":3,"damage_taken":0},{"event_name":"Scrap Ooze","player_choice":"success","floor":11,"damage_taken":7},{"event_name":"Vampires","player_choice":"Became a vampire","floor":19,"damage_taken":0}],"boss_relics":[{"not_picked":["Black Star","Runic Dome"],"picked":"Velvet Choker"}],"potions_floor_spawned":[1,8,12,16,20],"seed_played":"7877622476697491208","killed_by":"Gremlin Leader","ascension_level":1,"is_trial":false}