{"gold_per_floor":[16,32,0,15,190,190,218,231,231,201],"floor_reached":10,"playtime":358,"items_purged":[],"score":68,"play_id":"dc11d45c-c6e0-4f35-8ec6-6059eb2fae49","local_time":"20190214170020","is_ascension_mode":false,"campfire_choices":[{"data":"Neutralize","floor":6,"key":"SMITH"}],"neow_cost":"NO_GOLD","seed_source_timestamp":164563427162662,"circlet_count":0,"master_deck":["Defend_G","Defend_G","Defend_G","Defend_G","Strike_G","Strike_G","Strike_G","Strike_G","Survivor","Neutralize+1","Cloak And Dagger","Caltrops","Doubt","Dagger Spray","Deflect","Backflip"],"relics":["Ring of the Snake","Kunai"],"potions_floor_usage":[7,8],"damage_taken":[{"damage":0,"enemies":"Small Slimes","floor":1,"turns":4},{"damage":1,"enemies":"Jaw Worm","floor":2,"turns":4},{"damage":0,"enemies":"2 Louse","floor":4,"turns":3},{"damage":20,"enemies":"Lagavulin","floor":7,"turns":9},{"damage":10,"enemies":"Gremlin Gang","floor":8,"turns":4},{"damage":0,"enemies":"Looter","floor":10,"turns":4}],"seed_played":"-2506701581679906007","potions_obtained":[{"floor":1,"key":"GhostInAJar"},{"floor":2,"key":"Fire Potion"}],"is_trial":false,"path_per_floor":["M","M","?","M","?","R","E","M","T","M"],"character_chosen":"THE_SILENT","items_purchased":[],"campfire_rested":0,"item_purchase_floors":[],"current_hp_per_floor":[70,69,69,69,69,69,49,39,39,39],"gold":201,"neow_bonus":"REMOVE_TWO","is_prod":false,"is_daily":false,"chose_seed":false,"campfire_upgraded":1,"win_rate":0,"timestamp":1550188820,"path_taken":["M","M","?","M","?","R","E","M","T","M"],"build_version":"2019-01-23","purchased_purges":0,"victory":false,"max_hp_per_floor":[70,70,70,70,70,70,70,70,70,70],"card_choices":[{"not_picked":["Dagger Throw","Tactician"],"picked":"Cloak And Dagger","floor":1},{"not_picked":["Calculated Gamble","Outmaneuver"],"picked":"Caltrops","floor":2},{"not_picked":["Flying Knee","Predator","Underhanded Strike"],"picked":"SKIP","floor":4},{"not_picked":["Flying Knee","Caltrops"],"picked":"Dagger Spray","floor":7},{"not_picked":["Dagger Throw","Masterful Stab"],"picked":"Deflect","floor":8},{"not_picked":["Bane","Acrobatics"],"picked":"Backflip","floor":10}],"player_experience":1476596,"relics_obtained":[{"floor":7,"key":"Kunai"}],"event_choices":[{"damage_healed":0,"gold_gain":0,"player_choice":"Left Gold","damage_taken":0,"max_hp_gain":0,"max_hp_loss":0,"event_name":"World of Goop","floor":3,"gold_loss":32},{"damage_healed":0,"gold_gain":175,"player_choice":"AGREE","damage_taken":0,"max_hp_gain":0,"max_hp_loss":0,"event_name":"Liars Game","floor":5,"gold_loss":0,"cards_obtained":["Doubt"]}],"is_beta":false,"boss_relics":[],"items_purged_floors":[],"is_endless":false,"potions_floor_spawned":[1,2],"killed_by":"Looter","ascension_level":0}