{"gold_per_floor":[118,137,154,154,109,109,136,136,136,136,164,164,164,179,179,280,280,290,67,49,49,59,59],"floor_reached":23,"playtime":1932,"items_purged":[],"score":209,"play_id":"7efdff0c-f71b-44f2-b640-fb731c154c81","local_time":"20181026115551","is_ascension_mode":true,"campfire_choices":[{"data":"Deadly Poison","floor":6,"key":"SMITH"},{"data":"Catalyst","floor":8,"key":"SMITH"},{"data":"Deadly Poison","floor":10,"key":"SMITH"},{"floor":15,"key":"REST"}],"neow_cost":"NONE","seed_source_timestamp":1360311860439145,"circlet_count":0,"master_deck":["Defend_G+1","Defend_G+1","Defend_G+1","Defend_G+1","Defend_G+1","Strike_G+1","Strike_G+1","Strike_G+1","Strike_G+1","Strike_G+1","Survivor","Neutralize","Deadly Poison+1","Poisoned Stab+1","Deadly Poison+1","Flying Knee","Catalyst+1","Prepared","Dodge and Roll","Die Die Die","Prepared+1","Dash","Slice","Backflip+1"],"relics":["Ring of the Snake","NeowsBlessing","Smiling Mask","Dodecahedron","Matryoshka","White Beast Statue","Happy Flower"],"potions_floor_usage":[11,16,23,23],"damage_taken":[{"damage":0,"enemies":"Cultist","floor":1,"turns":1},{"damage":0,"enemies":"Small Slimes","floor":2,"turns":1},{"damage":0,"enemies":"2 Louse","floor":3,"turns":1},{"damage":8,"enemies":"Lagavulin","floor":7,"turns":5},{"damage":27,"enemies":"3 Sentries","floor":11,"turns":7},{"damage":9,"enemies":"Large Slime","floor":14,"turns":4},{"damage":15,"enemies":"The Guardian","floor":16,"turns":5},{"damage":18,"enemies":"3 Byrds","floor":18,"turns":5},{"damage":6,"enemies":"2 Thieves","floor":20,"turns":4},{"damage":5,"enemies":"3 Cultists","floor":22,"turns":6},{"damage":43,"enemies":"Slavers","floor":23,"turns":6}],"seed_played":"8369726829226468165","potions_obtained":[{"floor":2,"key":"Ancient Potion"},{"floor":11,"key":"Weak Potion"},{"floor":16,"key":"Fire Potion"},{"floor":18,"key":"EssenceOfSteel"},{"floor":20,"key":"SkillPotion"},{"floor":22,"key":"Ancient Potion"}],"is_trial":false,"path_per_floor":["M","M","M","?","$","R","E","R","T","R","E","?","?","M","R","B",null,"M","$","M","?","M"],"character_chosen":"THE_SILENT","items_purchased":["Flying Knee","Happy Flower","Dash"],"campfire_rested":1,"item_purchase_floors":[5,19,19],"current_hp_per_floor":[70,70,70,70,70,70,62,62,62,62,35,58,58,49,70,55,70,52,52,46,46,41,0],"gold":59,"neow_bonus":"THREE_ENEMY_KILL","is_prod":false,"is_daily":false,"chose_seed":false,"campfire_upgraded":3,"win_rate":0,"timestamp":1540576551,"path_taken":["M","M","?","?","$","R","E","R","T","R","E","?","?","M","R","BOSS","M","$","M","?","?","E"],"build_version":"2018-10-25v2","purchased_purges":0,"victory":false,"max_hp_per_floor":[70,70,70,70,70,70,70,70,70,70,70,70,70,70,70,70,70,70,70,70,70,70,70],"card_choices":[{"not_picked":["Outmaneuver","Bane"],"picked":"Deadly Poison","floor":1},{"not_picked":["Backflip","Quick Slash"],"picked":"Poisoned Stab","floor":2},{"not_picked":["Dodge and Roll","Cloak And Dagger"],"picked":"Deadly Poison","floor":3},{"not_picked":["Dash","Flying Knee"],"picked":"Catalyst","floor":7},{"not_picked":["Backstab","Bane"],"picked":"Prepared","floor":11},{"not_picked":["Backstab","Slice"],"picked":"Dodge and Roll","floor":14},{"not_picked":["Envenom","Bullet Time"],"picked":"Die Die Die","floor":16},{"not_picked":["Dagger Spray","Terror"],"picked":"Prepared+1","floor":18},{"not_picked":["Accuracy","Outmaneuver"],"picked":"Slice","floor":20},{"not_picked":["Underhanded Strike","Slice"],"picked":"Backflip+1","floor":22}],"player_experience":860111,"relics_obtained":[{"floor":7,"key":"Smiling Mask"},{"floor":9,"key":"Dodecahedron"},{"floor":11,"key":"Matryoshka"}],"event_choices":[{"damage_healed":0,"gold_gain":0,"player_choice":"Grow","damage_taken":0,"max_hp_gain":0,"max_hp_loss":0,"event_name":"Living Wall","floor":4,"gold_loss":0,"cards_upgraded":["Poisoned Stab"]},{"damage_healed":23,"gold_gain":0,"player_choice":"Banana","damage_taken":0,"max_hp_gain":0,"max_hp_loss":0,"event_name":"Big Fish","floor":12,"gold_loss":0},{"damage_healed":0,"gold_gain":0,"player_choice":"Ignored","damage_taken":0,"max_hp_gain":0,"max_hp_loss":0,"event_name":"Golden Wing","floor":13,"gold_loss":0},{"damage_healed":0,"gold_gain":0,"player_choice":"Simplicity","damage_taken":0,"max_hp_gain":0,"max_hp_loss":0,"event_name":"Back to Basics","floor":21,"gold_loss":0,"cards_upgraded":["Defend_G","Defend_G","Defend_G","Defend_G","Defend_G","Strike_G","Strike_G","Strike_G","Strike_G","Strike_G"]}],"is_beta":false,"boss_relics":[{"not_picked":["Busted Crown","WristBlade"],"picked":"White Beast Statue"}],"items_purged_floors":[],"is_endless":false,"potions_floor_spawned":[2,11,16,18,20,22],"killed_by":"Slavers","ascension_level":1}