{"gold_per_floor":[114,39,39,59,72,72,85,85,110,3,3,18,29,49,49,147,147,161,38,43,43,43,43,43,63,63,63,12,26,26],"floor_reached":30,"playtime":3166,"items_purged":["Strike_G","Strike_G"],"score":255,"play_id":"8a827433-07ee-484d-a873-d7ab2cde6e6e","local_time":"20190408194034","is_ascension_mode":true,"campfire_choices":[{"data":"Flechettes","floor":6,"key":"SMITH"},{"floor":15,"key":"REST"},{"floor":23,"key":"REST"}],"neow_cost":"NONE","seed_source_timestamp":805305174996300,"circlet_count":0,"master_deck":["Defend_G","Defend_G","Defend_G","Defend_G","Defend_G","Strike_G","Survivor","Neutralize","Accuracy","Flechettes+1","Accuracy","Infinite Blades","Blur","Footwork","After Image","Blur","Backflip","Accuracy","Adrenaline","Well Laid Plans","Backflip","Cloak And Dagger","Heel Hook","Outmaneuver","Backflip"],"relics":["Ring of the Snake","Regal Pillow","Bag of Preparation","Orrery"],"potions_floor_usage":[5,13,16,18,25,30,30],"damage_taken":[{"damage":1,"enemies":"2 Louse","floor":1,"turns":4},{"damage":4,"enemies":"Small Slimes","floor":4,"turns":5},{"damage":0,"enemies":"Jaw Worm","floor":5,"turns":5},{"damage":8,"enemies":"Large Slime","floor":7,"turns":9},{"damage":17,"enemies":"Gremlin Gang","floor":12,"turns":6},{"damage":4,"enemies":"Looter","floor":13,"turns":4},{"damage":7,"enemies":"3 Louse","floor":14,"turns":3},{"damage":44,"enemies":"Slime Boss","floor":16,"turns":13},{"damage":15,"enemies":"Spheric Guardian","floor":18,"turns":6},{"damage":26,"enemies":"2 Thieves","floor":20,"turns":5},{"damage":9,"enemies":"3 Cultists","floor":25,"turns":7},{"damage":1,"enemies":"Sentry and Sphere","floor":29,"turns":10},{"damage":64,"enemies":"Slavers","floor":30,"turns":5}],"seed_played":"8918582326574836408","potions_obtained":[{"floor":4,"key":"GhostInAJar"},{"floor":12,"key":"SteroidPotion"},{"floor":14,"key":"Swift Potion"},{"floor":16,"key":"LiquidBronze"},{"floor":18,"key":"SpeedPotion"},{"floor":25,"key":"Weak Potion"}],"is_trial":false,"path_per_floor":["M","$","?","M","M","R","M","?","T","$","?","M","M","M","R","B",null,"M","$","M","?","$","R","?","M","T","?","$","M","E"],"character_chosen":"THE_SILENT","items_purchased":["Infinite Blades","Blur","Backflip","Strength Potion"],"campfire_rested":2,"item_purchase_floors":[10,10,19,28],"current_hp_per_floor":[69,69,74,70,70,70,62,62,62,62,62,45,41,34,71,27,75,60,60,34,34,34,71,71,62,62,48,48,47,0],"gold":26,"neow_bonus":"RANDOM_COMMON_RELIC","is_prod":false,"is_daily":false,"chose_seed":false,"campfire_upgraded":1,"win_rate":0,"timestamp":1554766834,"path_taken":["M","$","?","M","M","R","M","?","T","$","?","M","M","M","R","BOSS","M","$","M","?","$","R","?","M","T","?","?","M","E"],"build_version":"2019-01-23","purchased_purges":2,"victory":false,"max_hp_per_floor":[70,70,75,75,75,75,75,75,75,75,75,75,75,75,75,75,75,75,75,75,75,75,75,75,75,75,80,80,80,80],"card_choices":[{"not_picked":["Deflect","PiercingWail"],"picked":"Accuracy","floor":1},{"not_picked":["Deadly Poison","Endless Agony","Underhanded Strike"],"picked":"SKIP","floor":4},{"not_picked":["Quick Slash","Skewer"],"picked":"Flechettes","floor":5},{"not_picked":["Acrobatics","Bane"],"picked":"Accuracy","floor":7},{"not_picked":["Slice","Bane","Deadly Poison"],"picked":"SKIP","floor":12},{"not_picked":["Bane","Burst","Heel Hook"],"picked":"SKIP","floor":13},{"not_picked":["Infinite Blades","Expertise"],"picked":"Footwork","floor":14},{"not_picked":["Wraith Form v2","Burst"],"picked":"After Image","floor":16},{"not_picked":["Outmaneuver","PiercingWail"],"picked":"Blur","floor":17},{"not_picked":["Bane","Slice"],"picked":"Backflip","floor":17},{"not_picked":["Quick Slash","Bane"],"picked":"Accuracy","floor":17},{"not_picked":["Dagger Throw","Noxious Fumes"],"picked":"Adrenaline","floor":17},{"not_picked":["Prepared","Endless Agony"],"picked":"Well Laid Plans","floor":18},{"not_picked":["Backstab","Blade Dance"],"picked":"Cloak And Dagger","floor":20},{"not_picked":["Dagger Throw+1","Sucker Punch","PiercingWail"],"picked":"SKIP","floor":25},{"not_picked":["Masterful Stab","Concentrate"],"picked":"Backflip","floor":29}],"player_experience":271705,"relics_obtained":[{"floor":9,"key":"Bag of Preparation"}],"event_choices":[{"damage_healed":0,"gold_gain":0,"player_choice":"Donut","damage_taken":0,"max_hp_gain":5,"max_hp_loss":0,"event_name":"Big Fish","floor":3,"gold_loss":0},{"damage_healed":0,"gold_gain":0,"player_choice":"Ignored","damage_taken":0,"max_hp_gain":0,"max_hp_loss":0,"event_name":"Liars Game","floor":8,"gold_loss":0},{"damage_healed":0,"gold_gain":0,"player_choice":"Leave","damage_taken":0,"max_hp_gain":0,"max_hp_loss":0,"event_name":"The Cleric","floor":11,"gold_loss":0},{"damage_healed":0,"gold_gain":0,"player_choice":"Ignored","damage_taken":0,"max_hp_gain":0,"max_hp_loss":0,"event_name":"Ghosts","floor":21,"gold_loss":0},{"damage_healed":0,"gold_gain":0,"cards_transformed":["Strike_G","Strike_G"],"player_choice":"Became Test Subject","damage_taken":0,"max_hp_gain":0,"max_hp_loss":0,"event_name":"Drug Dealer","floor":24,"gold_loss":0,"cards_obtained":["Heel Hook","Outmaneuver"]},{"damage_healed":0,"gold_gain":0,"player_choice":"Shed Blood","damage_taken":19,"max_hp_gain":5,"max_hp_loss":0,"event_name":"Forgotten Altar","floor":27,"gold_loss":0}],"is_beta":false,"boss_relics":[{"not_picked":["Busted Crown","Philosopher\u0027s Stone"],"picked":"Orrery"}],"items_purged_floors":[2,19],"is_endless":false,"potions_floor_spawned":[4,12,14,16,18,25],"killed_by":"Slavers","ascension_level":3}