{"gold_per_floor":[109,129,194,194,215,215,248,291,342,361,361,331,355,374,374,504,504,524,524,449,468,414,414],"floor_reached":23,"playtime":662,"items_purged":[],"score":331,"play_id":"98f593dd-94b9-4ef0-bafd-9bdab4d67346","local_time":"20181112113831","is_ascension_mode":true,"campfire_choices":[{"data":"Pommel Strike","floor":6,"key":"SMITH"},{"floor":11,"key":"REST"},{"data":"Entrench","floor":15,"key":"SMITH"}],"neow_cost":"NONE","seed_source_timestamp":2832981471322331,"circlet_count":0,"master_deck":["AscendersBane","Strike_R","Strike_R","Strike_R","Strike_R","Strike_R","Defend_R","Defend_R","Defend_R","Defend_R","Bash","Pommel Strike+1","Pommel Strike","Wild Strike","Metallicize","Perfected Strike","Shrug It Off","Dual Wield","Pommel Strike","Entrench+1","Pommel Strike","Shrug It Off","Pommel Strike","Warcry"],"relics":["Burning Blood","Golden Idol","Odd Mushroom","Pen Nib","Bag of Marbles","Runic Cube"],"potions_floor_usage":[7,8,13,13,16,16,18,23],"damage_taken":[{"damage":0,"enemies":"2 Louse","floor":1,"turns":3},{"damage":5,"enemies":"Small Slimes","floor":2,"turns":4},{"damage":6,"enemies":"Cultist","floor":5,"turns":4},{"damage":21,"enemies":"The Mushroom Lair","floor":7,"turns":6},{"damage":19,"enemies":"Gremlin Nob","floor":8,"turns":4},{"damage":14,"enemies":"Looter","floor":10,"turns":3},{"damage":0,"enemies":"3 Louse","floor":13,"turns":3},{"damage":5,"enemies":"Blue Slaver","floor":14,"turns":2},{"damage":52,"enemies":"Hexaghost","floor":16,"turns":8},{"damage":9,"enemies":"Chosen","floor":18,"turns":3},{"damage":29,"enemies":"2 Thieves","floor":21,"turns":5},{"damage":73,"enemies":"Gremlin Leader","floor":23,"turns":5}],"seed_played":"5204420437823625618","potions_obtained":[{"floor":2,"key":"EssenceOfSteel"},{"floor":7,"key":"AttackPotion"},{"floor":12,"key":"BloodPotion"},{"floor":12,"key":"EntropicBrew"},{"floor":14,"key":"SkillPotion"},{"floor":16,"key":"EntropicBrew"}],"is_trial":false,"path_per_floor":["M","M","?","?","M","R","?","E","T","M","R","?","M","M","R","B",null,"M","?","?","M","$","E"],"character_chosen":"IRONCLAD","items_purchased":["Warcry"],"campfire_rested":1,"item_purchase_floors":[22],"current_hp_per_floor":[78,79,79,79,79,79,64,51,51,43,67,67,80,80,80,34,69,66,66,66,43,43,0],"gold":414,"neow_bonus":"THREE_CARDS","is_prod":false,"is_daily":false,"chose_seed":false,"campfire_upgraded":2,"win_rate":0,"timestamp":1542047911,"path_taken":["M","M","?","?","M","R","?","E","T","M","R","?","M","?","R","BOSS","M","?","?","M","$","E"],"build_version":"2018-11-08","purchased_purges":0,"victory":false,"max_hp_per_floor":[80,80,80,80,80,80,80,80,80,80,80,80,80,80,80,80,80,80,80,80,80,80,80],"card_choices":[{"not_picked":["Clothesline","Flex"],"picked":"Pommel Strike","floor":0},{"not_picked":["Body Slam","True Grit"],"picked":"Pommel Strike","floor":1},{"not_picked":["Flex","Armaments"],"picked":"Wild Strike","floor":2},{"not_picked":["Clash","Blood for Blood"],"picked":"Metallicize","floor":5},{"not_picked":["Bloodletting","Thunderclap"],"picked":"Perfected Strike","floor":7},{"not_picked":["Combust","Carnage"],"picked":"Shrug It Off","floor":8},{"not_picked":["Feel No Pain","Sentinel"],"picked":"Dual Wield","floor":10},{"not_picked":["Clash","Heavy Blade"],"picked":"Pommel Strike","floor":13},{"not_picked":["Whirlwind","Pummel"],"picked":"Entrench","floor":14},{"not_picked":["Havoc","Anger"],"picked":"Pommel Strike","floor":18},{"not_picked":["True Grit+1","Berserk"],"picked":"Pommel Strike","floor":21}],"player_experience":1053858,"relics_obtained":[{"floor":7,"key":"Odd Mushroom"},{"floor":8,"key":"Pen Nib"},{"floor":9,"key":"Bag of Marbles"}],"event_choices":[{"damage_healed":0,"gold_gain":65,"player_choice":"Gained Gold","damage_taken":0,"max_hp_gain":0,"max_hp_loss":0,"event_name":"Golden Wing","floor":3,"gold_loss":0},{"damage_healed":0,"gold_gain":0,"player_choice":"Take Wound","damage_taken":0,"relics_obtained":["Golden Idol"],"max_hp_gain":0,"max_hp_loss":0,"event_name":"Golden Idol","floor":4,"gold_loss":0,"cards_obtained":["Injury"]},{"damage_healed":0,"gold_gain":0,"player_choice":"Fought Mushrooms","damage_taken":0,"max_hp_gain":0,"max_hp_loss":0,"event_name":"Mushrooms","floor":7,"gold_loss":0},{"damage_healed":0,"gold_gain":0,"player_choice":"Bought 2 Potions","damage_taken":0,"max_hp_gain":0,"max_hp_loss":0,"event_name":"The Woman in Blue","floor":12,"gold_loss":0},{"damage_healed":0,"gold_gain":0,"player_choice":"Read","damage_taken":0,"max_hp_gain":0,"max_hp_loss":0,"event_name":"The Library","floor":19,"gold_loss":0,"cards_obtained":["Shrug It Off"]},{"cards_removed":["Injury"],"damage_healed":0,"gold_gain":0,"player_choice":"Gave Gold","damage_taken":0,"max_hp_gain":0,"max_hp_loss":0,"event_name":"Beggar","floor":20,"gold_loss":75}],"is_beta":false,"boss_relics":[{"not_picked":["Calling Bell","Runic Pyramid"],"picked":"Runic Cube"}],"items_purged_floors":[],"is_endless":false,"potions_floor_spawned":[2,7,13,14,16,21],"killed_by":"Gremlin Leader","ascension_level":12}