{"gold_per_floor":[114,126,9,24,24,53,53,82,109,121,82,129,141,170,182,194],"floor_reached":16,"playtime":663,"items_purged":["Strike_G"],"score":212,"play_id":"320e400d-2641-4bb5-b304-08b6449b8114","local_time":"20190405191613","is_ascension_mode":true,"campfire_choices":[{"data":"A Thousand Cuts","floor":7,"key":"SMITH"},{"floor":10,"key":"REST"},{"floor":13,"key":"REST"},{"data":"Noxious Fumes","floor":15,"key":"SMITH"}],"neow_cost":"TEN_PERCENT_HP_LOSS","seed_source_timestamp":1799423176652953,"circlet_count":0,"master_deck":["AscendersBane","Defend_G","Defend_G","Defend_G","Defend_G","Defend_G","Strike_G","Strike_G","Strike_G","Strike_G","Survivor","Neutralize","A Thousand Cuts+1","PiercingWail","Infinite Blades","Sucker Punch","Dagger Throw","Backstab","Noxious Fumes+1","Backflip"],"relics":["Ring of the Snake","Boot","Ancient Tea Set","MawBank","Lantern"],"potions_floor_usage":[12],"damage_taken":[{"damage":7,"enemies":"Jaw Worm","floor":1,"turns":5},{"damage":6,"enemies":"2 Louse","floor":2,"turns":5},{"damage":3,"enemies":"Small Slimes","floor":4,"turns":4},{"damage":30,"enemies":"Gremlin Nob","floor":6,"turns":5},{"damage":12,"enemies":"Lagavulin","floor":8,"turns":7},{"damage":10,"enemies":"3 Sentries","floor":12,"turns":6},{"damage":0,"enemies":"Exordium Wildlife","floor":14,"turns":2},{"damage":35,"enemies":"The Guardian","floor":16,"turns":6}],"seed_played":"928448767373333491","potions_obtained":[{"floor":4,"key":"GhostInAJar"},{"floor":8,"key":"SpeedPotion"}],"is_trial":false,"path_per_floor":["?","?"],"character_chosen":"THE_SILENT","items_purchased":["Infinite Blades"],"campfire_rested":2,"item_purchase_floors":[3],"current_hp_per_floor":[52,46,46,43,48,18,18,6,6,25,25,15,34,34,34,0],"gold":194,"neow_bonus":"THREE_RARE_CARDS","is_prod":false,"is_daily":false,"chose_seed":false,"campfire_upgraded":2,"win_rate":0,"timestamp":1554506173,"path_taken":["M","M","$","M","?","E","R","E","T","R","?","E","R","M","R","BOSS"],"build_version":"2019-01-23","purchased_purges":1,"victory":false,"max_hp_per_floor":[60,60,60,60,65,65,65,65,65,65,65,65,65,65,65,65],"card_choices":[{"not_picked":["Unload","Wraith Form v2"],"picked":"A Thousand Cuts","floor":0},{"not_picked":["Flechettes","Reflex"],"picked":"PiercingWail","floor":1},{"not_picked":["Eviscerate","Dodge and Roll","PiercingWail"],"picked":"SKIP","floor":2},{"not_picked":["Slice","Underhanded Strike"],"picked":"Sucker Punch","floor":4},{"not_picked":["Riddle With Holes","Prepared"],"picked":"Dagger Throw","floor":6},{"not_picked":["Deflect","Doppelganger"],"picked":"Backstab","floor":8},{"not_picked":["Blade Dance","Riddle With Holes"],"picked":"Noxious Fumes","floor":12},{"not_picked":["Blade Dance","Poisoned Stab"],"picked":"Backflip","floor":14}],"player_experience":1527436,"relics_obtained":[{"floor":6,"key":"Boot"},{"floor":8,"key":"Ancient Tea Set"},{"floor":9,"key":"MawBank"},{"floor":12,"key":"Lantern"}],"event_choices":[{"damage_healed":0,"gold_gain":0,"player_choice":"Donut","damage_taken":0,"max_hp_gain":5,"max_hp_loss":0,"event_name":"Big Fish","floor":5,"gold_loss":0},{"damage_healed":0,"gold_gain":0,"player_choice":"Left Gold","damage_taken":0,"max_hp_gain":0,"max_hp_loss":0,"event_name":"World of Goop","floor":11,"gold_loss":51}],"is_beta":false,"boss_relics":[],"items_purged_floors":[3],"is_endless":false,"potions_floor_spawned":[4,8],"killed_by":"The Guardian","ascension_level":16}