{"gold_per_floor":[118,134,84,259,274,307,321,334,334,394,165,240,5,32,32,32],"floor_reached":16,"playtime":409,"items_purged":["Doubt"],"score":165,"play_id":"b6fef2cf-8068-4c40-b3e9-9975cd141321","local_time":"20190218143005","is_ascension_mode":true,"campfire_choices":[{"floor":15,"key":"REST"}],"neow_cost":"NONE","seed_source_timestamp":247314180681674,"circlet_count":0,"master_deck":["AscendersBane","Strike_R","Strike_R","Strike_R","Strike_R","Defend_R","Defend_R","Defend_R","Defend_R","Bash","Flex","Body Slam","Twin Strike","Iron Wave","Flex","Twin Strike","Anger+1","Immolate+1","Swift Strike+1","Reaper+1"],"relics":["Burning Blood","Strawberry","PreservedInsect","Molten Egg 2","Nunchaku","Oddly Smooth Stone"],"potions_floor_usage":[6,8,10],"damage_taken":[{"damage":4,"enemies":"2 Louse","floor":1,"turns":4},{"damage":7,"enemies":"Jaw Worm","floor":2,"turns":2},{"damage":0,"enemies":"Small Slimes","floor":5,"turns":3},{"damage":32,"enemies":"Gremlin Nob","floor":6,"turns":4},{"damage":12,"enemies":"Looter","floor":7,"turns":4},{"damage":13,"enemies":"Red Slaver","floor":8,"turns":3},{"damage":8,"enemies":"Gremlin Nob","floor":10,"turns":3},{"damage":77,"enemies":"The Guardian","floor":16,"turns":11}],"seed_played":"-8265183209730203143","potions_obtained":[{"floor":2,"key":"BloodPotion"},{"floor":5,"key":"GamblersBrew"},{"floor":6,"key":"FearPotion"}],"is_trial":false,"path_per_floor":["M","M","?","?","M","E","M","M","T","?","$","?","$","T","R","B"],"character_chosen":"IRONCLAD","items_purchased":["Immolate+1","Swift Strike+1","Reaper+1"],"campfire_rested":1,"item_purchase_floors":[11,11,13],"current_hp_per_floor":[81,80,80,80,86,60,54,55,55,53,53,42,42,42,68,0],"gold":32,"neow_bonus":"RANDOM_COMMON_RELIC","is_prod":false,"is_daily":false,"chose_seed":false,"campfire_upgraded":0,"win_rate":0,"timestamp":1550525405,"path_taken":["M","M","?","?","M","E","M","M","T","?","$","?","$","?","R","BOSS"],"build_version":"2019-01-23","purchased_purges":1,"victory":false,"max_hp_per_floor":[87,87,87,87,87,87,87,87,87,87,87,87,87,87,87,87],"card_choices":[{"not_picked":["Twin Strike","Wild Strike"],"picked":"Flex","floor":1},{"not_picked":["Warcry","Sever Soul"],"picked":"Body Slam","floor":2},{"not_picked":["Flex","Pommel Strike"],"picked":"Twin Strike","floor":5},{"not_picked":["Disarm","Cleave"],"picked":"Iron Wave","floor":6},{"not_picked":["Burning Pact","Sever Soul"],"picked":"Flex","floor":7},{"not_picked":["Pommel Strike","Pummel"],"picked":"Twin Strike","floor":8},{"not_picked":["Burning Pact","Armaments"],"picked":"Anger+1","floor":10}],"player_experience":1523739,"relics_obtained":[{"floor":6,"key":"PreservedInsect"},{"floor":9,"key":"Molten Egg 2"},{"floor":10,"key":"Nunchaku"},{"floor":14,"key":"Oddly Smooth Stone"}],"event_choices":[{"cards_removed":["Strike_R"],"damage_healed":0,"gold_gain":0,"player_choice":"Card Removal","damage_taken":0,"max_hp_gain":0,"max_hp_loss":0,"event_name":"The Cleric","floor":3,"gold_loss":50},{"damage_healed":0,"gold_gain":175,"player_choice":"AGREE","damage_taken":0,"max_hp_gain":0,"max_hp_loss":0,"event_name":"Liars Game","floor":4,"gold_loss":0,"cards_obtained":["Doubt"]},{"damage_healed":0,"gold_gain":0,"player_choice":"Searched \u00271\u0027 times","damage_taken":0,"max_hp_gain":0,"max_hp_loss":0,"event_name":"Dead Adventurer","floor":10,"gold_loss":0},{"damage_healed":0,"gold_gain":75,"player_choice":"Gather Gold","damage_taken":11,"max_hp_gain":0,"max_hp_loss":0,"event_name":"World of Goop","floor":12,"gold_loss":0}],"is_beta":false,"boss_relics":[],"items_purged_floors":[13],"is_endless":false,"potions_floor_spawned":[2,5,6,7],"killed_by":"The Guardian","ascension_level":13}