{"gold_per_floor":[116,135,135,145,70,70,104,104,184,109,129,156,174,174],"floor_reached":14,"playtime":983,"items_purged":["Strike_G"],"score":185,"play_id":"d255370b-f77f-4630-8128-b24546c67605","local_time":"20190405180508","is_ascension_mode":true,"campfire_choices":[{"data":"Bouncing Flask","floor":6.0,"key":"SMITH"},{"data":"Neutralize","floor":8.0,"key":"SMITH"}],"neow_cost":"NONE","seed_source_timestamp":0,"circlet_count":0,"master_deck":["AscendersBane","Defend_G","Defend_G","Defend_G","Defend_G","Defend_G","Strike_G","Strike_G","Strike_G","Survivor","Neutralize+1","Cloak And Dagger","Bouncing Flask+1","PiercingWail","Dagger Spray","Dodge and Roll"],"special_seed":0,"relics":["Ring of the Snake","Anchor","Question Card","PreservedInsect"],"potions_floor_usage":[14],"damage_taken":[{"damage":1.0,"enemies":"Small Slimes","floor":1.0,"turns":3.0},{"damage":2.0,"enemies":"Jaw Worm","floor":2.0,"turns":4.0},{"damage":0.0,"enemies":"Cultist","floor":4.0,"turns":3.0},{"damage":25.0,"enemies":"3 Sentries","floor":7.0,"turns":8.0},{"damage":0.0,"enemies":"Gremlin Gang","floor":11.0,"turns":5.0},{"damage":37.0,"enemies":"Gremlin Nob","floor":12.0,"turns":5.0},{"damage":0.0,"enemies":"2 Fungi Beasts","floor":13.0,"turns":3.0},{"damage":0,"enemies":"Lots of Slimes","floor":14,"turns":2}],"seed_played":"-6005039440610211423","potions_obtained":[{"floor":0.0,"key":"PowerPotion"},{"floor":0.0,"key":"EntropicBrew"},{"floor":11.0,"key":"FairyPotion"},{"floor":12.0,"key":"Weak Potion"},{"floor":13.0,"key":"SkillPotion"}],"is_trial":false,"path_per_floor":["M","M","?","M","?","R","E","R","T","$","M","E","M","M"],"character_chosen":"THE_SILENT","items_purchased":[],"campfire_rested":0,"item_purchase_floors":[],"current_hp_per_floor":[58,56,61,61,61,61,36,36,36,36,36,7,7,7],"gold":174,"neow_bonus":"THREE_SMALL_POTIONS","is_prod":false,"is_daily":false,"chose_seed":false,"campfire_upgraded":2,"win_rate":0,"timestamp":1554512708,"path_taken":["M","M","?","M","?","R","E","R","T","?","M","E","M","M"],"build_version":"2019-01-23","purchased_purges":1,"victory":false,"max_hp_per_floor":[66,66,71,71,71,71,71,71,71,71,71,71,71,71],"card_choices":[{"not_picked":["Dagger Throw","Concentrate"],"picked":"Cloak And Dagger","floor":1.0},{"not_picked":["Phantasmal Killer","Sucker Punch"],"picked":"Bouncing Flask","floor":2.0},{"not_picked":["Riddle With Holes","Deflect"],"picked":"PiercingWail","floor":4.0},{"not_picked":["Cloak And Dagger","Underhanded Strike","Poisoned Stab"],"picked":"SKIP","floor":7.0},{"not_picked":["Infinite Blades","Deadly Poison","Finisher","Deflect"],"picked":"SKIP","floor":11.0},{"not_picked":["Underhanded Strike","Phantasmal Killer","Concentrate"],"picked":"Dagger Spray","floor":12.0},{"not_picked":["Deadly Poison","Sucker Punch","Dagger Throw"],"picked":"Dodge and Roll","floor":13.0}],"player_experience":475461,"relics_obtained":[{"floor":7.0,"key":"Anchor"},{"floor":9.0,"key":"Question Card"},{"floor":12.0,"key":"PreservedInsect"}],"event_choices":[{"damage_healed":0.0,"max_hp_gain":5.0,"max_hp_loss":0.0,"gold_gain":0.0,"event_name":"Big Fish","player_choice":"Donut","floor":3.0,"gold_loss":0.0,"damage_taken":0.0},{"cards_removed":["Strike_G"],"damage_healed":0.0,"max_hp_gain":0.0,"max_hp_loss":0.0,"gold_gain":0.0,"event_name":"The Cleric","player_choice":"Card Removal","floor":5.0,"gold_loss":75.0,"damage_taken":0.0}],"is_beta":false,"boss_relics":[],"items_purged_floors":[10],"is_endless":false,"potions_floor_spawned":[1,11,12,13],"killed_by":"Lots of Slimes","ascension_level":17}