{"gold_per_floor":[214,230,230,248,8,40,66,92,104,127,139,151],"floor_reached":12,"playtime":505,"items_purged":[],"score":148,"play_id":"a9f25a20-86be-438e-9f54-362cf7be5f1f","local_time":"20190410142908","is_ascension_mode":true,"campfire_choices":[{"floor":11,"key":"REST"}],"neow_cost":"NONE","seed_source_timestamp":2214355788619570,"circlet_count":0,"master_deck":["AscendersBane","Strike_R+1","Strike_R","Strike_R","Strike_R","Strike_R","Defend_R","Defend_R","Defend_R","Defend_R","Bash+1","Disarm","Combust","Whirlwind","Evolve","Dropkick","Sword Boomerang","Headbutt","Thunderclap"],"relics":["Burning Blood","Vajra","MawBank","Sundial"],"potions_floor_usage":[10],"damage_taken":[{"damage":6,"enemies":"Jaw Worm","floor":1,"turns":7},{"damage":2,"enemies":"Small Slimes","floor":2,"turns":5},{"damage":11,"enemies":"2 Louse","floor":4,"turns":4},{"damage":26,"enemies":"Lagavulin","floor":6,"turns":7},{"damage":17,"enemies":"Red Slaver","floor":7,"turns":4},{"damage":11,"enemies":"Blue Slaver","floor":8,"turns":4},{"damage":7,"enemies":"Large Slime","floor":10,"turns":5},{"damage":32,"enemies":"Exordium Thugs","floor":12,"turns":3}],"seed_played":"-3251524136820173776","potions_obtained":[{"floor":2,"key":"SneckoOil"},{"floor":4,"key":"Swift Potion"},{"floor":8,"key":"EssenceOfSteel"},{"floor":10,"key":"Block Potion"}],"is_trial":false,"path_per_floor":["?"],"character_chosen":"IRONCLAD","items_purchased":["Vajra","Evolve"],"campfire_rested":1,"item_purchase_floors":[5,5],"current_hp_per_floor":[68,72,49,44,44,24,13,8,8,7,29,0],"gold":151,"neow_bonus":"HUNDRED_GOLD","is_prod":false,"is_daily":false,"chose_seed":false,"campfire_upgraded":0,"win_rate":0,"timestamp":1554920948,"path_taken":["M","M","?","M","$","E","M","M","T","M","R","M"],"build_version":"2019-01-23","purchased_purges":0,"victory":false,"max_hp_per_floor":[75,75,75,75,75,75,75,75,75,75,75,75],"card_choices":[{"not_picked":["Iron Wave","Cleave"],"picked":"Disarm","floor":1},{"not_picked":["Perfected Strike","True Grit"],"picked":"Combust","floor":2},{"not_picked":["Perfected Strike","Body Slam"],"picked":"Whirlwind","floor":4},{"not_picked":["Flex","Berserk"],"picked":"Dropkick","floor":6},{"not_picked":["Evolve","Twin Strike"],"picked":"Sword Boomerang","floor":7},{"not_picked":["Armaments","Perfected Strike"],"picked":"Headbutt","floor":8},{"not_picked":["Clothesline","Second Wind"],"picked":"Thunderclap","floor":10}],"player_experience":1729539,"relics_obtained":[{"floor":6,"key":"MawBank"},{"floor":9,"key":"Sundial"}],"event_choices":[{"damage_healed":0,"gold_gain":0,"player_choice":"Entered Light","damage_taken":23,"max_hp_gain":0,"max_hp_loss":0,"event_name":"Shining Light","floor":3,"gold_loss":0,"cards_upgraded":["Strike_R","Bash"]}],"is_beta":false,"boss_relics":[],"items_purged_floors":[],"is_endless":false,"potions_floor_spawned":[2,4,8,10],"killed_by":"Exordium Thugs","ascension_level":16}