{"gold_per_floor":[110,185,196,34,34,34,51,51,51,81,81,91,125,137,137,212,212,226,226,237,69,82,82,112,112,112,126,126],"floor_reached":28,"playtime":1093,"items_purged":[],"score":484,"play_id":"2df864e7-a352-4f22-a27d-692a970d9e86","local_time":"20190409224437","is_ascension_mode":true,"campfire_choices":[{"data":"Noxious Fumes","floor":6.0,"key":"SMITH"},{"data":"Bouncing Flask","floor":8.0,"key":"SMITH"},{"floor":15.0,"key":"REST"},{"floor":23.0,"key":"REST"},{"data":"Noxious Fumes","floor":25,"key":"SMITH"}],"neow_cost":"NONE","seed_source_timestamp":8330759546800,"circlet_count":0,"master_deck":["AscendersBane","Defend_G+1","Defend_G+1","Defend_G","Defend_G","Defend_G","Strike_G","Strike_G","Strike_G","Strike_G","Strike_G","Survivor","Neutralize+1","Dagger Throw","Noxious Fumes+1","Bouncing Flask+1","Deflect","Dodge and Roll","Expertise","PiercingWail+1","Blur","Noxious Fumes+1"],"special_seed":0,"relics":["Ring of the Snake","War Paint","Art of War","StoneCalendar","Bird Faced Urn","Sozu","PreservedInsect","Pocketwatch","Oddly Smooth Stone"],"potions_floor_usage":[24,28],"damage_taken":[{"damage":1.0,"enemies":"Jaw Worm","floor":1.0,"turns":6.0},{"damage":0.0,"enemies":"2 Louse","floor":3.0,"turns":3.0},{"damage":2.0,"enemies":"Small Slimes","floor":7.0,"turns":3.0},{"damage":21.0,"enemies":"3 Sentries","floor":10.0,"turns":7.0},{"damage":0.0,"enemies":"Red Slaver","floor":12.0,"turns":3.0},{"damage":23.0,"enemies":"Lagavulin","floor":13.0,"turns":5.0},{"damage":0.0,"enemies":"3 Louse","floor":14.0,"turns":6.0},{"damage":17.0,"enemies":"The Guardian","floor":16.0,"turns":8.0},{"damage":12.0,"enemies":"Spheric Guardian","floor":18.0,"turns":4.0},{"damage":14.0,"enemies":"Shell Parasite","floor":20.0,"turns":7.0},{"damage":10.0,"enemies":"Centurion and Healer","floor":22.0,"turns":6.0},{"damage":32,"enemies":"Gremlin Leader","floor":24,"turns":7},{"damage":9,"enemies":"Snecko","floor":27,"turns":6},{"damage":20,"enemies":"3 Cultists","floor":28,"turns":4}],"seed_played":"-823066551613841856","potions_obtained":[{"floor":3.0,"key":"GhostInAJar"},{"floor":10.0,"key":"EssenceOfSteel"},{"floor":12.0,"key":"Dexterity Potion"},{"floor":16.0,"key":"SneckoOil"}],"is_trial":false,"path_per_floor":["M","?","M","$","?","R","M","R","T","E","?","M","E","M","R","B",null,"M","?","M","$","M","R","E","R","T","M","M"],"character_chosen":"THE_SILENT","items_purchased":["Art of War","PreservedInsect"],"campfire_rested":2,"item_purchase_floors":[4,21],"current_hp_per_floor":[58,47,47,47,52,52,50,50,50,29,29,29,6,6,27,12,56,46,46,34,34,28,49,19,19,19,12,0],"gold":126,"neow_bonus":"RANDOM_COMMON_RELIC","is_prod":false,"is_daily":false,"chose_seed":false,"campfire_upgraded":3,"win_rate":0,"timestamp":1554875077,"path_taken":["M","?","M","$","?","R","M","R","T","E","?","?","E","M","R","BOSS","M","?","M","$","M","R","E","R","T","M","M"],"build_version":"2019-01-23","purchased_purges":0,"victory":false,"max_hp_per_floor":[66,66,66,66,71,71,71,71,71,71,71,71,71,71,71,71,71,71,71,71,71,71,71,71,71,71,71,71],"card_choices":[{"not_picked":["Bane","Outmaneuver"],"picked":"Dagger Throw","floor":1.0},{"not_picked":["Backstab","Choke"],"picked":"Noxious Fumes","floor":3.0},{"not_picked":["Dagger Spray","Flying Knee"],"picked":"Bouncing Flask","floor":7.0},{"not_picked":["Riddle With Holes","Poisoned Stab"],"picked":"Deflect","floor":10.0},{"not_picked":["Dagger Spray","Accuracy"],"picked":"Dodge and Roll","floor":12.0},{"not_picked":["Setup","Glass Knife"],"picked":"Expertise","floor":13.0},{"not_picked":["Bane","Terror","Cloak And Dagger"],"picked":"SKIP","floor":14.0},{"not_picked":["Dagger Spray+1","Underhanded Strike"],"picked":"PiercingWail+1","floor":18.0},{"not_picked":["Caltrops","Terror"],"picked":"Noxious Fumes","floor":20.0},{"not_picked":["Underhanded Strike+1","Blade Dance","Sucker Punch"],"picked":"SKIP","floor":22.0},{"not_picked":["Expertise","Choke","Blade Dance"],"picked":"SKIP","floor":24},{"not_picked":["Poisoned Stab","Dodge and Roll","Dagger Throw"],"picked":"SKIP","floor":27}],"player_experience":508812,"relics_obtained":[{"floor":10.0,"key":"StoneCalendar"},{"floor":13.0,"key":"Bird Faced Urn"},{"floor":24,"key":"Pocketwatch"},{"floor":26,"key":"Oddly Smooth Stone"}],"event_choices":[{"damage_healed":0.0,"max_hp_gain":0.0,"max_hp_loss":0.0,"gold_gain":75.0,"event_name":"World of Goop","player_choice":"Gather Gold","floor":2.0,"gold_loss":0.0,"damage_taken":11.0},{"damage_healed":0.0,"max_hp_gain":5.0,"max_hp_loss":0.0,"gold_gain":0.0,"event_name":"Big Fish","player_choice":"Donut","floor":5.0,"gold_loss":0.0,"damage_taken":0.0},{"damage_healed":0.0,"max_hp_gain":0.0,"max_hp_loss":0.0,"gold_gain":0.0,"event_name":"Upgrade Shrine","player_choice":"Upgraded","floor":11.0,"gold_loss":0.0,"damage_taken":0.0,"cards_upgraded":["Neutralize"]},{"damage_healed":0.0,"max_hp_gain":0.0,"max_hp_loss":0.0,"gold_gain":0.0,"event_name":"The Library","player_choice":"Read","floor":19.0,"gold_loss":0.0,"damage_taken":0.0,"cards_obtained":["Blur"]}],"is_beta":false,"boss_relics":[{"not_picked":["Eternal Feather","Black Star"],"picked":"Sozu"}],"items_purged_floors":[],"is_endless":false,"potions_floor_spawned":[3,10,12,16,20,27],"killed_by":"3 Cultists","ascension_level":19}