{"gold_per_floor":[118,137,156,156,156,156,192,192,215,390,390,431,48,67,67,161,161,101,101,101,101,101,101,101,101],"floor_reached":25,"playtime":1458,"items_purged":["Doubt"],"score":362,"play_id":"897cad40-3fd2-44f1-a58e-c32cbc12c83e","local_time":"20190404140351","is_ascension_mode":true,"campfire_choices":[{"data":"Neutralize","floor":6,"key":"SMITH"},{"floor":11,"key":"REST"},{"floor":15,"key":"REST"},{"floor":23,"key":"REST"}],"neow_cost":"PERCENT_DAMAGE","seed_source_timestamp":1693484762819863,"circlet_count":0,"master_deck":["AscendersBane","Defend_G","Defend_G","Defend_G","Defend_G","Defend_G","Strike_G","Strike_G","Strike_G","Strike_G","Survivor","Neutralize+1","Sucker Punch","Dagger Throw","Quick Slash","Slice","Infinite Blades","Choke","PiercingWail","A Thousand Cuts","Heel Hook","Dodge and Roll","Cloak And Dagger+1","Prepared+1"],"relics":["Ring of the Snake","Golden Idol","Ancient Tea Set","Oddly Smooth Stone","Bag of Preparation","Medical Kit","Ectoplasm","FaceOfCleric"],"potions_floor_usage":[7,16,16,25],"damage_taken":[{"damage":3,"enemies":"Small Slimes","floor":1,"turns":7},{"damage":0,"enemies":"Jaw Worm","floor":2,"turns":6},{"damage":0,"enemies":"2 Louse","floor":3,"turns":2},{"damage":24,"enemies":"Gremlin Nob","floor":7,"turns":4},{"damage":42,"enemies":"3 Sentries","floor":12,"turns":13},{"damage":0,"enemies":"2 Fungi Beasts","floor":14,"turns":4},{"damage":28,"enemies":"The Guardian","floor":16,"turns":16},{"damage":11,"enemies":"2 Thieves","floor":18,"turns":4},{"damage":18,"enemies":"Shell Parasite","floor":19,"turns":7},{"damage":7,"enemies":"Snake Plant","floor":21,"turns":4},{"damage":19,"enemies":"3 Cultists","floor":22,"turns":5},{"damage":8,"enemies":"Centurion and Healer","floor":24,"turns":6},{"damage":28,"enemies":"Gremlin Leader","floor":25,"turns":4}],"seed_played":"-7969309313847445442","potions_obtained":[{"floor":2,"key":"FearPotion"},{"floor":3,"key":"AttackPotion"},{"floor":21,"key":"Strength Potion"},{"floor":24,"key":"LiquidBronze"}],"is_trial":false,"path_per_floor":["?","?","?","?","M","?","M"],"character_chosen":"THE_SILENT","items_purchased":["GhostInAJar","Choke","Medical Kit"],"campfire_rested":3,"item_purchase_floors":[13,13,13],"current_hp_per_floor":[53,53,53,78,59,59,35,28,28,28,51,9,9,9,32,4,60,49,31,31,25,7,31,24,0],"gold":101,"neow_bonus":"TWENTY_PERCENT_HP_BONUS","is_prod":false,"is_daily":false,"chose_seed":false,"campfire_upgraded":1,"win_rate":0,"timestamp":1554401031,"path_taken":["M","M","M","?","?","R","E","?","T","?","R","E","$","?","R","BOSS","M","M","?","?","M","R","M","E"],"build_version":"2019-01-23","purchased_purges":1,"victory":false,"max_hp_per_floor":[78,78,78,78,78,78,78,78,78,78,78,78,78,78,78,78,78,78,78,78,79,80,80,81,81],"card_choices":[{"not_picked":["Poisoned Stab","Riddle With Holes"],"picked":"Sucker Punch","floor":1},{"not_picked":["Expertise","Cloak And Dagger"],"picked":"Dagger Throw","floor":2},{"not_picked":["Prepared","PiercingWail"],"picked":"Quick Slash","floor":3},{"not_picked":["Blur","Outmaneuver"],"picked":"Slice","floor":7},{"not_picked":["Eviscerate","Slice"],"picked":"Infinite Blades","floor":12},{"not_picked":["Tactician","Setup"],"picked":"PiercingWail","floor":14},{"not_picked":["Venomology","Malaise"],"picked":"A Thousand Cuts","floor":16},{"not_picked":["Tactician","Sucker Punch"],"picked":"Heel Hook","floor":18},{"not_picked":["Terror","Flechettes"],"picked":"Dodge and Roll","floor":19},{"not_picked":["Slice","Accuracy"],"picked":"Cloak And Dagger+1","floor":21},{"not_picked":["Outmaneuver","Quick Slash","Riddle With Holes"],"picked":"SKIP","floor":22},{"not_picked":["Dodge and Roll","Outmaneuver+1"],"picked":"Prepared+1","floor":24}],"player_experience":1478370,"relics_obtained":[{"floor":7,"key":"Ancient Tea Set"},{"floor":9,"key":"Oddly Smooth Stone"},{"floor":12,"key":"Bag of Preparation"}],"event_choices":[{"damage_healed":26,"gold_gain":0,"player_choice":"Banana","damage_taken":0,"max_hp_gain":0,"max_hp_loss":0,"event_name":"Big Fish","floor":4,"gold_loss":0},{"damage_healed":0,"gold_gain":0,"player_choice":"Take Damage","damage_taken":19,"relics_obtained":["Golden Idol"],"max_hp_gain":0,"max_hp_loss":0,"event_name":"Golden Idol","floor":5,"gold_loss":0},{"cards_removed":["Strike_G"],"damage_healed":0,"gold_gain":0,"player_choice":"Card Removal","damage_taken":7,"max_hp_gain":0,"max_hp_loss":0,"event_name":"Golden Wing","floor":8,"gold_loss":0},{"damage_healed":0,"gold_gain":175,"player_choice":"AGREE","damage_taken":0,"max_hp_gain":0,"max_hp_loss":0,"event_name":"Liars Game","floor":10,"gold_loss":0,"cards_obtained":["Doubt"]},{"damage_healed":0,"gold_gain":0,"player_choice":"Trade","damage_taken":0,"relics_obtained":["FaceOfCleric"],"max_hp_gain":0,"max_hp_loss":0,"event_name":"FaceTrader","floor":20,"gold_loss":0}],"is_beta":false,"boss_relics":[{"not_picked":["HoveringKite","Runic Dome"],"picked":"Ectoplasm"}],"items_purged_floors":[13],"is_endless":false,"potions_floor_spawned":[2,3,21,24],"killed_by":"Gremlin Leader","ascension_level":14}