{"gold_per_floor":[111,111,111,125,141,141,141,141,141,141,47,62,80,93,93,93],"floor_reached":16,"playtime":388,"items_purged":[],"score":120,"play_id":"40807527-3bb6-4e63-87ff-3d60f28958f0","local_time":"20181026211136","is_ascension_mode":true,"campfire_choices":[{"data":"Armaments","floor":6,"key":"SMITH"},{"data":"Metallicize","floor":10,"key":"SMITH"},{"data":"Shrug It Off","floor":15,"key":"SMITH"}],"neow_cost":"NONE","seed_source_timestamp":1395201758325123,"circlet_count":0,"master_deck":["Strike_R","Strike_R","Strike_R","Strike_R","Strike_R","Defend_R","Defend_R","Defend_R","Defend_R","Bash","Power Through","Regret","Armaments+1","Metallicize+1","Injury","Flame Barrier","Thunderclap","Shrug It Off+1","Body Slam","Flex"],"relics":["Burning Blood","NeowsBlessing","Singing Bowl","Pen Nib","Golden Idol","Matryoshka"],"potions_floor_usage":[12,16,16],"damage_taken":[{"damage":0,"enemies":"Small Slimes","floor":1,"turns":1},{"damage":0,"enemies":"Jaw Worm","floor":4,"turns":1},{"damage":0,"enemies":"Cultist","floor":5,"turns":1},{"damage":11,"enemies":"Red Slaver","floor":12,"turns":4},{"damage":3,"enemies":"Looter","floor":13,"turns":4},{"damage":14,"enemies":"Lots of Slimes","floor":14,"turns":5},{"damage":75,"enemies":"Slime Boss","floor":16,"turns":9}],"seed_played":"5835449386913902863","potions_obtained":[{"floor":1,"key":"Ancient Potion"},{"floor":7,"key":"Weak Potion"},{"floor":7,"key":"Energy Potion"},{"floor":13,"key":"Poison Potion"}],"is_trial":false,"path_per_floor":["M","?","?","M","M","R","?","?","T","R","$","M","M","M","R"],"character_chosen":"IRONCLAD","items_purchased":["Flame Barrier","Thunderclap"],"campfire_rested":0,"item_purchase_floors":[11,11],"current_hp_per_floor":[78,78,66,72,78,78,78,78,78,78,78,73,76,68,68,0],"gold":93,"neow_bonus":"THREE_ENEMY_KILL","is_prod":false,"is_daily":false,"chose_seed":false,"campfire_upgraded":3,"win_rate":0,"timestamp":1540609896,"path_taken":["M","?","?","?","M","R","?","?","T","R","?","?","M","M","R","BOSS"],"build_version":"2018-10-25v2","purchased_purges":0,"victory":false,"max_hp_per_floor":[80,80,80,80,80,80,80,80,80,80,80,80,80,80,80,80],"card_choices":[{"not_picked":["Rampage","Havoc"],"picked":"Power Through","floor":1},{"not_picked":["Perfected Strike","Pommel Strike"],"picked":"Armaments","floor":4},{"not_picked":["Clash","Shockwave"],"picked":"Metallicize","floor":5},{"not_picked":["Armaments","Intimidate"],"picked":"Shrug It Off","floor":12},{"not_picked":["Thunderclap","Juggernaut"],"picked":"Body Slam","floor":13},{"not_picked":["Shrug It Off","Pommel Strike"],"picked":"Flex","floor":14}],"player_experience":883336,"relics_obtained":[{"floor":9,"key":"Matryoshka"}],"event_choices":[{"damage_healed":0,"gold_gain":0,"player_choice":"Box","damage_taken":0,"relics_obtained":["Singing Bowl"],"max_hp_gain":0,"max_hp_loss":0,"event_name":"Big Fish","floor":2,"gold_loss":0,"cards_obtained":["Regret"]},{"damage_healed":0,"gold_gain":0,"player_choice":"Success","damage_taken":12,"relics_obtained":["Pen Nib"],"max_hp_gain":0,"max_hp_loss":0,"event_name":"Scrap Ooze","floor":3,"gold_loss":0},{"damage_healed":0,"gold_gain":0,"player_choice":"Got Potions","damage_taken":0,"max_hp_gain":0,"max_hp_loss":0,"event_name":"The Lab","floor":7,"gold_loss":0},{"damage_healed":0,"gold_gain":0,"player_choice":"Take Wound","damage_taken":0,"relics_obtained":["Golden Idol"],"max_hp_gain":0,"max_hp_loss":0,"event_name":"Golden Idol","floor":8,"gold_loss":0,"cards_obtained":["Injury"]}],"is_beta":false,"boss_relics":[],"items_purged_floors":[],"is_endless":false,"potions_floor_spawned":[1,13],"killed_by":"Slime Boss","ascension_level":6}