{"gold_per_floor":[117,134,147,79,79,79,97,111,111,129,158,172,190,233,233,358,358,373,373,351,365,381,381,55,79,79,113,113,8,46,61,61,61],"floor_reached":33,"playtime":1581,"items_purged":["Decay"],"score":393,"play_id":"9a62bb14-ab3a-4b3e-86d5-054604908fff","local_time":"20190218215508","is_ascension_mode":false,"campfire_choices":[{"data":"Armaments","floor":6,"key":"SMITH"},{"data":"Body Slam","floor":15,"key":"SMITH"},{"floor":23,"key":"REST"},{"data":"True Grit","floor":32,"key":"SMITH"}],"neow_cost":"","seed_source_timestamp":271911498365638,"circlet_count":0,"master_deck":["Strike_R","Strike_R","Strike_R","Strike_R","Strike_R","Defend_R","Defend_R","Defend_R","Defend_R","Bash","Twin Strike","Pommel Strike","Armaments+1","Ghostly Armor","Injury","Wild Strike","Shrug It Off","Wild Strike","Twin Strike","Body Slam+1","Impervious","Injury","Shrug It Off","True Grit+1","Twin Strike+1","Wild Strike","True Grit+1","Immolate","Reckless Charge","Shrug It Off","Flex","Impervious"],"relics":["Burning Blood","Golden Idol","Bird Faced Urn","Odd Mushroom","Nunchaku","Calling Bell","PreservedInsect","Self Forming Clay","Thread and Needle","Lee\u0027s Waffle","Blood Vial","Ginger","Shuriken"],"potions_floor_usage":[10,13,14,14,16,31,31],"damage_taken":[{"damage":5,"enemies":"Small Slimes","floor":1,"turns":4},{"damage":8,"enemies":"Jaw Worm","floor":2,"turns":3},{"damage":1,"enemies":"2 Louse","floor":3,"turns":3},{"damage":3,"enemies":"Lots of Slimes","floor":7,"turns":7},{"damage":1,"enemies":"2 Fungi Beasts","floor":8,"turns":3},{"damage":14,"enemies":"Exordium Thugs","floor":10,"turns":7},{"damage":27,"enemies":"The Mushroom Lair","floor":11,"turns":7},{"damage":8,"enemies":"Red Slaver","floor":12,"turns":3},{"damage":0,"enemies":"Large Slime","floor":13,"turns":5},{"damage":6,"enemies":"Gremlin Nob","floor":14,"turns":4},{"damage":57,"enemies":"The Guardian","floor":16,"turns":16},{"damage":22,"enemies":"Shell Parasite","floor":18,"turns":9},{"damage":12,"enemies":"2 Thieves","floor":20,"turns":5},{"damage":26,"enemies":"Chosen and Byrds","floor":21,"turns":8},{"damage":15,"enemies":"Snake Plant","floor":22,"turns":5},{"damage":22,"enemies":"3 Cultists","floor":25,"turns":8},{"damage":29,"enemies":"Slavers","floor":27,"turns":5},{"damage":8,"enemies":"Book of Stabbing","floor":30,"turns":5},{"damage":7,"enemies":"Centurion and Healer","floor":31,"turns":7},{"damage":118,"enemies":"Automaton","floor":33,"turns":12}],"seed_played":"2468676914214019962","potions_obtained":[{"floor":2,"key":"Swift Potion"},{"floor":10,"key":"Weak Potion"},{"floor":11,"key":"EssenceOfSteel"},{"floor":12,"key":"BloodPotion"},{"floor":14,"key":"PowerPotion"},{"floor":22,"key":"SpeedPotion"},{"floor":25,"key":"Swift Potion"},{"floor":27,"key":"EssenceOfSteel"},{"floor":30,"key":"Regen Potion"}],"is_trial":true,"path_per_floor":["M","M","M","$","?","R","M","M","T","M","?","M","M","E","R","B",null,"M","?","M","M","M","R","$","M","T","E","?","$","E","M","R","B"],"character_chosen":"IRONCLAD","items_purchased":["Ghostly Armor","Lee\u0027s Waffle","True Grit","Shrug It Off","Flex"],"campfire_rested":1,"item_purchase_floors":[4,24,24,29,29],"current_hp_per_floor":[80,78,80,80,80,80,80,80,80,72,51,49,63,63,63,14,80,64,64,58,38,29,53,87,71,71,50,50,50,50,66,66,0],"gold":61,"neow_bonus":"","is_prod":false,"is_daily":false,"chose_seed":false,"campfire_upgraded":3,"win_rate":0,"timestamp":1550552108,"path_taken":["M","M","M","$","?","R","M","M","T","M","?","M","M","E","R","BOSS","M","?","M","?","M","R","$","M","T","E","?","$","E","M","R","BOSS"],"build_version":"2019-01-23","purchased_purges":1,"victory":false,"max_hp_per_floor":[80,80,80,80,80,80,80,80,80,80,80,80,80,80,80,80,80,80,80,80,80,80,80,87,87,87,87,87,87,87,87,87,87],"card_choices":[{"not_picked":["Shrug It Off","Clash"],"picked":"Twin Strike","floor":1},{"not_picked":["Thunderclap","Warcry"],"picked":"Pommel Strike","floor":2},{"not_picked":["Rampage","Havoc"],"picked":"Armaments","floor":3},{"not_picked":["Flex","Spot Weakness"],"picked":"Wild Strike","floor":7},{"not_picked":["Heavy Blade","Sword Boomerang","Clash"],"picked":"SKIP","floor":8},{"not_picked":["Flex","Iron Wave"],"picked":"Shrug It Off","floor":10},{"not_picked":["Heavy Blade","Rage"],"picked":"Wild Strike","floor":11},{"not_picked":["Sword Boomerang","Bloodletting","Havoc"],"picked":"SKIP","floor":12},{"not_picked":["Clothesline","Demon Form"],"picked":"Twin Strike","floor":13},{"not_picked":["Bloodletting","Havoc"],"picked":"Body Slam","floor":14},{"not_picked":["Barricade","Berserk"],"picked":"Impervious","floor":16},{"not_picked":["Rupture+1","Fire Breathing"],"picked":"Shrug It Off","floor":18},{"not_picked":["Disarm","Iron Wave"],"picked":"True Grit+1","floor":20},{"not_picked":["Entrench","Bludgeon"],"picked":"Twin Strike+1","floor":21},{"not_picked":["Armaments","Heavy Blade+1"],"picked":"Wild Strike","floor":22},{"not_picked":["Fire Breathing","Iron Wave"],"picked":"Immolate","floor":25},{"not_picked":["Uppercut+1","Feel No Pain"],"picked":"Reckless Charge","floor":27},{"not_picked":["Iron Wave","Sever Soul"],"picked":"Impervious","floor":30},{"not_picked":["Battle Trance","Clash","Burning Pact"],"picked":"SKIP","floor":31}],"player_experience":1531404,"relics_obtained":[{"floor":9,"key":"Bird Faced Urn"},{"floor":11,"key":"Odd Mushroom"},{"floor":14,"key":"Nunchaku"},{"floor":17,"key":"PreservedInsect"},{"floor":17,"key":"Self Forming Clay"},{"floor":17,"key":"Thread and Needle"},{"floor":26,"key":"Blood Vial"},{"floor":27,"key":"Ginger"},{"floor":30,"key":"Shuriken"}],"event_choices":[{"damage_healed":0,"gold_gain":0,"player_choice":"Take Wound","damage_taken":0,"relics_obtained":["Golden Idol"],"max_hp_gain":0,"max_hp_loss":0,"event_name":"Golden Idol","floor":5,"gold_loss":0,"cards_obtained":["Injury"]},{"damage_healed":0,"gold_gain":0,"player_choice":"Fought Mushrooms","damage_taken":0,"max_hp_gain":0,"max_hp_loss":0,"event_name":"Mushrooms","floor":11,"gold_loss":0},{"cards_removed":["Shame"],"damage_healed":0,"gold_gain":0,"player_choice":"Purged","damage_taken":0,"max_hp_gain":0,"max_hp_loss":0,"event_name":"Purifier","floor":19,"gold_loss":0},{"damage_healed":0,"gold_gain":0,"player_choice":"Ignored","damage_taken":0,"max_hp_gain":0,"max_hp_loss":0,"event_name":"Ghosts","floor":28,"gold_loss":0}],"is_beta":false,"boss_relics":[{"not_picked":["Sozu","Snecko Eye"],"picked":"Calling Bell"}],"items_purged_floors":[24],"is_endless":true,"potions_floor_spawned":[2,10,11,12,14,22,25,27,30],"killed_by":"Automaton","ascension_level":0}