{"gold_per_floor":[119,69,69,69,69,69,89,102,152,152,152,152,172,172,172,276,276,286,286],"floor_reached":19,"playtime":505,"items_purged":[],"score":155,"play_id":"ed26e136-8209-4cb4-87aa-e912fe9bd6f8","local_time":"20190123234243","is_ascension_mode":false,"campfire_choices":[{"data":"Bash","floor":6,"key":"SMITH"},{"data":"Carnage","floor":10,"key":"SMITH"},{"data":"Defend_R","floor":12,"key":"SMITH"},{"floor":15,"key":"REST"}],"neow_cost":"NONE","seed_source_timestamp":958293466243337,"circlet_count":0,"master_deck":["Strike_R","Strike_R","Defend_R+1","Defend_R+1","Defend_R+1","Bash+1","Carnage+1","Headbutt","Exhume","Ghostly Armor"],"relics":["Empty Cage"],"potions_floor_usage":[18],"damage_taken":[{"damage":1,"enemies":"Jaw Worm","floor":1,"turns":5},{"damage":10,"enemies":"Small Slimes","floor":7,"turns":4},{"damage":0,"enemies":"2 Louse","floor":8,"turns":3},{"damage":7,"enemies":"Blue Slaver","floor":13,"turns":2},{"damage":54,"enemies":"The Guardian","floor":16,"turns":12},{"damage":55,"enemies":"3 Byrds","floor":18,"turns":6},{"damage":25,"enemies":"Shell Parasite","floor":19,"turns":6}],"seed_played":"-234843238014035861","potions_obtained":[{"floor":13,"key":"Explosive Potion"},{"floor":16,"key":"Energy Potion"}],"is_trial":false,"path_per_floor":["M","?","?","?","?","R","M","M","T","R","?","R","M","?","R","B",null,"M","M"],"character_chosen":"IRONCLAD","items_purchased":[],"campfire_rested":1,"item_purchase_floors":[],"current_hp_per_floor":[79,79,79,79,76,76,66,66,66,66,59,59,52,36,60,6,80,25,0],"gold":286,"neow_bonus":"BOSS_RELIC","is_prod":false,"is_daily":false,"chose_seed":false,"campfire_upgraded":3,"win_rate":0,"timestamp":1548315763,"path_taken":["M","?","?","?","?","R","M","?","T","R","?","R","M","?","R","BOSS","M","M"],"build_version":"2019-01-23","purchased_purges":0,"victory":false,"max_hp_per_floor":[80,80,80,80,80,80,80,80,80,80,80,80,80,80,80,80,80,80,80],"card_choices":[{"not_picked":["Twin Strike","Cleave","Pummel"],"picked":"SKIP","floor":1},{"not_picked":["Havoc","Perfected Strike","Sever Soul"],"picked":"SKIP","floor":7},{"not_picked":["Body Slam","Anger"],"picked":"Carnage","floor":8},{"not_picked":["True Grit","Heavy Blade"],"picked":"Headbutt","floor":13},{"not_picked":["Brutality","Juggernaut"],"picked":"Exhume","floor":16},{"not_picked":["Bloodletting","Flex"],"picked":"Ghostly Armor","floor":18}],"player_experience":293294,"relics_obtained":[],"event_choices":[{"cards_removed":["Strike_R"],"damage_healed":0,"gold_gain":0,"player_choice":"Card Removal","damage_taken":0,"max_hp_gain":0,"max_hp_loss":0,"event_name":"The Cleric","floor":2,"gold_loss":50},{"damage_healed":0,"gold_gain":0,"player_choice":"Ignored","damage_taken":0,"max_hp_gain":0,"max_hp_loss":0,"event_name":"Golden Idol","floor":3,"gold_loss":0},{"damage_healed":0,"gold_gain":0,"player_choice":"Ignored","damage_taken":0,"max_hp_gain":0,"max_hp_loss":0,"event_name":"Liars Game","floor":4,"gold_loss":0},{"damage_healed":0,"gold_gain":0,"player_choice":"Fled","damage_taken":3,"max_hp_gain":0,"max_hp_loss":0,"event_name":"Scrap Ooze","floor":5,"gold_loss":0},{"cards_removed":["Strike_R"],"damage_healed":0,"gold_gain":0,"player_choice":"Card Removal","damage_taken":7,"max_hp_gain":0,"max_hp_loss":0,"event_name":"Golden Wing","floor":11,"gold_loss":0},{"damage_healed":0,"gold_gain":0,"player_choice":"Entered Light","damage_taken":16,"max_hp_gain":0,"max_hp_loss":0,"event_name":"Shining Light","floor":14,"gold_loss":0,"cards_upgraded":["Defend_R","Defend_R"]}],"is_beta":false,"boss_relics":[{"not_picked":["Calling Bell","Philosopher\u0027s Stone","Coffee Dripper"]}],"items_purged_floors":[],"is_endless":false,"potions_floor_spawned":[13,16],"killed_by":"Shell Parasite","ascension_level":0}