{"gold_per_floor":[115,115,115,126,138,138,172,189,189,203,223,240,240,268,268,366,366,385,385,398,411,230,230,257,257,257,286,309,319,345,361,361,463,463,477,777,338,352,370,370,399,413,437,449,459,100,100,120,120,120,120,120,2,30,30],"floor_reached":55,"playtime":4559,"items_purged":["Strike_B","Strike_B","Defend_B"],"score":1211,"play_id":"062d43d1-e7c8-4a05-a6bf-b91b2b9e8c58","local_time":"20190323135505","is_ascension_mode":true,"campfire_choices":[{"data":"Dualcast","floor":6,"key":"SMITH"},{"data":"Sunder","floor":13,"key":"SMITH"},{"data":"Conserve Battery","floor":15,"key":"SMITH"},{"data":"Sunder","floor":23,"key":"SMITH"},{"data":"Ghostly","floor":25,"key":"SMITH"},{"data":"Ghostly","floor":32,"key":"SMITH"},{"data":"Ghostly","floor":40,"key":"SMITH"},{"floor":49,"key":"RECALL"},{"data":"Ghostly","floor":52,"key":"SMITH"}],"neow_cost":"NONE","seed_source_timestamp":653060242578412,"circlet_count":0,"master_deck":["Strike_B","Strike_B","Defend_B","Defend_B","Defend_B","Zap+1","Dualcast+1","Sunder+1","Conserve Battery+1","Hologram","Sunder+1","Beam Cell","Coolheaded","Genetic Algorithm","Leap","Cold Snap","Seek","Conserve Battery","Ghostly+1","Ghostly+1","Ghostly+1","Ghostly+1","Ghostly","Cold Snap","Loop","Genetic Algorithm","Sunder","Coolheaded+1","Conserve Battery+1","Buffer","Reboot","Stack","Conserve Battery","Capacitor+1","Conserve Battery+1","Capacitor","Glacier","White Noise"],"relics":["Cracked Core","Omamori","Boot","Bronze Scales","Singing Bowl","Velvet Choker","Letter Opener","Shuriken","Pocketwatch","Bag of Marbles","Potion Belt","Nuclear Battery","PreservedInsect","Regal Pillow","Cables"],"potions_floor_usage":[14,24,27,33,33,33,41,46,50,50,50,50,50,50,55,55,55],"damage_taken":[{"damage":0,"enemies":"Cultist","floor":1,"turns":4},{"damage":2,"enemies":"Jaw Worm","floor":4,"turns":3},{"damage":0,"enemies":"2 Louse","floor":5,"turns":2},{"damage":20,"enemies":"Lagavulin","floor":7,"turns":6},{"damage":0,"enemies":"Blue Slaver","floor":8,"turns":3},{"damage":1,"enemies":"Lots of Slimes","floor":10,"turns":3},{"damage":0,"enemies":"2 Fungi Beasts","floor":11,"turns":1},{"damage":0,"enemies":"Blue Slaver","floor":12,"turns":3},{"damage":2,"enemies":"Gremlin Nob","floor":14,"turns":3},{"damage":16,"enemies":"Slime Boss","floor":16,"turns":9},{"damage":21,"enemies":"2 Thieves","floor":18,"turns":3},{"damage":0,"enemies":"Chosen","floor":20,"turns":5},{"damage":1,"enemies":"Shelled Parasite and Fungi","floor":21,"turns":6},{"damage":0,"enemies":"Book of Stabbing","floor":24,"turns":6},{"damage":24,"enemies":"Gremlin Leader","floor":27,"turns":7},{"damage":0,"enemies":"Snecko","floor":29,"turns":5},{"damage":0,"enemies":"Book of Stabbing","floor":30,"turns":5},{"damage":0,"enemies":"Sentry and Sphere","floor":31,"turns":4},{"damage":11,"enemies":"Automaton","floor":33,"turns":10},{"damage":0,"enemies":"Orb Walker","floor":35,"turns":5},{"damage":1,"enemies":"3 Shapes","floor":38,"turns":4},{"damage":0,"enemies":"Spire Growth","floor":39,"turns":8},{"damage":0,"enemies":"Giant Head","floor":41,"turns":10},{"damage":1,"enemies":"Maw","floor":42,"turns":10},{"damage":0,"enemies":"3 Darklings","floor":44,"turns":9},{"damage":0,"enemies":"Transient","floor":45,"turns":5},{"damage":0,"enemies":"4 Shapes","floor":48,"turns":10},{"damage":35,"enemies":"Donu and Deca","floor":50,"turns":14},{"damage":0,"enemies":"Shield and Spear","floor":54,"turns":10},{"damage":45,"enemies":"The Heart","floor":55,"turns":3}],"seed_played":"-1730907403417854325","potions_obtained":[{"floor":4,"key":"SteroidPotion"},{"floor":5,"key":"SkillPotion"},{"floor":10,"key":"Weak Potion"},{"floor":18,"key":"Poison Potion"},{"floor":27,"key":"Fruit Juice"},{"floor":30,"key":"Weak Potion"},{"floor":31,"key":"Poison Potion"},{"floor":39,"key":"AttackPotion"},{"floor":41,"key":"Strength Potion"},{"floor":42,"key":"EntropicBrew"},{"floor":45,"key":"SteroidPotion"}],"is_trial":false,"path_per_floor":["?","?","M","?","T","?","$","M","?"],"character_chosen":"DEFECT","items_purchased":["Genetic Algorithm","Sunder","PreservedInsect","Reboot","Stack","Capacitor","LiquidBronze","FocusPotion","White Noise","Block Potion"],"campfire_rested":0,"item_purchase_floors":[22,22,37,37,37,46,46,46,53,53],"current_hp_per_floor":[68,68,68,66,66,66,46,46,46,45,45,45,45,43,43,27,63,42,37,37,36,36,36,38,38,38,14,14,14,14,16,16,5,32,34,34,34,35,35,35,37,38,38,38,38,43,43,43,43,8,43,43,43,45,0],"gold":30,"neow_bonus":"RANDOM_COMMON_RELIC","is_prod":false,"is_daily":false,"chose_seed":false,"campfire_upgraded":8,"win_rate":0,"timestamp":1553363705,"path_taken":["M","?","?","M","M","R","E","M","T","?","M","M","R","E","R","BOSS","M","?","M","M","$","R","E","R","T","E","?","M","E","M","R","BOSS","M","?","?","M","M","R","E","?","T","M","M","$","?","M","R","BOSS","R","$","E","BOSS"],"build_version":"2019-01-23","purchased_purges":3,"victory":false,"max_hp_per_floor":[75,75,75,75,75,75,75,75,75,75,75,75,75,75,75,75,75,75,37,37,37,37,37,39,39,39,39,39,39,39,41,41,41,41,43,43,43,45,45,45,47,49,49,49,49,54,54,54,54,54,54,54,54,56,56],"card_choices":[{"not_picked":["Cold Snap","Aggregate"],"picked":"Sunder","floor":1},{"not_picked":["Ball Lightning","Redo"],"picked":"Conserve Battery","floor":4},{"not_picked":["Gash","Doom and Gloom"],"picked":"Hologram","floor":5},{"not_picked":["Fusion","Steam Power"],"picked":"Sunder","floor":7},{"not_picked":["Aggregate","Steam"],"picked":"Beam Cell","floor":8},{"not_picked":["Self Repair","Stack"],"picked":"Coolheaded","floor":10},{"not_picked":["Skim","Doom and Gloom"],"picked":"Genetic Algorithm","floor":11},{"not_picked":["Hyperbeam","Hologram"],"picked":"Leap","floor":12},{"not_picked":["Darkness","Barrage"],"picked":"Cold Snap","floor":14},{"not_picked":["Machine Learning","Electrodynamics"],"picked":"Seek","floor":16},{"not_picked":["Turbo","Hello World+1"],"picked":"Conserve Battery","floor":18},{"not_picked":["Gash","Rebound+1"],"picked":"Cold Snap","floor":20},{"not_picked":["Streamline","Scrape"],"picked":"Loop","floor":21},{"not_picked":["Gash","Static Discharge","Amplify"],"picked":"Singing Bowl","floor":24},{"not_picked":["Tempest","Steam Power"],"picked":"Sunder","floor":27},{"not_picked":["Gash+1","Stack"],"picked":"Coolheaded+1","floor":29},{"not_picked":["Cold Snap","Stack"],"picked":"Conserve Battery+1","floor":30},{"not_picked":["Go for the Eyes","Melter","Rebound"],"picked":"Singing Bowl","floor":31},{"not_picked":["Fission","Rainbow"],"picked":"Buffer","floor":33},{"not_picked":["Aggregate+1","Beam Cell","Go for the Eyes+1"],"picked":"Singing Bowl","floor":35},{"not_picked":["Consume+1","Darkness+1","Recycle+1"],"picked":"Singing Bowl","floor":38},{"not_picked":["Skim+1","Beam Cell"],"picked":"Conserve Battery","floor":39},{"not_picked":["Coolheaded","Chaos","Recycle+1"],"picked":"Singing Bowl","floor":41},{"not_picked":["Steam Power","Coolheaded","Storm"],"picked":"Singing Bowl","floor":42},{"not_picked":["Blizzard","Sweeping Beam+1"],"picked":"Capacitor+1","floor":44},{"not_picked":["Recycle","Barrage"],"picked":"Conserve Battery+1","floor":45},{"not_picked":["Heatsinks+1","Rainbow"],"picked":"Glacier","floor":48},{"not_picked":["Steam","Leap","Cold Snap+1"],"picked":"Singing Bowl","floor":54}],"player_experience":925681,"relics_obtained":[{"floor":7,"key":"Boot"},{"floor":9,"key":"Bronze Scales"},{"floor":14,"key":"Singing Bowl"},{"floor":24,"key":"Letter Opener"},{"floor":26,"key":"Shuriken"},{"floor":27,"key":"Pocketwatch"},{"floor":28,"key":"Bag of Marbles"},{"floor":30,"key":"Potion Belt"},{"floor":41,"key":"Regal Pillow"},{"floor":54,"key":"Cables"}],"event_choices":[{"damage_healed":0,"gold_gain":0,"player_choice":"Grow","damage_taken":0,"max_hp_gain":0,"max_hp_loss":0,"event_name":"Living Wall","floor":2,"gold_loss":0,"cards_upgraded":["Sunder"]},{"damage_healed":0,"gold_gain":0,"player_choice":"Upgraded","damage_taken":0,"max_hp_gain":0,"max_hp_loss":0,"event_name":"Upgrade Shrine","floor":3,"gold_loss":0,"cards_upgraded":["Zap"]},{"damage_healed":0,"gold_gain":0,"player_choice":"Became a Ghost","damage_taken":0,"max_hp_gain":0,"max_hp_loss":38,"event_name":"Ghosts","floor":19,"gold_loss":0,"cards_obtained":["Ghostly","Ghostly","Ghostly","Ghostly","Ghostly"]},{"damage_healed":0,"gold_gain":300,"player_choice":"Gold","damage_taken":0,"max_hp_gain":0,"max_hp_loss":0,"event_name":"Wheel of Change","floor":36,"gold_loss":0},{"cards_removed":["Sunder"],"damage_healed":0,"gold_gain":0,"player_choice":"Removed Attack","damage_taken":0,"max_hp_gain":0,"max_hp_loss":0,"event_name":"Falling","floor":47,"gold_loss":0}],"is_beta":false,"boss_relics":[{"not_picked":["Orrery","Lizard Tail"],"picked":"Velvet Choker"},{"not_picked":["Tiny House","Philosopher\u0027s Stone"],"picked":"Nuclear Battery"}],"items_purged_floors":[22,37,46],"is_endless":false,"potions_floor_spawned":[4,5,10,12,18,27,30,31,39,41,42,45],"killed_by":"The Heart","ascension_level":7}