{"gold_per_floor":[117,131,131,131,131,150,62,62,111,111,111,130,174,174,174,270,270,289,289,305,326,326,326,326,357,381,381,400,400,415,6,6,6],"floor_reached":33,"playtime":1231,"items_purged":["Searing Blow"],"score":459,"play_id":"03978485-c96c-4dce-990f-fab0edd31504","local_time":"20190131102556","is_ascension_mode":true,"campfire_choices":[{"data":"Searing Blow","floor":8.0,"key":"SMITH"},{"data":"Searing Blow+2","floor":11.0,"key":"SMITH"},{"data":"Warcry","floor":15.0,"key":"SMITH"},{"data":"Armaments","floor":23.0,"key":"SMITH"},{"floor":32,"key":"REST"}],"neow_cost":"NONE","seed_source_timestamp":165469575433685,"circlet_count":0,"master_deck":["AscendersBane","Bash","Searing Blow+3","Warcry+1","Pommel Strike","Swift Strike","Battle Trance","Shockwave","Double Tap","Body Slam","Disarm","Feed","Bludgeon","Ghostly Armor","Dropkick","Wild Strike","Heavy Blade","Armaments+1","Second Wind+1","Warcry+1","Dual Wield","True Grit","Bloodletting","Armaments","Uppercut","Bite","Bite","Bite","Bite","Bite","Pommel Strike+1","Armaments","True Grit","Dropkick"],"special_seed":0,"relics":["Burning Blood","Champion Belt","Golden Idol","Pen Nib","Prayer Wheel","Incense Burner","Pandora\u0027s Box","Bronze Scales","Darkstone Periapt","PreservedInsect","Oddly Smooth Stone","Medical Kit"],"potions_floor_usage":[24,30,33,33,33],"damage_taken":[{"damage":2.0,"enemies":"Jaw Worm","floor":1.0,"turns":3.0},{"damage":3.0,"enemies":"2 Louse","floor":2.0,"turns":3.0},{"damage":4.0,"enemies":"Cultist","floor":6.0,"turns":3.0},{"damage":14.0,"enemies":"Lots of Slimes","floor":12.0,"turns":4.0},{"damage":6.0,"enemies":"Gremlin Nob","floor":13.0,"turns":3.0},{"damage":60.0,"enemies":"Slime Boss","floor":16.0,"turns":11.0},{"damage":15.0,"enemies":"2 Thieves","floor":18.0,"turns":4.0},{"damage":9.0,"enemies":"Shell Parasite","floor":20.0,"turns":4.0},{"damage":12.0,"enemies":"Sentry and Sphere","floor":21.0,"turns":5.0},{"damage":0,"enemies":"Colosseum Slavers","floor":24,"turns":1},{"damage":49,"enemies":"Gremlin Leader","floor":25,"turns":6},{"damage":3,"enemies":"3 Cultists","floor":28,"turns":5},{"damage":11,"enemies":"Shelled Parasite and Fungi","floor":30,"turns":4},{"damage":96,"enemies":"Automaton","floor":33,"turns":12}],"seed_played":"7212843721656498378","potions_obtained":[{"floor":1.0,"key":"BloodPotion"},{"floor":6.0,"key":"SmokeBomb"},{"floor":16.0,"key":"GamblersBrew"},{"floor":18.0,"key":"Ancient Potion"},{"floor":25,"key":"EntropicBrew"}],"is_trial":false,"path_per_floor":["M","M","?","?","?","M","$","R","T","?","R","M","E","T","R","B",null,"M","?","M","M","?","R","?","E","T","T","M","?","M","$","R","B"],"character_chosen":"IRONCLAD","items_purchased":["Swift Strike","Medical Kit","True Grit","Dropkick"],"campfire_rested":1,"item_purchase_floors":[7,31,31,31],"current_hp_per_floor":[84,87,80,80,80,82,82,82,82,82,82,74,74,74,74,28,73,64,64,61,55,55,55,61,22,22,22,25,25,30,30,50,0],"gold":6,"neow_bonus":"TEN_PERCENT_HP_BONUS","is_prod":false,"is_daily":false,"chose_seed":false,"campfire_upgraded":4,"win_rate":0,"timestamp":1548955556,"path_taken":["M","M","?","?","?","?","?","R","T","?","R","M","E","?","R","BOSS","M","?","M","M","?","R","?","E","T","?","M","?","M","$","R","BOSS"],"build_version":"2019-01-23","purchased_purges":1,"victory":false,"max_hp_per_floor":[88,88,88,88,88,88,88,88,88,88,88,88,88,88,88,88,88,88,88,88,88,88,88,88,92,92,92,92,64,67,67,67,67],"card_choices":[{"not_picked":["Carnage","Entrench"],"picked":"Searing Blow","floor":1.0},{"not_picked":["Headbutt","Evolve"],"picked":"Warcry","floor":2.0},{"not_picked":["Heavy Blade","Havoc"],"picked":"Pommel Strike","floor":6.0},{"not_picked":["Sever Soul","Body Slam"],"picked":"Battle Trance","floor":12.0},{"not_picked":["Evolve","Feel No Pain"],"picked":"Shockwave","floor":13.0},{"not_picked":["Reaper","Dark Embrace"],"picked":"Double Tap","floor":16.0},{"not_picked":["Clothesline","Twin Strike+1"],"picked":"Armaments","floor":18.0},{"not_picked":["Havoc","Spot Weakness"],"picked":"Second Wind+1","floor":18.0},{"not_picked":["Thunderclap","Clothesline+1"],"picked":"Warcry+1","floor":20.0},{"not_picked":["Bloodletting","Sword Boomerang+1"],"picked":"Dual Wield","floor":20.0},{"not_picked":["Whirlwind","Spot Weakness"],"picked":"True Grit","floor":21.0},{"not_picked":["Cleave","Wild Strike"],"picked":"Bloodletting","floor":21.0},{"not_picked":["Headbutt+1","Sword Boomerang"],"picked":"Armaments","floor":25},{"not_picked":["Sword Boomerang","Spot Weakness+1"],"picked":"Uppercut","floor":28},{"not_picked":["Headbutt","Pommel Strike+1","Havoc"],"picked":"SKIP","floor":28},{"not_picked":["Clash+1","Searing Blow"],"picked":"Pommel Strike+1","floor":30},{"not_picked":["Demon Form","Intimidate"],"picked":"Armaments","floor":30}],"player_experience":1346181,"relics_obtained":[{"floor":9.0,"key":"Pen Nib"},{"floor":13.0,"key":"Prayer Wheel"},{"floor":14.0,"key":"Incense Burner"},{"floor":25,"key":"Darkstone Periapt"},{"floor":26,"key":"PreservedInsect"},{"floor":27,"key":"Oddly Smooth Stone"}],"event_choices":[{"damage_healed":0.0,"max_hp_gain":0.0,"max_hp_loss":0.0,"gold_gain":0.0,"event_name":"Scrap Ooze","player_choice":"Success","floor":3.0,"gold_loss":0.0,"damage_taken":7.0,"relics_obtained":["Champion Belt"]},{"damage_healed":0.0,"max_hp_gain":0.0,"max_hp_loss":0.0,"gold_gain":0.0,"event_name":"Golden Idol","player_choice":"Take Wound","floor":4.0,"gold_loss":0.0,"damage_taken":0.0,"relics_obtained":["Golden Idol"],"cards_obtained":["Injury"]},{"cards_removed":["Injury"],"damage_healed":0.0,"max_hp_gain":0.0,"max_hp_loss":0.0,"gold_gain":0.0,"event_name":"Purifier","player_choice":"Purged","floor":5.0,"gold_loss":0.0,"damage_taken":0.0},{"damage_healed":0.0,"max_hp_gain":0.0,"max_hp_loss":0.0,"gold_gain":0.0,"event_name":"Living Wall","player_choice":"Grow","floor":10.0,"gold_loss":0.0,"damage_taken":0.0,"cards_upgraded":["Searing Blow"]},{"damage_healed":0.0,"max_hp_gain":0.0,"max_hp_loss":0.0,"gold_gain":0.0,"event_name":"The Mausoleum","player_choice":"Opened","floor":19.0,"gold_loss":0.0,"damage_taken":0.0,"relics_obtained":["Bronze Scales"]},{"damage_healed":0.0,"max_hp_gain":0.0,"max_hp_loss":0.0,"gold_gain":0.0,"event_name":"Ghosts","player_choice":"Ignored","floor":22.0,"gold_loss":0.0,"damage_taken":0.0},{"damage_healed":0,"gold_gain":0,"player_choice":"Fight","damage_taken":0,"max_hp_gain":0,"max_hp_loss":0,"event_name":"Colosseum","floor":24,"gold_loss":0},{"damage_healed":0,"gold_gain":0,"player_choice":"Fled From Nobs","damage_taken":0,"max_hp_gain":0,"max_hp_loss":0,"event_name":"Colosseum","floor":24,"gold_loss":0},{"damage_healed":0,"gold_gain":0,"player_choice":"Became a vampire","damage_taken":0,"max_hp_gain":0,"max_hp_loss":28,"event_name":"Vampires","floor":29,"gold_loss":0,"cards_obtained":["Bite","Bite","Bite","Bite","Bite"]}],"is_beta":false,"boss_relics":[{"not_picked":["Philosopher\u0027s Stone","Runic Dome"],"picked":"Pandora\u0027s Box"}],"items_purged_floors":[31],"is_endless":false,"potions_floor_spawned":[1,6,16,18,24,25],"killed_by":"Automaton","ascension_level":13}