{"gold_per_floor":[116,129,129,140,156,156,169,92,144,144,91,121,121,131,131,204,204,220,220,236,236],"floor_reached":21,"playtime":803,"items_purged":[],"score":362,"play_id":"86b34fdc-37f7-4dbe-a180-cca2f7914952","local_time":"20190411124505","is_ascension_mode":true,"campfire_choices":[{"data":"Catalyst","floor":6.0,"key":"SMITH"},{"data":"Glass Knife","floor":10.0,"key":"SMITH"},{"data":"Burst","floor":13.0,"key":"SMITH"},{"data":"Poisoned Stab","floor":15.0,"key":"SMITH"}],"neow_cost":"NONE","seed_source_timestamp":145160672173700,"circlet_count":0,"master_deck":["AscendersBane","Defend_G","Defend_G","Defend_G","Defend_G","Defend_G","Strike_G","Strike_G","Strike_G","Survivor","Neutralize+1","Deadly Poison","Acrobatics","Poisoned Stab+1","Catalyst+1","Cloak And Dagger","Glass Knife+1","Backflip","Burst+1","Envenom+1","Catalyst"],"special_seed":0,"relics":["Ring of the Snake","Blood Vial","Frozen Egg 2","Empty Cage"],"potions_floor_usage":[],"damage_taken":[{"damage":2.0,"enemies":"Cultist","floor":1.0,"turns":5.0},{"damage":1.0,"enemies":"2 Louse","floor":2.0,"turns":4.0},{"damage":4.0,"enemies":"Jaw Worm","floor":4.0,"turns":7.0},{"damage":4.0,"enemies":"2 Fungi Beasts","floor":5.0,"turns":5.0},{"damage":7.0,"enemies":"Gremlin Gang","floor":7.0,"turns":4.0},{"damage":19.0,"enemies":"Gremlin Nob","floor":12.0,"turns":4.0},{"damage":0.0,"enemies":"Large Slime","floor":14.0,"turns":4.0},{"damage":18.0,"enemies":"Hexaghost","floor":16.0,"turns":8.0},{"damage":14.0,"enemies":"Spheric Guardian","floor":18.0,"turns":4.0},{"damage":19.0,"enemies":"Colosseum Slavers","floor":19.0,"turns":7.0},{"damage":20,"enemies":"Shell Parasite","floor":20,"turns":6},{"damage":15,"enemies":"Snake Plant","floor":21,"turns":2}],"seed_played":"-2429374064796979187","potions_obtained":[{"floor":4.0,"key":"Poison Potion"},{"floor":5.0,"key":"SpeedPotion"},{"floor":18.0,"key":"SpeedPotion"}],"is_trial":false,"path_per_floor":["M","M","?","M","M","R","M","$","T","R","$","E","R","M","R","B",null,"M","?","M","M"],"character_chosen":"THE_SILENT","items_purchased":["Glass Knife","Backflip"],"campfire_rested":0,"item_purchase_floors":[8,11],"current_hp_per_floor":[57,56,61,57,53,53,46,46,46,46,46,29,29,31,31,15,57,45,28,10,0],"gold":236,"neow_bonus":"UPGRADE_CARD","is_prod":false,"is_daily":false,"chose_seed":false,"campfire_upgraded":4,"win_rate":0,"timestamp":1555011905,"path_taken":["M","M","?","M","M","R","M","$","T","R","$","E","R","M","R","BOSS","M","?","M","M"],"build_version":"2019-01-23","purchased_purges":0,"victory":false,"max_hp_per_floor":[66,66,71,71,71,71,71,71,71,71,71,71,71,71,71,71,71,71,71,71,71],"card_choices":[{"not_picked":["Heel Hook","Prepared"],"picked":"Deadly Poison","floor":1.0},{"not_picked":["Outmaneuver","PiercingWail"],"picked":"Acrobatics","floor":2.0},{"not_picked":["Blade Dance","Sucker Punch"],"picked":"Poisoned Stab","floor":4.0},{"not_picked":["Footwork","Deflect"],"picked":"Catalyst","floor":5.0},{"not_picked":["Endless Agony","Dagger Throw"],"picked":"Cloak And Dagger","floor":7.0},{"not_picked":["Flying Knee","Dagger Spray"],"picked":"Burst","floor":12.0},{"not_picked":["Cloak And Dagger","Masterful Stab","Flying Knee"],"picked":"SKIP","floor":14.0},{"not_picked":["Storm of Steel","Grand Finale"],"picked":"Envenom+1","floor":16.0},{"not_picked":["Poisoned Stab","Acrobatics"],"picked":"Catalyst","floor":18.0},{"not_picked":["Bane","Blade Dance","Acrobatics"],"picked":"SKIP","floor":20}],"player_experience":524912,"relics_obtained":[{"floor":9.0,"key":"Blood Vial"},{"floor":12.0,"key":"Frozen Egg 2"}],"event_choices":[{"damage_healed":0.0,"max_hp_gain":5.0,"max_hp_loss":0.0,"gold_gain":0.0,"event_name":"Big Fish","player_choice":"Donut","floor":3.0,"gold_loss":0.0,"damage_taken":0.0},{"damage_healed":0.0,"max_hp_gain":0.0,"max_hp_loss":0.0,"gold_gain":0.0,"event_name":"Colosseum","player_choice":"Fight","floor":19.0,"gold_loss":0.0,"damage_taken":0.0},{"damage_healed":0.0,"max_hp_gain":0.0,"max_hp_loss":0.0,"gold_gain":0.0,"event_name":"Colosseum","player_choice":"Fled From Nobs","floor":19.0,"gold_loss":0.0,"damage_taken":0.0}],"is_beta":false,"boss_relics":[{"not_picked":["Lizard Tail","Eternal Feather"],"picked":"Empty Cage"}],"items_purged_floors":[],"is_endless":false,"potions_floor_spawned":[4,5,18],"killed_by":"Snake Plant","ascension_level":20}