{"gold_per_floor":[111,111,128,8,25,59,71,103,126,145,111,111,127,142,142,244,244,263,263,22,39,39,39,73,73,73,83,118,136,147,162,162,267,267,277,277,5,5,15,15,50,66,66,79,79],"floor_reached":45,"playtime":7031,"items_purged":[],"score":579,"play_id":"21bd6c1c-1e6a-41fd-aed6-fde5e4716fea","local_time":"20190407114759","is_ascension_mode":false,"campfire_choices":[{"floor":15.0,"key":"REST"},{"data":"Loop","floor":23.0,"key":"SMITH"},{"data":"White Noise","floor":25.0,"key":"SMITH"},{"floor":32.0,"key":"REST"},{"floor":40.0,"key":"REST"}],"neow_cost":"CURSE","seed_source_timestamp":0,"circlet_count":0,"master_deck":["Strike_B","Strike_B","Defend_B","Defend_B","Defend_B","Zap","Dualcast","Normality","Loop+1","Turbo","Static Discharge","Cold Snap","Self Repair","Turbo","Chill","Chill","Consume","Meteor Strike","Stack","Defragment","Double Energy","Leap","Sunder","All For One","White Noise+1","Sunder","Cold Snap","Double Energy","Skim","FTL","Scrape+1","Echo Form","Leap+1","Aggregate","Dual Wield+1","Intimidate","Shrug It Off+1","Thunderclap+1"],"special_seed":0,"relics":["Cracked Core","GremlinMask","DataDisk","Strawberry","Boot","Snecko Eye","Lee\u0027s Waffle","Regal Pillow","Du-Vu Doll","Orichalcum","Darkstone Periapt","Black Star","Bottled Tornado","PrismaticShard","Meat on the Bone","Happy Flower","Sundial","Torii"],"potions_floor_usage":[],"damage_taken":[{"damage":0.0,"enemies":"Cultist","floor":1.0,"turns":3.0},{"damage":3.0,"enemies":"Jaw Worm","floor":3.0,"turns":4.0},{"damage":2.0,"enemies":"Small Slimes","floor":5.0,"turns":3.0},{"damage":35.0,"enemies":"Gremlin Nob","floor":6.0,"turns":5.0},{"damage":6.0,"enemies":"Exordium Thugs","floor":7.0,"turns":7.0},{"damage":5.0,"enemies":"3 Sentries","floor":8.0,"turns":8.0},{"damage":5.0,"enemies":"Red Slaver","floor":10.0,"turns":4.0},{"damage":14.0,"enemies":"Blue Slaver","floor":13.0,"turns":4.0},{"damage":0.0,"enemies":"3 Louse","floor":14.0,"turns":8.0},{"damage":31.0,"enemies":"Slime Boss","floor":16.0,"turns":9.0},{"damage":11.0,"enemies":"Spheric Guardian","floor":18.0,"turns":4.0},{"damage":6.0,"enemies":"3 Byrds","floor":21.0,"turns":1.0},{"damage":4.0,"enemies":"Slavers","floor":24.0,"turns":7.0},{"damage":19.0,"enemies":"Snake Plant","floor":27.0,"turns":4.0},{"damage":18.0,"enemies":"Book of Stabbing","floor":28.0,"turns":5.0},{"damage":33.0,"enemies":"Shelled Parasite and Fungi","floor":29.0,"turns":4.0},{"damage":11.0,"enemies":"Chosen and Byrds","floor":30.0,"turns":4.0},{"damage":17.0,"enemies":"Snecko","floor":31.0,"turns":5.0},{"damage":54.0,"enemies":"Champ","floor":33.0,"turns":14.0},{"damage":32.0,"enemies":"3 Darklings","floor":35.0,"turns":5.0},{"damage":4.0,"enemies":"Orb Walker","floor":39.0,"turns":2.0},{"damage":30.0,"enemies":"Reptomancer","floor":41.0,"turns":8.0},{"damage":10.0,"enemies":"Maw","floor":42.0,"turns":6.0},{"damage":22.0,"enemies":"Transient","floor":44.0,"turns":5.0},{"damage":8.0,"enemies":"Nemesis","floor":45.0,"turns":5.0}],"seed_played":"3234121064133881614","potions_obtained":[{"floor":5.0,"key":"Energy Potion"},{"floor":7.0,"key":"FearPotion"},{"floor":8.0,"key":"FairyPotion"},{"floor":10.0,"key":"LiquidBronze"},{"floor":14.0,"key":"SpeedPotion"},{"floor":21.0,"key":"Fire Potion"},{"floor":24.0,"key":"SpeedPotion"},{"floor":30.0,"key":"Explosive Potion"},{"floor":35.0,"key":"Dexterity Potion"},{"floor":42.0,"key":"SteroidPotion"}],"is_trial":false,"path_per_floor":["M","?","M","$","M","E","M","E","T","M","$","?","M","M","R","B",null,"M","?","$","M","?","R","E","R","T","M","E","M","M","M","R","B",null,"M","T","$","T","M","R","E","M","T","M","E"],"character_chosen":"DEFECT","items_purchased":["Self Repair","Turbo","Defragment","Lee\u0027s Waffle","Sunder","PrismaticShard","Aggregate"],"campfire_rested":3,"item_purchase_floors":[4,4,11,20,20,37,37],"current_hp_per_floor":[75,75,72,72,75,47,48,57,57,59,59,59,52,59,82,58,82,78,62,94,94,94,94,94,94,94,82,71,38,34,24,67,20,94,69,69,69,69,65,94,78,75,75,53,57],"gold":79,"neow_bonus":"TRANSFORM_TWO_CARDS","is_prod":false,"is_daily":false,"chose_seed":false,"campfire_upgraded":2,"win_rate":0,"timestamp":1554634079,"path_taken":["M","?","M","$","M","E","?","E","T","M","?","?","?","M","R","BOSS","M","?","$","M","?","R","E","R","T","?","E","M","M","M","R","BOSS","M","?","$","?","M","R","E","M","T","M","E"],"build_version":"2019-01-23","purchased_purges":0,"victory":false,"max_hp_per_floor":[75,75,75,75,75,75,75,82,82,82,82,82,82,82,82,82,82,82,87,94,94,94,94,94,94,94,94,94,94,94,94,94,94,94,94,94,94,94,94,94,94,94,94,94,94],"card_choices":[{"not_picked":["Cold Snap","Hologram"],"picked":"Static Discharge","floor":1.0},{"not_picked":["Lockon","Rip and Tear"],"picked":"Cold Snap","floor":3.0},{"not_picked":["Steam","Heatsinks"],"picked":"Chill","floor":5.0},{"not_picked":["Coolheaded","Blizzard"],"picked":"Chill","floor":6.0},{"not_picked":["Rebound","Leap"],"picked":"Consume","floor":7.0},{"not_picked":["Streamline","Beam Cell"],"picked":"Meteor Strike","floor":8.0},{"not_picked":["Cold Snap","Hologram"],"picked":"Stack","floor":10.0},{"not_picked":["Streamline","Doom and Gloom"],"picked":"Leap","floor":13.0},{"not_picked":["Force Field","Steam"],"picked":"Sunder","floor":14.0},{"not_picked":["Rainbow","Amplify"],"picked":"All For One","floor":16.0},{"not_picked":["Steam","Leap"],"picked":"White Noise","floor":18.0},{"not_picked":["Steam","Stack"],"picked":"Cold Snap","floor":21.0},{"not_picked":["Sweeping Beam+1","Rebound","Streamline"],"picked":"SKIP","floor":24.0},{"not_picked":["Conserve Battery","Streamline+1"],"picked":"Double Energy","floor":27.0},{"not_picked":["Lockon","Steam Power"],"picked":"Skim","floor":28.0},{"not_picked":["Cold Snap","Reprogram"],"picked":"FTL","floor":29.0},{"not_picked":["Rebound","Recycle","Sweeping Beam"],"picked":"SKIP","floor":30.0},{"not_picked":["Beam Cell","Steam"],"picked":"Scrape+1","floor":31.0},{"not_picked":["Reboot","Meteor Strike"],"picked":"Echo Form","floor":33.0},{"not_picked":["Streamline","Cold Snap"],"picked":"Leap+1","floor":35.0},{"not_picked":["Aggregate","Inflame"],"picked":"Dual Wield+1","floor":39.0},{"not_picked":["Jack Of All Trades+1","Dark Shackles"],"picked":"Intimidate","floor":41.0},{"not_picked":["Sweeping Beam+1","Stack"],"picked":"Shrug It Off+1","floor":42.0},{"not_picked":["Self Repair","Shrug It Off+1"],"picked":"Thunderclap+1","floor":44.0}],"player_experience":326978,"relics_obtained":[{"floor":6.0,"key":"DataDisk"},{"floor":8.0,"key":"Strawberry"},{"floor":9.0,"key":"Boot"},{"floor":24.0,"key":"Du-Vu Doll"},{"floor":26.0,"key":"Orichalcum"},{"floor":28.0,"key":"Darkstone Periapt"},{"floor":36.0,"key":"Bottled Tornado"},{"floor":38.0,"key":"Meat on the Bone"},{"floor":41.0,"key":"Happy Flower"},{"floor":41.0,"key":"Sundial"},{"floor":43.0,"key":"Torii"}],"event_choices":[{"damage_healed":0.0,"max_hp_gain":0.0,"max_hp_loss":0.0,"gold_gain":0.0,"event_name":"FaceTrader","player_choice":"Trade","floor":2.0,"gold_loss":0.0,"damage_taken":0.0,"relics_obtained":["GremlinMask"]},{"damage_healed":0.0,"max_hp_gain":0.0,"max_hp_loss":0.0,"gold_gain":0.0,"cards_transformed":["Strike_B"],"event_name":"Living Wall","player_choice":"Change","floor":12.0,"gold_loss":0.0,"damage_taken":0.0,"cards_obtained":["Double Energy"]},{"damage_healed":0.0,"max_hp_gain":5.0,"max_hp_loss":0.0,"gold_gain":0.0,"event_name":"Forgotten Altar","player_choice":"Shed Blood","floor":19.0,"gold_loss":0.0,"damage_taken":21.0},{"damage_healed":0.0,"max_hp_gain":0.0,"max_hp_loss":0.0,"gold_gain":0.0,"event_name":"WeMeetAgain","player_choice":"Gave Potion","floor":22.0,"gold_loss":0.0,"damage_taken":0.0,"relics_obtained":["Regal Pillow"]}],"is_beta":false,"boss_relics":[{"not_picked":["Philosopher\u0027s Stone","Orrery"],"picked":"Snecko Eye"},{"not_picked":["Pandora\u0027s Box","White Beast Statue"],"picked":"Black Star"}],"items_purged_floors":[],"is_endless":false,"potions_floor_spawned":[5,7,8,10,14,21,24,30,35,42,44],"killed_by":"Nemesis","ascension_level":0}