{"gold_per_floor":[112,128,148,158,176,204,204,223,249,260,260,260,285,285,285,408,408,432,204,222,247,247],"floor_reached":22,"playtime":874,"items_purged":["Pain"],"score":192,"play_id":"da42f478-6af6-47f0-be48-00f8f3bad3b5","local_time":"20190219211458","is_ascension_mode":false,"campfire_choices":[{"data":"Armaments","floor":7,"key":"SMITH"},{"floor":15,"key":"REST"}],"neow_cost":"","seed_source_timestamp":357096627044868,"circlet_count":0,"master_deck":["Strike_R","Strike_R","Strike_R+1","Strike_R","Strike_R","Defend_R","Defend_R","Defend_R+1","Defend_R","Bash","Havoc","Armaments+1","Flex+1","Twin Strike","Shrug It Off","Immolate","Battle Trance","Wild Strike","Injury","True Grit+1","Exhume","Evolve","Twin Strike","Flex"],"relics":["Burning Blood","Unceasing Top","Bag of Preparation","Golden Idol","WarpedTongs","Black Star","War Paint"],"potions_floor_usage":[4,8,16,20,22],"damage_taken":[{"damage":1,"enemies":"Cultist","floor":1,"turns":3},{"damage":10,"enemies":"Jaw Worm","floor":2,"turns":5},{"damage":2,"enemies":"2 Louse","floor":3,"turns":2},{"damage":14,"enemies":"Gremlin Gang","floor":4,"turns":5},{"damage":1,"enemies":"3 Louse","floor":5,"turns":4},{"damage":32,"enemies":"3 Sentries","floor":6,"turns":13},{"damage":12,"enemies":"Blue Slaver","floor":8,"turns":3},{"damage":0,"enemies":"Gremlin Gang","floor":10,"turns":1},{"damage":7,"enemies":"Exordium Thugs","floor":13,"turns":6},{"damage":58,"enemies":"Hexaghost","floor":16,"turns":10},{"damage":26,"enemies":"2 Thieves","floor":18,"turns":4},{"damage":14,"enemies":"Shell Parasite","floor":20,"turns":7},{"damage":33,"enemies":"Centurion and Healer","floor":21,"turns":5},{"damage":25,"enemies":"Colosseum Slavers","floor":22,"turns":3}],"seed_played":"-5863663095875639279","potions_obtained":[{"floor":1,"key":"Poison Potion"},{"floor":3,"key":"Regen Potion"},{"floor":4,"key":"Weak Potion"},{"floor":13,"key":"SteroidPotion"},{"floor":18,"key":"Energy Potion"},{"floor":20,"key":"EssenceOfSteel"}],"is_trial":true,"path_per_floor":["M","M","M","M","M","E","R","M","T","M","?","?","M","?","R","B",null,"M","$","M","M","?"],"character_chosen":"IRONCLAD","items_purchased":["War Paint"],"campfire_rested":1,"item_purchase_floors":[19],"current_hp_per_floor":[80,76,80,72,77,51,51,54,54,60,44,44,43,43,67,15,80,60,60,52,25,0],"gold":247,"neow_bonus":"","is_prod":false,"is_daily":false,"chose_seed":false,"campfire_upgraded":1,"win_rate":0,"timestamp":1550636098,"path_taken":["M","M","M","M","M","E","R","M","T","M","?","?","M","?","R","BOSS","M","$","M","?","?"],"build_version":"2019-01-23","purchased_purges":1,"victory":false,"max_hp_per_floor":[80,80,80,80,80,80,80,80,80,80,80,80,80,80,80,80,80,80,80,80,80,80],"card_choices":[{"not_picked":["Combust","Whirlwind"],"picked":"Havoc","floor":1},{"not_picked":["Blood for Blood","Iron Wave"],"picked":"Armaments","floor":2},{"not_picked":["Headbutt","Cleave"],"picked":"Flex","floor":3},{"not_picked":["Blood for Blood","Clash"],"picked":"Twin Strike","floor":4},{"not_picked":["Havoc","Clash"],"picked":"Shrug It Off","floor":5},{"not_picked":["Shockwave","Thunderclap"],"picked":"Immolate","floor":6},{"not_picked":["Body Slam","Spot Weakness"],"picked":"Battle Trance","floor":8},{"not_picked":["Headbutt","Body Slam"],"picked":"Wild Strike","floor":10},{"not_picked":["Cleave","Heavy Blade"],"picked":"True Grit","floor":13},{"not_picked":["Dark Embrace","Barricade"],"picked":"Exhume","floor":16},{"not_picked":["Searing Blow","Dropkick"],"picked":"Evolve","floor":18},{"not_picked":["Fire Breathing","Havoc"],"picked":"Twin Strike","floor":20},{"not_picked":["Pummel","Anger"],"picked":"Flex","floor":21}],"player_experience":1536551,"relics_obtained":[{"floor":6,"key":"Unceasing Top"},{"floor":9,"key":"Bag of Preparation"}],"event_choices":[{"damage_healed":0,"gold_gain":0,"player_choice":"Entered Light","damage_taken":16,"max_hp_gain":0,"max_hp_loss":0,"event_name":"Shining Light","floor":11,"gold_loss":0,"cards_upgraded":["Defend_R","Strike_R"]},{"damage_healed":0,"gold_gain":0,"player_choice":"Take Wound","damage_taken":0,"relics_obtained":["Golden Idol"],"max_hp_gain":0,"max_hp_loss":0,"event_name":"Golden Idol","floor":12,"gold_loss":0,"cards_obtained":["Injury"]},{"damage_healed":0,"gold_gain":0,"player_choice":"Rummage","damage_taken":0,"relics_obtained":["WarpedTongs"],"max_hp_gain":0,"max_hp_loss":0,"event_name":"Accursed Blacksmith","floor":14,"gold_loss":0,"cards_obtained":["Pain"]},{"damage_healed":0,"gold_gain":0,"player_choice":"Fight","damage_taken":0,"max_hp_gain":0,"max_hp_loss":0,"event_name":"Colosseum","floor":22,"gold_loss":0}],"is_beta":false,"boss_relics":[{"not_picked":["Snecko Eye","Fusion Hammer"],"picked":"Black Star"}],"items_purged_floors":[19],"is_endless":true,"potions_floor_spawned":[1,3,4,13,18,20],"killed_by":"Colosseum Slavers","ascension_level":0}