{"gold_per_floor":[115,21,36,36,130,142,188,200,212,224,563,197,215,5,5,104,104,119,90,90,109,121,121,151,161,161,161,173,173,189,200,200,296,296,315,125,142,142,160,160,189,95,95,108,108,143,143,157,157,157],"floor_reached":50,"playtime":23350,"items_purged":[],"score":688,"play_id":"ff38a169-a800-4321-84c5-561381861612","local_time":"20180829172142","is_ascension_mode":true,"campfire_choices":[{"floor":6,"key":"REST"},{"floor":8,"key":"REST"},{"data":"Consume","floor":15,"key":"SMITH"},{"floor":23,"key":"REST"},{"floor":29,"key":"REST"},{"floor":32,"key":"REST"},{"floor":40,"key":"REST"},{"floor":45,"key":"REST"},{"data":"Bandage Up","floor":47,"key":"SMITH"},{"floor":49,"key":"REST"}],"neow_cost":"NONE","seed_source_timestamp":1071773930583861,"circlet_count":0,"master_deck":["Strike_B","Strike_B","Strike_B","Defend_B","Defend_B","Defend_B","Defend_B","Zap","Dualcast","Consume+1","Go for the Eyes","Bandage Up+1","Coolheaded","BootSequence","Cold Snap","Metamorphosis+1","Static Discharge","Fusion+1","Coolheaded+1","Steam+1","Apotheosis+1","Echo Form","Redo+1","Stack+1","Fusion+1","Go for the Eyes","Conserve Battery+1","Sweeping Beam","Zap+1","Fission+1","Defragment","Capacitor","Coolheaded+1","Buffer","Melter+1","Self Repair","Leap+1","Coolheaded+1","Streamline+1","Blizzard","Conserve Battery+1","Glacier+1","Cold Snap+1","Melter+1"],"relics":["Cracked Core","MawBank","Mercury Hourglass","Ancient Tea Set","Toxic Egg 2","Old Coin","Lizard Tail","Nilry\u0027s Codex","Pantograph","Ornamental Fan","Inserter","DataDisk","Dodecahedron","Thread and Needle","Smiling Mask"],"potions_floor_usage":[7,18,21,30,33,39,39,41,41,48,50],"damage_taken":[{"damage":6,"enemies":"Cultist","floor":1,"turns":3},{"damage":13,"enemies":"Jaw Worm","floor":3,"turns":5},{"damage":9,"enemies":"3 Sentries","floor":7,"turns":6},{"damage":1,"enemies":"Lagavulin","floor":11,"turns":9},{"damage":0,"enemies":"Small Slimes","floor":13,"turns":3},{"damage":27,"enemies":"Hexaghost","floor":16,"turns":10},{"damage":10,"enemies":"3 Byrds","floor":18,"turns":3},{"damage":36,"enemies":"2 Thieves","floor":19,"turns":5},{"damage":15,"enemies":"Cultist and Chosen","floor":21,"turns":6},{"damage":18,"enemies":"Shelled Parasite and Fungi","floor":22,"turns":10},{"damage":47,"enemies":"Slavers","floor":24,"turns":6},{"damage":14,"enemies":"3 Cultists","floor":25,"turns":4},{"damage":34,"enemies":"Snecko","floor":28,"turns":6},{"damage":10,"enemies":"Centurion and Healer","floor":30,"turns":7},{"damage":11,"enemies":"Snake Plant","floor":31,"turns":5},{"damage":63,"enemies":"Collector","floor":33,"turns":11},{"damage":28,"enemies":"Flame Bruiser 1 Orb","floor":35,"turns":6},{"damage":33,"enemies":"3 Shapes","floor":37,"turns":4},{"damage":28,"enemies":"Spire Growth","floor":39,"turns":8},{"damage":22,"enemies":"Nemesis","floor":41,"turns":7},{"damage":7,"enemies":"4 Shapes","floor":44,"turns":5},{"damage":0,"enemies":"Giant Head","floor":46,"turns":12},{"damage":27,"enemies":"3 Darklings","floor":48,"turns":4},{"damage":98,"enemies":"Awakened One","floor":50,"turns":10}],"seed_played":"-7657644773356834960","potions_obtained":[{"floor":1,"key":"SteroidPotion"},{"floor":3,"key":"Poison Potion"},{"floor":7,"key":"Explosive Potion"},{"floor":19,"key":"Dexterity Potion"},{"floor":25,"key":"Fire Potion"},{"floor":28,"key":"SteroidPotion"},{"floor":30,"key":"Explosive Potion"},{"floor":33,"key":"Swift Potion"},{"floor":39,"key":"Weak Potion"},{"floor":46,"key":"Regen Potion"},{"floor":48,"key":"LiquidBronze"}],"is_trial":false,"path_per_floor":["M","$","M","?","T","R","E","R","T","?","E","$","M","$","R","B",null,"M","M","?","M","M","R","E","M","T","?","M","R","M","M","R","B",null,"M","$","M","?","M","R","E","$","T","M","R","E","R","M","R"],"character_chosen":"DEFECT","items_purchased":["Bandage Up","Metamorphosis+1","Static Discharge","Fusion+1","Coolheaded+1","Apotheosis+1","Self Repair","DataDisk","Blizzard","Conserve Battery+1"],"campfire_rested":8,"item_purchase_floors":[2,12,12,12,12,14,36,36,42,42],"current_hp_per_floor":[69,69,60,27,27,49,44,66,66,71,74,74,74,74,74,53,80,78,50,34,27,22,46,52,44,44,44,14,38,40,41,65,23,80,58,58,32,32,26,50,48,48,48,66,80,80,80,65,80,0],"gold":157,"neow_bonus":"TRANSFORM_CARD","is_prod":false,"is_daily":false,"chose_seed":false,"campfire_upgraded":2,"win_rate":0,"timestamp":1535584902,"path_taken":["M","?","?","?","?","R","E","R","T","?","E","?","M","$","R","BOSS","M","M","?","M","M","R","E","M","T","?","?","R","M","M","R","BOSS","M","$","M","?","M","R","E","$","T","M","R","E","R","M","R","BOSS"],"build_version":"2018-08-23v2","purchased_purges":0,"victory":false,"max_hp_per_floor":[75,75,75,75,75,75,75,75,75,80,80,80,80,80,80,80,80,80,80,80,80,80,80,80,80,80,80,80,80,80,80,80,80,80,80,80,80,80,80,80,80,80,80,80,80,80,80,80,80,80],"card_choices":[{"not_picked":["Heatsinks","Undo"],"picked":"Go for the Eyes","floor":1},{"not_picked":["Stack","Redo"],"picked":"Coolheaded","floor":3},{"not_picked":["Rebound","Streamline"],"picked":"BootSequence","floor":7},{"not_picked":["Rip and Tear","Scrape"],"picked":"Cold Snap","floor":11},{"not_picked":["Gash","Buffer"],"picked":"Steam+1","floor":13},{"not_picked":["Creative AI","Amplify+1"],"picked":"Echo Form","floor":16},{"not_picked":["Coolheaded+1","Hologram+1"],"picked":"Redo+1","floor":18},{"not_picked":["Blizzard","Fission+1"],"picked":"Stack+1","floor":19},{"not_picked":["Turbo+1","Steam+1"],"picked":"Fusion+1","floor":21},{"not_picked":["Steam Power+1","Gash"],"picked":"Go for the Eyes","floor":22},{"not_picked":["Reprogram+1","Aggregate+1"],"picked":"Conserve Battery+1","floor":24},{"not_picked":["Hologram+1","Beam Cell"],"picked":"Sweeping Beam","floor":25},{"not_picked":["Aggregate+1","Echo Form"],"picked":"Defragment","floor":28},{"not_picked":["Double Energy+1","Turbo+1"],"picked":"Capacitor","floor":30},{"not_picked":["Auto Shields+1","Reprogram+1"],"picked":"Coolheaded+1","floor":31},{"not_picked":["Core Surge","Biased Cognition"],"picked":"Buffer","floor":33},{"not_picked":["Double Energy+1","Sunder"],"picked":"Melter+1","floor":35},{"not_picked":["Barrage+1","Heatsinks+1"],"picked":"Leap+1","floor":37},{"not_picked":["Sweeping Beam+1","Auto Shields+1"],"picked":"Coolheaded+1","floor":39},{"not_picked":["Amplify+1","Aggregate+1"],"picked":"Streamline+1","floor":41},{"not_picked":["Rebound","Undo+1"],"picked":"Glacier+1","floor":44},{"not_picked":["Melter+1","Hologram+1"],"picked":"Cold Snap+1","floor":46},{"not_picked":["Genetic Algorithm+1","Streamline"],"picked":"Melter+1","floor":48}],"player_experience":388859,"relics_obtained":[{"floor":5,"key":"Mercury Hourglass"},{"floor":7,"key":"Ancient Tea Set"},{"floor":9,"key":"Toxic Egg 2"},{"floor":11,"key":"Old Coin"},{"floor":20,"key":"Nilry\u0027s Codex"},{"floor":24,"key":"Pantograph"},{"floor":26,"key":"Ornamental Fan"},{"floor":41,"key":"Dodecahedron"},{"floor":43,"key":"Thread and Needle"},{"floor":46,"key":"Smiling Mask"}],"event_choices":[{"event_name":"Scrap Ooze","player_choice":"success","floor":4,"damage_taken":33},{"event_name":"Big Fish","player_choice":"Donut","floor":10,"damage_taken":0},{"event_name":"Cursed Tome","player_choice":"Obtained Book","floor":20,"damage_taken":0},{"event_name":"Match and Keep!","player_choice":"2 cards matched","floor":27,"damage_taken":0},{"event_name":"Mysterious Sphere","player_choice":"Ignore","floor":38,"damage_taken":0}],"is_beta":false,"boss_relics":[{"not_picked":["Coffee Dripper","FrozenCore"],"picked":"Lizard Tail"},{"not_picked":["Calling Bell","Empty Cage"],"picked":"Inserter"}],"items_purged_floors":[],"is_endless":false,"potions_floor_spawned":[1,3,7,19,25,28,30,33,39,46,48],"killed_by":"Awakened One","ascension_level":2}