{"gold_per_floor":[119,137,149,163,183,513,513,483,483,497,523,533,547,547,547,647,647,630,643,662,540,540],"floor_reached":22,"playtime":1458,"items_purged":["Strike_B"],"score":313,"play_id":"0e104755-1e41-48da-8a73-661e3f8413be","local_time":"20190403145711","is_ascension_mode":true,"campfire_choices":[{"floor":15,"key":"REST"}],"neow_cost":"PERCENT_DAMAGE","seed_source_timestamp":1610284347836778,"circlet_count":0,"master_deck":["AscendersBane","Strike_B","Strike_B","Strike_B","Defend_B","Defend_B","Defend_B","Defend_B","Zap","Dualcast","Sweeping Beam","FTL","Glacier","Sweeping Beam","Undo","Defragment","Glacier","Go for the Eyes","Rainbow","Leap","Cold Snap","Reboot","Genetic Algorithm","Stack","Go for the Eyes+1"],"relics":["Cracked Core","Peace Pipe","Old Coin","Blood Vial","Bottled Flame","Smiling Mask","Eternal Feather"],"potions_floor_usage":[11,16,20,22],"damage_taken":[{"damage":0,"enemies":"Cultist","floor":1,"turns":3},{"damage":7,"enemies":"2 Louse","floor":2,"turns":2},{"damage":2,"enemies":"Jaw Worm","floor":3,"turns":3},{"damage":0,"enemies":"2 Fungi Beasts","floor":4,"turns":3},{"damage":11,"enemies":"Lots of Slimes","floor":5,"turns":2},{"damage":6,"enemies":"Lagavulin","floor":6,"turns":10},{"damage":0,"enemies":"Looter","floor":8,"turns":4},{"damage":3,"enemies":"3 Louse","floor":10,"turns":4},{"damage":10,"enemies":"Gremlin Nob","floor":11,"turns":5},{"damage":15,"enemies":"Large Slime","floor":12,"turns":6},{"damage":0,"enemies":"Red Slaver","floor":13,"turns":4},{"damage":19,"enemies":"The Guardian","floor":16,"turns":15},{"damage":22,"enemies":"2 Thieves","floor":18,"turns":4},{"damage":0,"enemies":"Shell Parasite","floor":19,"turns":15},{"damage":39,"enemies":"Snake Plant","floor":20,"turns":14},{"damage":33,"enemies":"Cultist and Chosen","floor":22,"turns":4}],"seed_played":"-3385856478214168201","potions_obtained":[{"floor":1,"key":"FocusPotion"},{"floor":4,"key":"Strength Potion"},{"floor":12,"key":"SteroidPotion"},{"floor":16,"key":"Strength Potion"},{"floor":19,"key":"Regen Potion"}],"is_trial":false,"path_per_floor":["T","M","?"],"character_chosen":"DEFECT","items_purchased":["Regen Potion"],"campfire_rested":1,"item_purchase_floors":[21],"current_hp_per_floor":[50,43,41,41,30,24,24,26,26,25,17,4,6,6,28,11,59,39,41,19,19,0],"gold":540,"neow_bonus":"ONE_RARE_RELIC","is_prod":false,"is_daily":false,"chose_seed":false,"campfire_upgraded":0,"win_rate":0,"timestamp":1554317831,"path_taken":["M","M","M","M","M","E","?","M","T","?","E","M","M","?","R","BOSS","M","M","M","$","M"],"build_version":"2019-01-23","purchased_purges":1,"victory":false,"max_hp_per_floor":[75,75,75,75,75,75,75,75,75,75,75,75,75,75,75,75,75,75,75,75,75,75],"card_choices":[{"not_picked":["Force Field","Storm"],"picked":"Sweeping Beam","floor":1},{"not_picked":["Barrage","Gash"],"picked":"FTL","floor":2},{"not_picked":["Beam Cell","Double Energy"],"picked":"Glacier","floor":3},{"not_picked":["Redo","Conserve Battery"],"picked":"Sweeping Beam","floor":4},{"not_picked":["Conserve Battery","Machine Learning"],"picked":"Undo","floor":5},{"not_picked":["Leap","Tempest"],"picked":"Defragment","floor":6},{"not_picked":["Double Energy","Consume"],"picked":"Glacier","floor":8},{"not_picked":["Gash","Turbo"],"picked":"Go for the Eyes","floor":10},{"not_picked":["Steam","Compile Driver"],"picked":"Rainbow","floor":11},{"not_picked":["Turbo","Barrage"],"picked":"Leap","floor":12},{"not_picked":["Steam","Redo"],"picked":"Cold Snap","floor":13},{"not_picked":["Amplify","Meteor Strike"],"picked":"Reboot","floor":16},{"not_picked":["Aggregate","Rip and Tear"],"picked":"Genetic Algorithm","floor":18},{"not_picked":["Barrage+1","Gash"],"picked":"Stack","floor":19},{"not_picked":["Gash","Hologram"],"picked":"Go for the Eyes+1","floor":20}],"player_experience":1426498,"relics_obtained":[{"floor":6,"key":"Old Coin"},{"floor":7,"key":"Blood Vial"},{"floor":9,"key":"Bottled Flame"},{"floor":11,"key":"Smiling Mask"}],"event_choices":[{"damage_healed":0,"gold_gain":0,"player_choice":"Bought 0 Potions","damage_taken":0,"max_hp_gain":0,"max_hp_loss":0,"event_name":"The Woman in Blue","floor":14,"gold_loss":0}],"is_beta":false,"boss_relics":[{"not_picked":["Philosopher\u0027s Stone","White Beast Statue"],"picked":"Eternal Feather"}],"items_purged_floors":[21],"is_endless":false,"potions_floor_spawned":[1,4,6,12,16,19],"killed_by":"Cultist and Chosen","ascension_level":11}