{"gold_per_floor":[114,33,50,60,73,73,105,105,105,105,123,123,143,143],"floor_reached":14,"playtime":975,"items_purged":[],"score":92,"play_id":"0ef04c71-7917-47df-8495-fa3e22730f37","local_time":"20181024183324","is_ascension_mode":false,"campfire_choices":[{"data":"Static Discharge","floor":6,"key":"SMITH"},{"data":"Storm","floor":8,"key":"SMITH"}],"neow_cost":"NONE","seed_source_timestamp":1212317426138256,"circlet_count":0,"master_deck":["Strike_B","Strike_B","Strike_B","Defend_B","Defend_B","Defend_B","Defend_B","Zap","Dualcast","Coolheaded","Conserve Battery","Static Discharge+1","Stack","Darkness","Storm+1","Creative AI+1","Injury","Steam","Regret","Capacitor+1"],"relics":["Cracked Core","Frozen Egg 2","Gremlin Horn","Golden Idol","Dream Catcher"],"potions_floor_usage":[],"damage_taken":[{"damage":0,"enemies":"Cultist","floor":1,"turns":3},{"damage":2,"enemies":"Jaw Worm","floor":3,"turns":7},{"damage":0,"enemies":"2 Louse","floor":4,"turns":3},{"damage":1,"enemies":"2 Fungi Beasts","floor":5,"turns":3},{"damage":27,"enemies":"3 Sentries","floor":7,"turns":5},{"damage":3,"enemies":"Looter","floor":11,"turns":4},{"damage":21,"enemies":"Exordium Thugs","floor":13,"turns":3},{"damage":24,"enemies":"Exordium Wildlife","floor":14,"turns":3}],"seed_played":"6909392408584051833","potions_obtained":[{"floor":1,"key":"AttackPotion"},{"floor":3,"key":"Explosive Potion"},{"floor":5,"key":"SpeedPotion"}],"is_trial":false,"path_per_floor":["M","$","M","M","M","R","E","R","T","?","M","?","M"],"character_chosen":"DEFECT","items_purchased":["Static Discharge"],"campfire_rested":0,"item_purchase_floors":[2],"current_hp_per_floor":[75,75,73,73,72,72,45,45,45,45,42,42,21,0],"gold":143,"neow_bonus":"TRANSFORM_CARD","is_prod":false,"is_daily":false,"chose_seed":false,"campfire_upgraded":2,"win_rate":0,"timestamp":1540427604,"path_taken":["M","$","?","M","M","R","E","R","T","?","M","?","M","M"],"build_version":"2018-10-18","purchased_purges":0,"victory":false,"max_hp_per_floor":[75,75,75,75,75,75,75,75,75,75,75,75,75,75],"card_choices":[{"not_picked":["Tempest","Sweeping Beam"],"picked":"Conserve Battery","floor":1},{"not_picked":["Coolheaded","Gash"],"picked":"Stack","floor":3},{"not_picked":["Biased Cognition","Force Field"],"picked":"Darkness","floor":4},{"not_picked":["Leap","Reprogram"],"picked":"Storm","floor":5},{"not_picked":["Barrage","Genetic Algorithm"],"picked":"Creative AI","floor":7},{"not_picked":["Turbo","Cold Snap"],"picked":"Steam","floor":11},{"not_picked":["Beam Cell","Coolheaded"],"picked":"Capacitor+1","floor":13}],"player_experience":802441,"relics_obtained":[{"floor":7,"key":"Frozen Egg 2"},{"floor":9,"key":"Gremlin Horn"}],"event_choices":[{"damage_healed":0,"gold_gain":0,"player_choice":"Take Wound","damage_taken":0,"relics_obtained":["Golden Idol"],"max_hp_gain":0,"max_hp_loss":0,"event_name":"Golden Idol","floor":10,"gold_loss":0,"cards_obtained":["Injury"]},{"damage_healed":0,"gold_gain":0,"player_choice":"Box","damage_taken":0,"relics_obtained":["Dream Catcher"],"max_hp_gain":0,"max_hp_loss":0,"event_name":"Big Fish","floor":12,"gold_loss":0,"cards_obtained":["Regret"]}],"is_beta":false,"boss_relics":[],"items_purged_floors":[],"is_endless":false,"potions_floor_spawned":[1,3,5],"killed_by":"Exordium Wildlife","ascension_level":0}