{"gold_per_floor":[115,63,80,80,56,85,105,124,192,207,207,221,248,323,323,323],"floor_reached":16,"playtime":600,"items_purged":[],"score":164,"play_id":"c37686b2-0d62-467e-ae27-18b7ca5a38de","local_time":"20190116101913","is_ascension_mode":true,"campfire_choices":[{"data":"Armaments","floor":11,"key":"SMITH"},{"data":"Flame Barrier","floor":15,"key":"SMITH"}],"neow_cost":"NONE","seed_source_timestamp":305128768367559,"circlet_count":0,"master_deck":["Strike_R","Strike_R","Strike_R","Strike_R","Strike_R","Defend_R","Defend_R","Defend_R","Defend_R","Bash","Battle Trance","Armaments+1","Flame Barrier+1","Shrug It Off","Cleave","Evolve"],"relics":["Burning Blood","NeowsBlessing","Thread and Needle","Blood Vial","Singing Bowl","Bottled Tornado"],"potions_floor_usage":[13,16],"damage_taken":[{"damage":0,"enemies":"Jaw Worm","floor":1,"turns":1},{"damage":0,"enemies":"2 Louse","floor":3,"turns":1},{"damage":0,"enemies":"3 Sentries","floor":6,"turns":2},{"damage":0,"enemies":"Small Slimes","floor":7,"turns":3},{"damage":0,"enemies":"2 Fungi Beasts","floor":8,"turns":5},{"damage":3,"enemies":"Looter","floor":10,"turns":5},{"damage":0,"enemies":"Red Slaver","floor":12,"turns":5},{"damage":25,"enemies":"Gremlin Nob","floor":13,"turns":4},{"damage":55,"enemies":"Slime Boss","floor":16,"turns":12}],"seed_played":"-3798219687758230550","potions_obtained":[{"floor":1,"key":"Fire Potion"},{"floor":8,"key":"Ancient Potion"},{"floor":10,"key":"Poison Potion"},{"floor":12,"key":"SkillPotion"}],"is_trial":false,"path_per_floor":["M","$","M","?","$","E","M","M","T","M","R","M","E","?","R","B"],"character_chosen":"IRONCLAD","items_purchased":["Armaments","Shrug It Off"],"campfire_rested":0,"item_purchase_floors":[2,5],"current_hp_per_floor":[80,80,80,73,73,79,80,80,80,80,80,80,63,52,52,0],"gold":323,"neow_bonus":"THREE_ENEMY_KILL","is_prod":false,"is_daily":false,"chose_seed":false,"campfire_upgraded":2,"win_rate":0,"timestamp":1547662753,"path_taken":["M","$","M","?","$","E","M","M","T","M","R","M","E","?","R","BOSS"],"build_version":"2019-01-10","purchased_purges":0,"victory":false,"max_hp_per_floor":[80,80,80,80,80,80,80,80,80,80,80,80,82,82,82,82],"card_choices":[{"not_picked":["Headbutt","Pommel Strike"],"picked":"Battle Trance","floor":1},{"not_picked":["Burning Pact","Uppercut"],"picked":"Flame Barrier","floor":3},{"not_picked":["Seeing Red","Flame Barrier","Clash"],"picked":"SKIP","floor":6},{"not_picked":["Iron Wave","Perfected Strike","Armaments"],"picked":"SKIP","floor":7},{"not_picked":["Iron Wave","Twin Strike","Burning Pact"],"picked":"SKIP","floor":8},{"not_picked":["Warcry","Seeing Red"],"picked":"Cleave","floor":10},{"not_picked":["Iron Wave","Havoc"],"picked":"Evolve","floor":12},{"not_picked":["Pommel Strike","Ghostly Armor","Sever Soul"],"picked":"SKIP","floor":13},{"not_picked":["Pommel Strike","Ghostly Armor","Sever Soul"],"picked":"Singing Bowl","floor":13}],"player_experience":234064,"relics_obtained":[{"floor":6,"key":"Blood Vial"},{"floor":9,"key":"Singing Bowl"},{"floor":13,"key":"Bottled Tornado"}],"event_choices":[{"damage_healed":0,"gold_gain":0,"player_choice":"Success","damage_taken":7,"relics_obtained":["Thread and Needle"],"max_hp_gain":0,"max_hp_loss":0,"event_name":"Scrap Ooze","floor":4,"gold_loss":0},{"damage_healed":0,"gold_gain":75,"player_choice":"Gather Gold","damage_taken":11,"max_hp_gain":0,"max_hp_loss":0,"event_name":"World of Goop","floor":14,"gold_loss":0}],"is_beta":false,"boss_relics":[],"items_purged_floors":[],"is_endless":false,"potions_floor_spawned":[1,8,10,12],"killed_by":"Slime Boss","ascension_level":4}