{"gold_per_floor":[111,131,56,56,75,75,111,111,137,37,37,37,1,26,26,150,150,168,193,193,193,218,218,218],"floor_reached":24,"playtime":1285,"items_purged":["Normality","Strike_B"],"score":202,"play_id":"31cd9f2b-bb9d-404c-996d-5b44ebbba2cb","local_time":"20190110112834","is_ascension_mode":true,"campfire_choices":[{"data":"Chill","floor":6,"key":"SMITH"},{"data":"Steam","floor":8,"key":"SMITH"},{"data":"Zap","floor":11,"key":"SMITH"},{"floor":15,"key":"REST"},{"data":"Redo","floor":23,"key":"SMITH"}],"neow_cost":"CURSE","seed_source_timestamp":759154371435440,"circlet_count":0,"master_deck":["Zap+1","Dualcast+1","All For One","BootSequence","Steam+1","Chill+1","Turbo","FTL","Self Repair","Electrodynamics","Static Discharge","Gash","Biased Cognition","Recycle","Rainbow+1","Sunder","Redo+1","Self Repair+1"],"relics":["Cracked Core","Golden Idol","Odd Mushroom","Art of War","Pandora\u0027s Box","War Paint"],"potions_floor_usage":[20,24],"damage_taken":[{"damage":4,"enemies":"Small Slimes","floor":1,"turns":3},{"damage":0,"enemies":"Jaw Worm","floor":2,"turns":3},{"damage":1,"enemies":"Cultist","floor":5,"turns":4},{"damage":15,"enemies":"The Mushroom Lair","floor":7,"turns":8},{"damage":0,"enemies":"3 Louse","floor":14,"turns":4},{"damage":54,"enemies":"The Guardian","floor":16,"turns":12},{"damage":12,"enemies":"2 Thieves","floor":18,"turns":4},{"damage":5,"enemies":"3 Byrds","floor":19,"turns":3},{"damage":13,"enemies":"Colosseum Slavers","floor":20,"turns":3},{"damage":22,"enemies":"Shelled Parasite and Fungi","floor":22,"turns":6},{"damage":26,"enemies":"Book of Stabbing","floor":24,"turns":4}],"seed_played":"6840870075349724213","potions_obtained":[{"floor":1,"key":"Strength Potion"},{"floor":2,"key":"Explosive Potion"},{"floor":16,"key":"Dexterity Potion"},{"floor":22,"key":"Fruit Juice"}],"is_trial":false,"path_per_floor":["M","M","$","?","M","R","?","R","T","$","R","?","$","M","R","B",null,"M","M","?","?","M","R","E"],"character_chosen":"DEFECT","items_purchased":["FTL"],"campfire_rested":1,"item_purchase_floors":[13],"current_hp_per_floor":[71,71,71,53,52,52,37,37,37,37,37,37,37,37,59,12,75,63,65,52,52,37,37,16],"gold":218,"neow_bonus":"THREE_RARE_CARDS","is_prod":false,"is_daily":false,"chose_seed":false,"campfire_upgraded":4,"win_rate":0,"timestamp":1547148514,"path_taken":["M","M","$","?","M","R","?","R","T","$","R","?","?","?","R","BOSS","M","M","?","?","?","R","E"],"build_version":"2019-01-03v4","purchased_purges":2,"victory":false,"max_hp_per_floor":[75,75,75,75,75,75,75,75,75,75,75,75,75,75,75,75,75,75,75,75,75,75,75,80],"card_choices":[{"not_picked":["Echo Form","Hyperbeam"],"picked":"All For One","floor":0},{"not_picked":["Streamline","Heatsinks"],"picked":"BootSequence","floor":1},{"not_picked":["Steam Power","Streamline"],"picked":"Steam","floor":2},{"not_picked":["Hologram","Conserve Battery"],"picked":"Chill","floor":5},{"not_picked":["Steam","Barrage"],"picked":"Turbo","floor":7},{"not_picked":["Conserve Battery","Rebound"],"picked":"Self Repair","floor":14},{"not_picked":["Amplify","Core Surge"],"picked":"Electrodynamics","floor":16},{"not_picked":["Melter","Turbo","Reinforced Body"],"picked":"SKIP","floor":18},{"not_picked":["Melter","Gash+1"],"picked":"Redo","floor":19},{"not_picked":["Steam Power","Recycle"],"picked":"Self Repair+1","floor":22}],"player_experience":193755,"relics_obtained":[{"floor":7,"key":"Odd Mushroom"},{"floor":9,"key":"Art of War"}],"event_choices":[{"damage_healed":0,"gold_gain":0,"player_choice":"Take Damage","damage_taken":18,"relics_obtained":["Golden Idol"],"max_hp_gain":0,"max_hp_loss":0,"event_name":"Golden Idol","floor":4,"gold_loss":0},{"damage_healed":0,"gold_gain":0,"player_choice":"Fought Mushrooms","damage_taken":0,"max_hp_gain":0,"max_hp_loss":0,"event_name":"Mushrooms","floor":7,"gold_loss":0},{"cards_removed":["Defend_B"],"damage_healed":0,"gold_gain":0,"player_choice":"Forget","damage_taken":0,"max_hp_gain":0,"max_hp_loss":0,"event_name":"Living Wall","floor":12,"gold_loss":0},{"damage_healed":0,"gold_gain":0,"player_choice":"Fight","damage_taken":0,"max_hp_gain":0,"max_hp_loss":0,"event_name":"Colosseum","floor":20,"gold_loss":0},{"damage_healed":0,"gold_gain":0,"player_choice":"Fled From Nobs","damage_taken":0,"max_hp_gain":0,"max_hp_loss":0,"event_name":"Colosseum","floor":20,"gold_loss":0},{"damage_healed":0,"gold_gain":0,"player_choice":"Gave Potion","damage_taken":0,"relics_obtained":["War Paint"],"max_hp_gain":0,"max_hp_loss":0,"event_name":"WeMeetAgain","floor":21,"gold_loss":0}],"is_beta":false,"boss_relics":[{"not_picked":["Astrolabe","White Beast Statue"],"picked":"Pandora\u0027s Box"}],"items_purged_floors":[3,10],"is_endless":false,"potions_floor_spawned":[1,2,16,22],"killed_by":"Book of Stabbing","ascension_level":2}