{"gold_per_floor":[363,538,357,370,370,403,418,431,431,431,441,457,488,507,507,610,610,622,635,648,648,664,664,674,480,480,96,96,125,175,194,194,194],"floor_reached":33,"playtime":1652,"items_purged":["Doubt"],"score":331,"play_id":"91cb085c-f5ac-4599-8236-7cbc4a4c9c57","local_time":"20180810170131","is_ascension_mode":false,"campfire_choices":[{"floor":15.0,"key":"REST"},{"floor":23.0,"key":"REST"},{"floor":28.0,"key":"REST"},{"floor":32.0,"key":"REST"}],"neow_cost":"TEN_PERCENT_HP_LOSS","seed_source_timestamp":0,"circlet_count":0,"master_deck":["Strike_B","Strike_B","Strike_B","Strike_B","Defend_B","Defend_B","Defend_B","Defend_B","Zap","Dualcast","Gash","FTL","Go for the Eyes","Conserve Battery","Regret","Seek+1","Scrape","Steam+1","Leap+1","Steam+1","Stack+1","FTL+1","Hyperbeam+1","Go for the Eyes+1","Chill+1","BootSequence+1","Go for the Eyes+1","Steam+1","Sweeping Beam+1","Hologram+1","Go for the Eyes+1","Go for the Eyes+1","Hologram+1","Reboot+1","Secret Technique+1","Melter+1","Stack+1"],"special_seed":0,"relics":["Cracked Core","Toxic Egg 2","Bottled Flame","Molten Egg 2","Blue Candle","Orrery","SsserpentHead","Membership Card","Smiling Mask","Omamori","Mercury Hourglass","Enchiridion"],"potions_floor_usage":[33,33],"damage_taken":[{"damage":0.0,"enemies":"Small Slimes","floor":1.0,"turns":2.0},{"damage":0.0,"enemies":"2 Louse","floor":4.0,"turns":1.0},{"damage":41.0,"enemies":"Lagavulin","floor":6.0,"turns":7.0},{"damage":6.0,"enemies":"Cultist","floor":7.0,"turns":3.0},{"damage":5.0,"enemies":"3 Louse","floor":8.0,"turns":3.0},{"damage":8.0,"enemies":"Looter","floor":11.0,"turns":3.0},{"damage":0.0,"enemies":"Exordium Wildlife","floor":12.0,"turns":3.0},{"damage":6.0,"enemies":"3 Sentries","floor":13.0,"turns":9.0},{"damage":1.0,"enemies":"Large Slime","floor":14.0,"turns":6.0},{"damage":9.0,"enemies":"The Guardian","floor":16.0,"turns":15.0},{"damage":9.0,"enemies":"2 Thieves","floor":18.0,"turns":4.0},{"damage":1.0,"enemies":"Chosen","floor":19.0,"turns":5.0},{"damage":11.0,"enemies":"Centurion and Healer","floor":20.0,"turns":7.0},{"damage":16.0,"enemies":"Snake Plant","floor":22.0,"turns":5.0},{"damage":10.0,"enemies":"Sentry and Sphere","floor":24.0,"turns":6.0},{"damage":4.0,"enemies":"Slavers","floor":29.0,"turns":6.0},{"damage":1.0,"enemies":"Chosen and Byrds","floor":31.0,"turns":4.0},{"damage":67,"enemies":"Champ","floor":33,"turns":12}],"seed_played":"2432906038690973544","potions_obtained":[{"floor":1.0,"key":"Swift Potion"},{"floor":4.0,"key":"SneckoOil"},{"floor":7.0,"key":"SpeedPotion"},{"floor":8.0,"key":"Dexterity Potion"},{"floor":16.0,"key":"SneckoOil"},{"floor":19.0,"key":"SpeedPotion"},{"floor":20.0,"key":"Dexterity Potion"},{"floor":29.0,"key":"AttackPotion"}],"is_trial":false,"path_per_floor":["M","?","$","M","?","E","M","M","T","?","M","M","E","M","R","B",null,"M","M","M","?","M","R","M","$","T","$","R","E","?","M","R"],"character_chosen":"DEFECT","items_purchased":["FTL","Go for the Eyes","Membership Card","Reboot+1","Omamori","Secret Technique+1"],"campfire_rested":4,"item_purchase_floors":[3,3,25,27,27,27],"current_hp_per_floor":[68,68,68,68,68,27,21,16,16,16,8,8,2,1,21,12,68,59,58,47,47,31,51,41,41,41,41,61,57,41,40,60,0],"gold":194,"neow_bonus":"TWO_FIFTY_GOLD","is_prod":false,"is_daily":false,"chose_seed":false,"campfire_upgraded":0,"win_rate":0,"timestamp":1533934891,"path_taken":["M","?","$","M","?","E","M","M","T","?","M","?","E","M","R","BOSS","M","M","M","?","M","R","M","$","T","$","R","E","?","M","R","BOSS"],"build_version":"2018-08-08","purchased_purges":1,"victory":false,"max_hp_per_floor":[68,68,68,68,68,68,68,68,68,68,68,68,68,68,68,68,68,68,68,68,68,68,68,68,68,68,68,68,68,68,68,68,68],"card_choices":[{"not_picked":["Fusion","Redo"],"picked":"Gash","floor":1.0},{"not_picked":["Compile Driver","Leap"],"picked":"Conserve Battery","floor":4.0},{"not_picked":["Turbo+1","Rebound"],"picked":"Seek+1","floor":6.0},{"not_picked":["Stack+1","FTL"],"picked":"Scrape","floor":7.0},{"not_picked":["Lockon","Reprogram+1"],"picked":"Steam+1","floor":8.0},{"not_picked":["Reprogram+1","Undo+1"],"picked":"Leap+1","floor":11.0},{"not_picked":["Chill+1","Self Repair"],"picked":"Steam+1","floor":12.0},{"not_picked":["Redo+1","Barrage+1"],"picked":"Stack+1","floor":13.0},{"not_picked":["Coolheaded+1","Barrage+1"],"picked":"FTL+1","floor":14.0},{"not_picked":["Reboot+1","Amplify+1"],"picked":"Hyperbeam+1","floor":16.0},{"not_picked":["Static Discharge","Capacitor"],"picked":"Go for the Eyes+1","floor":17.0},{"not_picked":["Reprogram+1","Hello World"],"picked":"Chill+1","floor":17.0},{"not_picked":["Recycle+1","Redo+1"],"picked":"BootSequence+1","floor":17.0},{"not_picked":["Chaos+1","Cold Snap+1"],"picked":"Go for the Eyes+1","floor":17.0},{"not_picked":["Rebound+1","Compile Driver+1"],"picked":"Steam+1","floor":17.0},{"not_picked":["Doom and Gloom+1","Creative AI"],"picked":"Sweeping Beam+1","floor":18.0},{"not_picked":["Tempest+1","Chaos+1"],"picked":"Hologram+1","floor":19.0},{"not_picked":["Static Discharge+1","Streamline+1"],"picked":"Go for the Eyes+1","floor":20.0},{"not_picked":["Redo+1","Tempest+1"],"picked":"Go for the Eyes+1","floor":22.0},{"not_picked":["Rebound+1","Conserve Battery+1"],"picked":"Hologram+1","floor":24.0},{"not_picked":["Fusion+1","Static Discharge+1"],"picked":"Melter+1","floor":29.0},{"not_picked":["Tempest+1","Force Field+1"],"picked":"Stack+1","floor":31.0}],"player_experience":163775,"relics_obtained":[{"floor":6.0,"key":"Bottled Flame"},{"floor":9.0,"key":"Molten Egg 2"},{"floor":13.0,"key":"Blue Candle"},{"floor":26.0,"key":"Smiling Mask"},{"floor":29.0,"key":"Mercury Hourglass"},{"floor":30.0,"key":"Enchiridion"}],"event_choices":[{"event_name":"Liars Game","player_choice":"agreed","floor":2.0,"damage_taken":0.0},{"event_name":"Big Fish","player_choice":"Box","floor":5.0,"damage_taken":0.0},{"event_name":"Golden Wing","player_choice":"Ignored","floor":10.0,"damage_taken":0.0},{"event_name":"FaceTrader","player_choice":"Trade","floor":21.0,"damage_taken":0.0},{"event_name":"Cursed Tome","player_choice":"Obtained Book","floor":30.0,"damage_taken":0.0}],"is_beta":true,"boss_relics":[{"not_picked":["Busted Crown","Lizard Tail"],"picked":"Orrery"}],"items_purged_floors":[3],"is_endless":false,"potions_floor_spawned":[1,4,7,8,16,19,20,29],"killed_by":"Champ","ascension_level":0}