{"gold_per_floor":[119,119,139,139,139,209,230,255,255,255,291,310,310,351,351,351],"floor_reached":16,"playtime":879,"items_purged":[],"score":120,"play_id":"3f55c142-37b5-4ac5-9c97-e2229800856b","local_time":"20190206162045","is_ascension_mode":false,"campfire_choices":[{"floor":10,"key":"REST"},{"data":"True Grit","floor":15,"key":"SMITH"}],"neow_cost":"NONE","seed_source_timestamp":754264650321755,"circlet_count":0,"master_deck":["Strike_R","Strike_R","Strike_R","Strike_R","Defend_R","Defend_R+1","Defend_R+1","Defend_R","Bash","Rampage","True Grit+1","RitualDagger+1","Shrug It Off"],"relics":["Burning Blood","Dream Catcher","Golden Idol","Singing Bowl","Tiny Chest","Dodecahedron","WingedGreaves","Gambling Chip","War Paint"],"potions_floor_usage":[11,16,16],"damage_taken":[{"damage":15,"enemies":"Jaw Worm","floor":1,"turns":6},{"damage":8,"enemies":"Small Slimes","floor":3,"turns":3},{"damage":31,"enemies":"3 Sentries","floor":6,"turns":11},{"damage":0,"enemies":"Cultist","floor":7,"turns":3},{"damage":11,"enemies":"Gremlin Gang","floor":8,"turns":5},{"damage":19,"enemies":"Gremlin Nob","floor":11,"turns":5},{"damage":0,"enemies":"Blue Slaver","floor":12,"turns":4},{"damage":13,"enemies":"3 Sentries","floor":14,"turns":8},{"damage":45,"enemies":"Hexaghost","floor":16,"turns":11}],"seed_played":"-8409667879282300744","potions_obtained":[{"floor":3,"key":"FearPotion"},{"floor":7,"key":"EssenceOfSteel"},{"floor":11,"key":"Weak Potion"}],"is_trial":false,"path_per_floor":["?","?","?","M","M","T"],"character_chosen":"IRONCLAD","items_purchased":[],"campfire_rested":1,"item_purchase_floors":[],"current_hp_per_floor":[71,51,49,42,42,19,25,22,22,49,38,46,46,41,41,0],"gold":351,"neow_bonus":"RANDOM_COMMON_RELIC","is_prod":false,"is_daily":false,"chose_seed":false,"campfire_upgraded":1,"win_rate":0,"timestamp":1549488045,"path_taken":["M","?","M","?","?","E","?","M","T","R","E","?","?","E","R","BOSS"],"build_version":"2019-01-23","purchased_purges":0,"victory":false,"max_hp_per_floor":[80,80,80,80,80,82,82,84,84,86,88,90,90,92,92,92],"card_choices":[{"not_picked":["Wild Strike","Power Through"],"picked":"Rampage","floor":1},{"not_picked":["Havoc","Armaments"],"picked":"True Grit","floor":3},{"not_picked":["Pommel Strike","Armaments","Rampage"],"picked":"Singing Bowl","floor":6},{"not_picked":["Infernal Blade","Sword Boomerang"],"picked":"Shrug It Off","floor":7},{"not_picked":["Clothesline","Uppercut","Perfected Strike"],"picked":"Singing Bowl","floor":8},{"not_picked":["Body Slam","Blood for Blood","Havoc"],"picked":"Singing Bowl","floor":10},{"not_picked":["Cleave","Clash","Carnage"],"picked":"Singing Bowl","floor":11},{"not_picked":["Hemokinesis","Flex","Feel No Pain"],"picked":"Singing Bowl","floor":12},{"not_picked":["Power Through","Infernal Blade","Sentinel"],"picked":"Singing Bowl","floor":14}],"player_experience":321818,"relics_obtained":[{"floor":6,"key":"Tiny Chest"},{"floor":9,"key":"Dodecahedron"},{"floor":11,"key":"WingedGreaves"},{"floor":13,"key":"Gambling Chip"},{"floor":14,"key":"War Paint"}],"event_choices":[{"damage_healed":0,"gold_gain":0,"player_choice":"Take Damage","damage_taken":20,"relics_obtained":["Golden Idol"],"max_hp_gain":0,"max_hp_loss":0,"event_name":"Golden Idol","floor":2,"gold_loss":0},{"damage_healed":0,"gold_gain":0,"player_choice":"Success","damage_taken":7,"relics_obtained":["Singing Bowl"],"max_hp_gain":0,"max_hp_loss":0,"event_name":"Scrap Ooze","floor":4,"gold_loss":0},{"cards_removed":["Strike_R"],"damage_healed":0,"gold_gain":0,"player_choice":"Took Card","damage_taken":0,"max_hp_gain":0,"max_hp_loss":0,"event_name":"NoteForYourself","floor":5,"gold_loss":0,"cards_obtained":["RitualDagger"]}],"is_beta":false,"boss_relics":[],"items_purged_floors":[],"is_endless":false,"potions_floor_spawned":[3,7,11],"killed_by":"Hexaghost","ascension_level":0}