{"gold_per_floor":[109,59,59,59,74,87,87,97,173,173,173,186,198,208,208,310,310,326,202,202,213,213,213,245,123,123,123,123,123,139,139,139,139],"floor_reached":33,"playtime":1064,"items_purged":[],"score":395,"play_id":"045d384b-d663-43f7-a84b-2b939bfa65b7","local_time":"20181106165616","is_ascension_mode":true,"campfire_choices":[{"data":"Armaments","floor":7,"key":"SMITH"},{"data":"Body Slam","floor":15,"key":"SMITH"},{"floor":23,"key":"REST"},{"floor":27,"key":"REST"},{"floor":29,"key":"REST"},{"data":"Barricade","floor":32,"key":"SMITH"}],"neow_cost":"PERCENT_DAMAGE","seed_source_timestamp":2333230740067592,"circlet_count":0,"master_deck":["Strike_R","Defend_R+1","Defend_R","Defend_R","Defend_R","Bash","Armaments+1","Reaper+1","Body Slam+1","Disarm","Anger+1","Pommel Strike+1","Pommel Strike+1","Barricade+1","Shrug It Off","Iron Wave+1","Anger+1","Shrug It Off","Inflame","Entrench","Pommel Strike+1","Armaments","True Grit","Dual Wield","Juggernaut","Metallicize","Mind Blast+1","Evolve"],"relics":["Burning Blood","Molten Egg 2","Orrery","Bag of Marbles","Meat on the Bone","Darkstone Periapt"],"potions_floor_usage":[12,16,24,33],"damage_taken":[{"damage":0,"enemies":"Small Slimes","floor":1,"turns":4},{"damage":0,"enemies":"2 Louse","floor":5,"turns":3},{"damage":5,"enemies":"Cultist","floor":6,"turns":4},{"damage":8,"enemies":"Blue Slaver","floor":8,"turns":4},{"damage":9,"enemies":"Large Slime","floor":12,"turns":11},{"damage":9,"enemies":"Looter","floor":13,"turns":4},{"damage":4,"enemies":"Exordium Wildlife","floor":14,"turns":3},{"damage":6,"enemies":"Hexaghost","floor":16,"turns":9},{"damage":10,"enemies":"3 Byrds","floor":18,"turns":7},{"damage":14,"enemies":"Shell Parasite","floor":21,"turns":6},{"damage":71,"enemies":"Book of Stabbing","floor":24,"turns":7},{"damage":42,"enemies":"Shelled Parasite and Fungi","floor":30,"turns":9},{"damage":66,"enemies":"Collector","floor":33,"turns":5}],"seed_played":"-3232281154709540696","potions_obtained":[{"floor":1,"key":"SteroidPotion"},{"floor":5,"key":"SkillPotion"},{"floor":8,"key":"Weak Potion"},{"floor":12,"key":"Fire Potion"},{"floor":30,"key":"Ancient Potion"}],"is_trial":false,"path_per_floor":["M","?","?","$","M","M","R","M","T","?","?","M","M","M","R","B",null,"M","$","?","M","?","R","E","$","T","R","?","R","M","T","R","B"],"character_chosen":"IRONCLAD","items_purchased":["Pommel Strike+1","Armaments","True Grit","Metallicize","Mind Blast+1"],"campfire_rested":3,"item_purchase_floors":[19,19,19,25,25],"current_hp_per_floor":[73,73,73,73,79,85,85,83,83,76,57,57,59,61,61,68,89,85,85,66,58,58,88,39,39,39,69,69,99,63,63,63,0],"gold":139,"neow_bonus":"TWENTY_PERCENT_HP_BONUS","is_prod":false,"is_daily":false,"chose_seed":false,"campfire_upgraded":3,"win_rate":0,"timestamp":1541548576,"path_taken":["M","?","?","$","M","?","R","M","T","?","?","M","M","M","R","BOSS","M","$","?","M","?","R","E","?","T","R","?","R","?","?","R","BOSS"],"build_version":"2018-11-01","purchased_purges":0,"victory":false,"max_hp_per_floor":[96,96,96,96,96,96,96,96,96,96,96,96,96,96,96,96,96,96,96,101,101,101,101,101,101,101,101,101,101,101,101,101,101],"card_choices":[{"not_picked":["Shrug It Off","Sword Boomerang"],"picked":"Armaments","floor":1},{"not_picked":["Carnage","Armaments"],"picked":"Reaper","floor":5},{"not_picked":["Flex","Iron Wave"],"picked":"Body Slam","floor":6},{"not_picked":["True Grit","Sword Boomerang"],"picked":"Disarm","floor":8},{"not_picked":["Flex","Rage"],"picked":"Anger+1","floor":12},{"not_picked":["Cleave+1","Clash+1"],"picked":"Pommel Strike+1","floor":13},{"not_picked":["Whirlwind+1","Hemokinesis+1"],"picked":"Pommel Strike+1","floor":14},{"not_picked":["Fiend Fire+1","Limit Break"],"picked":"Barricade","floor":16},{"not_picked":["Twin Strike+1","Anger+1"],"picked":"Shrug It Off","floor":17},{"not_picked":["Metallicize","Pommel Strike+1"],"picked":"Iron Wave+1","floor":17},{"not_picked":["Clash+1","Cleave+1"],"picked":"Anger+1","floor":17},{"not_picked":["Battle Trance","Hemokinesis+1"],"picked":"Shrug It Off","floor":17},{"not_picked":["Sword Boomerang+1","Infernal Blade"],"picked":"Inflame","floor":17},{"not_picked":["Battle Trance","Havoc"],"picked":"Entrench","floor":18},{"not_picked":["Headbutt+1","Pommel Strike+1"],"picked":"Dual Wield","floor":21},{"not_picked":["Sever Soul+1","Pummel+1"],"picked":"Juggernaut","floor":24},{"not_picked":["Clash+1","Headbutt+1","Thunderclap+1"],"picked":"SKIP","floor":30}],"player_experience":1018070,"relics_obtained":[{"floor":9,"key":"Molten Egg 2"},{"floor":24,"key":"Bag of Marbles"},{"floor":26,"key":"Meat on the Bone"},{"floor":31,"key":"Darkstone Periapt"}],"event_choices":[{"cards_removed":["Strike_R"],"damage_healed":0,"gold_gain":0,"player_choice":"Card Removal","damage_taken":0,"max_hp_gain":0,"max_hp_loss":0,"event_name":"The Cleric","floor":2,"gold_loss":50},{"cards_removed":["Strike_R"],"damage_healed":0,"gold_gain":0,"player_choice":"Purged","damage_taken":0,"max_hp_gain":0,"max_hp_loss":0,"event_name":"Purifier","floor":3,"gold_loss":0},{"cards_removed":["Strike_R"],"damage_healed":0,"gold_gain":0,"player_choice":"Card Removal","damage_taken":7,"max_hp_gain":0,"max_hp_loss":0,"event_name":"Golden Wing","floor":10,"gold_loss":0},{"damage_healed":0,"gold_gain":0,"player_choice":"Entered Light","damage_taken":19,"max_hp_gain":0,"max_hp_loss":0,"event_name":"Shining Light","floor":11,"gold_loss":0,"cards_upgraded":["Defend_R","Reaper"]},{"damage_healed":0,"gold_gain":0,"player_choice":"Shed Blood","damage_taken":24,"max_hp_gain":5,"max_hp_loss":0,"event_name":"Forgotten Altar","floor":20,"gold_loss":0},{"damage_healed":0,"gold_gain":0,"player_choice":"Ignored","damage_taken":0,"max_hp_gain":0,"max_hp_loss":0,"event_name":"Beggar","floor":22,"gold_loss":0},{"damage_healed":0,"gold_gain":0,"cards_transformed":["Strike_R"],"player_choice":"Transformed","damage_taken":0,"max_hp_gain":0,"max_hp_loss":0,"event_name":"Transmorgrifier","floor":28,"gold_loss":0,"cards_obtained":["Evolve"]}],"is_beta":false,"boss_relics":[{"not_picked":["Snecko Eye","Astrolabe"],"picked":"Orrery"}],"items_purged_floors":[],"is_endless":false,"potions_floor_spawned":[1,5,8,12,30],"killed_by":"Collector","ascension_level":9}