{"gold_per_floor":[14,14,27,27,42,86,102,102,127,147,147,147,187,68,68,192,192,206,229,245,78,103,103,138,138,162,225,225,225,269,292,292,418,418,437,456,456,481,534,570,594,594],"floor_reached":42,"playtime":2624,"items_purged":[],"score":546,"play_id":"fbdb580c-d6d1-45ed-8c68-c1b0b6bd0c6e","local_time":"20180731122236","is_ascension_mode":false,"campfire_choices":[{"floor":8,"key":"REST"},{"data":"Static Discharge","floor":11,"key":"SMITH"},{"data":"Redo","floor":15,"key":"SMITH"},{"data":"White Noise","floor":23,"key":"SMITH"},{"floor":25,"key":"REST"},{"floor":28,"key":"REST"},{"floor":32,"key":"REST"}],"neow_cost":"NO_GOLD","seed_source_timestamp":410168438919658,"circlet_count":0,"master_deck":["Strike_B","Strike_B","Defend_B","Defend_B","Defend_B","Zap","Electrodynamics","Coolheaded","Melter","Go for the Eyes","White Noise+1","Static Discharge+1","Force Field","Capacitor","Redo+1","Glacier","Loop","Reboot","Meteor Strike+1","Scrape+1","Electrodynamics+1","Conserve Battery","Ball Lightning","Capacitor","Leap","BootSequence","Go for the Eyes","Defragment","Go for the Eyes","RitualDagger","Reinforced Body+1","Cold Snap+1","Go for the Eyes","Ball Lightning+1","Melter+1","Conserve Battery+1"],"relics":["Cracked Core","Golden Idol","Happy Flower","Vajra","Oddly Smooth Stone","Astrolabe","Smiling Mask","Orichalcum","Tiny Chest","Blue Candle","Inserter","Anchor","Lantern","Pen Nib"],"potions_floor_usage":[6,6,13,16,24,24,31,31,33,40],"damage_taken":[{"damage":10,"enemies":"Jaw Worm","floor":1,"turns":4},{"damage":1,"enemies":"Cultist","floor":3,"turns":3},{"damage":3,"enemies":"Small Slimes","floor":5,"turns":3},{"damage":25,"enemies":"Gremlin Nob","floor":6,"turns":5},{"damage":2,"enemies":"Looter","floor":7,"turns":3},{"damage":8,"enemies":"Exordium Wildlife","floor":10,"turns":3},{"damage":8,"enemies":"3 Sentries","floor":13,"turns":3},{"damage":12,"enemies":"Hexaghost","floor":16,"turns":12},{"damage":12,"enemies":"Chosen","floor":18,"turns":4},{"damage":7,"enemies":"Spheric Guardian","floor":19,"turns":3},{"damage":1,"enemies":"Snecko","floor":20,"turns":4},{"damage":5,"enemies":"Snake Plant","floor":22,"turns":5},{"damage":29,"enemies":"Gremlin Leader","floor":24,"turns":7},{"damage":24,"enemies":"Slavers","floor":27,"turns":4},{"damage":12,"enemies":"Book of Stabbing","floor":30,"turns":5},{"damage":4,"enemies":"Centurion and Healer","floor":31,"turns":4},{"damage":24,"enemies":"Collector","floor":33,"turns":12},{"damage":10,"enemies":"3 Shapes","floor":35,"turns":5},{"damage":0,"enemies":"Orb Walker","floor":36,"turns":4},{"damage":5,"enemies":"Flame Bruiser 2 Orb","floor":38,"turns":4},{"damage":44,"enemies":"Nemesis","floor":40,"turns":7},{"damage":39,"enemies":"2 Orb Walkers","floor":42,"turns":4}],"seed_played":"3808564765010548895","potions_obtained":[{"floor":1,"key":"Regen Potion"},{"floor":3,"key":"EssenceOfSteel"},{"floor":10,"key":"PowerPotion"},{"floor":13,"key":"Weak Potion"},{"floor":16,"key":"Strength Potion"},{"floor":18,"key":"GamblersBrew"},{"floor":20,"key":"Fire Potion"},{"floor":27,"key":"SpeedPotion"},{"floor":30,"key":"Swift Potion"},{"floor":35,"key":"AttackPotion"}],"is_trial":false,"path_per_floor":["M","?","M","?","M","E","M","R","T","M","R","?","E","$","R","B",null,"M","M","M","$","M","R","E","R","T","E","R","?","E","M","R","B",null,"M","M","?","M","T","E","T"],"character_chosen":"DEFECT","items_purchased":["Glacier","Loop","Capacitor","Leap","BootSequence"],"campfire_rested":4,"item_purchase_floors":[14,14,21,21,21],"current_hp_per_floor":[65,65,64,46,43,30,35,57,57,49,49,49,41,41,41,29,75,70,63,62,62,57,57,28,50,50,26,48,42,30,26,48,24,75,65,65,85,80,80,36,36,0],"gold":594,"neow_bonus":"THREE_RARE_CARDS","is_prod":false,"is_daily":false,"chose_seed":false,"campfire_upgraded":3,"win_rate":0,"timestamp":1533061356,"path_taken":["M","?","M","?","?","E","M","R","T","M","R","?","E","?","R","BOSS","M","M","M","$","M","R","E","R","T","E","R","?","E","M","R","BOSS","M","M","?","M","?","E","?","E"],"build_version":"2018-07-26","purchased_purges":0,"victory":false,"max_hp_per_floor":[75,75,75,75,75,75,75,75,75,75,75,75,75,75,75,75,75,75,75,75,75,75,75,75,75,75,75,75,75,75,75,75,75,75,75,75,85,85,85,85,85,85],"card_choices":[{"not_picked":["Biased Cognition","Machine Learning"],"picked":"Electrodynamics","floor":0},{"not_picked":["Aggregate","Streamline"],"picked":"Coolheaded","floor":1},{"not_picked":["Compile Driver","Rebound"],"picked":"Go for the Eyes","floor":3},{"not_picked":["Rip and Tear","Streamline"],"picked":"White Noise","floor":5},{"not_picked":["Reprogram","Sunder"],"picked":"Static Discharge","floor":6},{"not_picked":["Leap","Heatsinks"],"picked":"Force Field","floor":7},{"not_picked":["Gash","Go for the Eyes"],"picked":"Capacitor","floor":10},{"not_picked":["Sweeping Beam","Leap"],"picked":"Redo","floor":13},{"not_picked":["Fission","Machine Learning"],"picked":"Reboot","floor":16},{"not_picked":["Compile Driver","Barrage","Aggregate"],"picked":"SKIP","floor":18},{"not_picked":["Rip and Tear","Undo"],"picked":"Conserve Battery","floor":19},{"not_picked":["Rebound+1","Hologram"],"picked":"Ball Lightning","floor":20},{"not_picked":["Barrage","Ball Lightning"],"picked":"Go for the Eyes","floor":22},{"not_picked":["Compile Driver","Undo+1"],"picked":"Defragment","floor":24},{"not_picked":["Compile Driver","Amplify"],"picked":"Go for the Eyes","floor":27},{"not_picked":["Static Discharge","Steam"],"picked":"Reinforced Body+1","floor":30},{"not_picked":["FTL","Stack+1"],"picked":"Cold Snap+1","floor":31},{"not_picked":["Creative AI","Amplify"],"picked":"Buffer","floor":33},{"not_picked":["Rebound","Sunder"],"picked":"Go for the Eyes","floor":35},{"not_picked":["Compile Driver","FTL"],"picked":"Ball Lightning+1","floor":36},{"not_picked":["Scrape","Capacitor"],"picked":"Melter+1","floor":38},{"not_picked":["Sweeping Beam","Fission"],"picked":"Conserve Battery+1","floor":40}],"player_experience":126521,"relics_obtained":[{"floor":6,"key":"Happy Flower"},{"floor":9,"key":"Vajra"},{"floor":13,"key":"Oddly Smooth Stone"},{"floor":24,"key":"Smiling Mask"},{"floor":26,"key":"Orichalcum"},{"floor":27,"key":"Tiny Chest"},{"floor":30,"key":"Blue Candle"},{"floor":39,"key":"Anchor"},{"floor":40,"key":"Lantern"},{"floor":41,"key":"Pen Nib"}],"event_choices":[{"event_name":"Transmorgrifier","player_choice":"Transform","floor":2,"damage_taken":0},{"event_name":"Golden Idol","player_choice":"Take Damage","floor":4,"damage_taken":0},{"event_name":"Liars Game","player_choice":"disagreed","floor":12,"damage_taken":0},{"event_name":"Nest","player_choice":"Joined the Cult","floor":29,"damage_taken":0},{"event_name":"Bonfire Elementals","player_choice":"RARE","floor":37,"damage_taken":0}],"is_beta":false,"boss_relics":[{"not_picked":["Empty Cage","Ectoplasm"],"picked":"Astrolabe"},{"not_picked":["Tiny House","Lizard Tail"],"picked":"Inserter"}],"items_purged_floors":[],"is_endless":false,"potions_floor_spawned":[1,3,10,13,16,18,20,27,30,35],"killed_by":"2 Orb Walkers","ascension_level":0}