{"gold_per_floor":[112,112,37,47,147,147,175,175,250,250,170,180,198,198,198,301,301,320,220,236,246,265,265],"floor_reached":23,"playtime":1597,"items_purged":["Strike_R","Strike_R","Pain"],"score":210,"play_id":"9d0eb12b-400b-4190-9720-3c6477f6a8aa","local_time":"20190203104145","is_ascension_mode":true,"campfire_choices":[{"data":"Infernal Blade","floor":6,"key":"SMITH"},{"data":"Rampage","floor":8,"key":"SMITH"},{"data":"Defend_R","floor":10,"key":"SMITH"},{"data":"Defend_R","floor":15,"key":"SMITH"}],"neow_cost":"NONE","seed_source_timestamp":474008724745249,"circlet_count":0,"master_deck":["Strike_R","Strike_R","Strike_R+1","Defend_R","Defend_R+1","Defend_R+1","Defend_R+1","Bash","Infernal Blade+1","Rampage+1","Rampage+1","Burning Pact+1","True Grit"],"relics":["Burning Blood","The Courier","Pantograph","WarpedTongs","Lizard Tail"],"potions_floor_usage":[16,18,20,21,21],"damage_taken":[{"damage":10,"enemies":"Jaw Worm","floor":1,"turns":6},{"damage":0,"enemies":"2 Louse","floor":4,"turns":2},{"damage":28,"enemies":"Lagavulin","floor":7,"turns":6},{"damage":0,"enemies":"Cultist","floor":12,"turns":2},{"damage":6,"enemies":"Looter","floor":13,"turns":3},{"damage":72,"enemies":"Slime Boss","floor":16,"turns":11},{"damage":18,"enemies":"3 Byrds","floor":18,"turns":6},{"damage":30,"enemies":"2 Thieves","floor":20,"turns":4},{"damage":38,"enemies":"3 Cultists","floor":21,"turns":6},{"damage":63,"enemies":"Chosen and Byrds","floor":22,"turns":9},{"damage":35,"enemies":"Book of Stabbing","floor":23,"turns":5}],"seed_played":"376188802326594958","potions_obtained":[{"floor":1,"key":"Explosive Potion"},{"floor":12,"key":"AttackPotion"},{"floor":13,"key":"SteroidPotion"},{"floor":16,"key":"Fire Potion"},{"floor":20,"key":"BloodPotion"}],"is_trial":false,"path_per_floor":["?","?","M","?","M"],"character_chosen":"IRONCLAD","items_purchased":[],"campfire_rested":0,"item_purchase_floors":[],"current_hp_per_floor":[84,66,66,72,72,72,50,50,50,50,50,56,56,56,56,15,88,76,76,52,28,30,0],"gold":265,"neow_bonus":"TEN_PERCENT_HP_BONUS","is_prod":false,"is_daily":false,"chose_seed":false,"campfire_upgraded":4,"win_rate":0,"timestamp":1549208505,"path_taken":["M","?","$","M","?","R","E","R","T","R","$","M","?","?","R","BOSS","M","$","M","?","M","E"],"build_version":"2019-01-23","purchased_purges":3,"victory":false,"max_hp_per_floor":[88,88,88,88,88,88,88,88,88,88,88,88,88,88,88,88,88,88,88,88,88,88,88],"card_choices":[{"not_picked":["Ghostly Armor","Clothesline"],"picked":"Infernal Blade","floor":1},{"not_picked":["Cleave","Clothesline","Havoc"],"picked":"SKIP","floor":4},{"not_picked":["Searing Blow","Infernal Blade"],"picked":"Rampage","floor":7},{"not_picked":["Barricade","Blood for Blood","Perfected Strike"],"picked":"SKIP","floor":12},{"not_picked":["Thunderclap","Body Slam","Heavy Blade"],"picked":"SKIP","floor":13},{"not_picked":["Rage","Body Slam"],"picked":"Rampage+1","floor":18},{"not_picked":["Sword Boomerang","Inflame+1"],"picked":"Burning Pact+1","floor":20},{"not_picked":["Thunderclap+1","Wild Strike","Havoc+1"],"picked":"SKIP","floor":21},{"not_picked":["Corruption","Pommel Strike+1"],"picked":"True Grit","floor":22}],"player_experience":196695,"relics_obtained":[{"floor":7,"key":"The Courier"},{"floor":9,"key":"Pantograph"}],"event_choices":[{"damage_healed":0,"gold_gain":0,"player_choice":"Entered Light","damage_taken":18,"max_hp_gain":0,"max_hp_loss":0,"event_name":"Shining Light","floor":2,"gold_loss":0,"cards_upgraded":["Strike_R","Defend_R"]},{"damage_healed":0,"gold_gain":100,"player_choice":"Pray","damage_taken":0,"max_hp_gain":0,"max_hp_loss":0,"event_name":"Golden Shrine","floor":5,"gold_loss":0},{"damage_healed":0,"gold_gain":0,"player_choice":"Rummage","damage_taken":0,"relics_obtained":["WarpedTongs"],"max_hp_gain":0,"max_hp_loss":0,"event_name":"Accursed Blacksmith","floor":14,"gold_loss":0,"cards_obtained":["Pain"]}],"is_beta":false,"boss_relics":[{"not_picked":["Busted Crown","Calling Bell"],"picked":"Lizard Tail"}],"items_purged_floors":[3,11,19],"is_endless":false,"potions_floor_spawned":[1,12,13,16,20],"killed_by":"Book of Stabbing","ascension_level":2}