{"gold_per_floor":[119,294,307,322,337,337,371,371,371,394,413,425,458,4,4,107,107,121,150,168,618,636,636,649,148,148,159,159,174,174,206,206,310,310,330,1329,1134,1164,1178,1178,1194,1208,1257,1267,1319,1319,1334,128,128,128],"floor_reached":50,"playtime":1999,"items_purged":["Doubt","Strike_B","Normality","Normality"],"score":551,"play_id":"8c06d59c-286d-4d93-9f2b-c2eb2d848c2e","local_time":"20181231233645","is_ascension_mode":false,"campfire_choices":[{"floor":6.0,"key":"REST"},{"floor":15.0,"key":"REST"},{"floor":23,"key":"REST"},{"data":"Fission","floor":28,"key":"SMITH"},{"floor":30,"key":"REST"},{"data":"Storm","floor":32,"key":"SMITH"},{"floor":40,"key":"RECALL"},{"floor":49,"key":"REST"}],"neow_cost":"NONE","seed_source_timestamp":0,"circlet_count":0,"master_deck":["Strike_B","Strike_B","Strike_B","Defend_B","Defend_B","Defend_B","Defend_B","Zap","Dualcast","Glacier","Cold Snap+1","Fission+1","Sweeping Beam+1","Conserve Battery","Ball Lightning","Genetic Algorithm","Coolheaded","Buffer","Defragment","Electrodynamics","Loop","Ball Lightning+1","Storm+1","Chaos+1","Coolheaded+1","Redo+1","Storm+1","Static Discharge+1","Thunder Strike","Loop","Force Field+1","Stack+1","Shame","Undo+1","Reprogram+1","Normality","Parasite","Skim+1","Defragment+1","Multi-Cast+1","Stack+1","Finesse+1"],"special_seed":0,"relics":["Cracked Core","Mercury Hourglass","Sundial","Pen Nib","Toxic Egg 2","WingedGreaves","Runic Dome","Red Mask","Juzu Bracelet","Happy Flower","Pear","Lantern","Cursed Key","Tiny Chest","Boot","Torii","Whetstone","Frozen Egg 2","Cables","OrangePellets"],"potions_floor_usage":[22,33,50,50,50],"damage_taken":[{"damage":0.0,"enemies":"Cultist","floor":1.0,"turns":3.0},{"damage":0.0,"enemies":"Small Slimes","floor":3.0,"turns":3.0},{"damage":18.0,"enemies":"Jaw Worm","floor":4.0,"turns":4.0},{"damage":28.0,"enemies":"Exordium Wildlife","floor":5.0,"turns":10.0},{"damage":15.0,"enemies":"3 Sentries","floor":7.0,"turns":11.0},{"damage":0.0,"enemies":"3 Louse","floor":11.0,"turns":2.0},{"damage":11.0,"enemies":"Blue Slaver","floor":12.0,"turns":3.0},{"damage":19.0,"enemies":"Gremlin Nob","floor":13.0,"turns":3.0},{"damage":31.0,"enemies":"Slime Boss","floor":16.0,"turns":9.0},{"damage":13.0,"enemies":"Chosen","floor":18.0,"turns":4.0},{"damage":9.0,"enemies":"Masked Bandits","floor":19.0,"turns":3.0},{"damage":0.0,"enemies":"Spheric Guardian","floor":20.0,"turns":4.0},{"damage":0,"enemies":"Snecko","floor":22,"turns":4},{"damage":14,"enemies":"Snake Plant","floor":24,"turns":3},{"damage":0,"enemies":"Cultist and Chosen","floor":27,"turns":3},{"damage":0,"enemies":"Snecko","floor":29,"turns":4},{"damage":12,"enemies":"Book of Stabbing","floor":31,"turns":4},{"damage":20,"enemies":"Collector","floor":33,"turns":7},{"damage":0,"enemies":"3 Darklings","floor":35,"turns":2},{"damage":9,"enemies":"Orb Walker","floor":39,"turns":4},{"damage":0,"enemies":"Maw","floor":41,"turns":6},{"damage":0,"enemies":"Spire Growth","floor":42,"turns":3},{"damage":17,"enemies":"4 Shapes","floor":44,"turns":3},{"damage":13,"enemies":"2 Orb Walkers","floor":45,"turns":3},{"damage":2,"enemies":"Writhing Mass","floor":47,"turns":3},{"damage":87,"enemies":"Awakened One","floor":50,"turns":7}],"seed_played":"1007185502919008305","potions_obtained":[{"floor":5.0,"key":"Strength Potion"},{"floor":11.0,"key":"SpeedPotion"},{"floor":13.0,"key":"EssenceOfSteel"},{"floor":16.0,"key":"AttackPotion"},{"floor":20.0,"key":"SteroidPotion"},{"floor":27,"key":"Regen Potion"},{"floor":31,"key":"AttackPotion"},{"floor":35,"key":"PowerPotion"},{"floor":41,"key":"SpeedPotion"}],"is_trial":false,"path_per_floor":["M","?","M","M","M","R","E","?","T","T","M","M","E","$","R","B","M","?","M","?","R","M","$","T","M","R","M","R","E","R","B",null,"M","?","$","?","M","R","M","M","T","M","?","T","M","$","R","B"],"character_chosen":"DEFECT","items_purchased":["Defragment","WingedGreaves","Juzu Bracelet","Happy Flower","AttackPotion","Redo+1","Loop","Frozen Egg 2","Defragment+1","Multi-Cast+1","Cables","OrangePellets","Stack+1","Finesse+1"],"campfire_rested":5,"item_purchase_floors":[14,14,25,25,25,25,37,48,48,48,48,48,48,48],"current_hp_per_floor":[75,75,75,57,29,51,36,61,61,61,61,50,31,31,53,22,75,62,53,53,11,11,33,19,19,29,29,29,29,54,42,42,37,85,85,85,85,85,76,76,76,76,76,59,46,46,44,44,69,0],"gold":128,"neow_bonus":"THREE_CARDS","is_prod":false,"is_daily":false,"chose_seed":false,"campfire_upgraded":2,"win_rate":0,"timestamp":1546317405,"path_taken":["M","?","M","M","M","R","E","?","T","?","?","M","E","$","R","BOSS","M","?","M","?","?","R","M","$","T","M","R","M","R","E","R","BOSS","M","?","$","?","M","R","M","M","T","M","?","?","M","$","R","BOSS"],"build_version":"2018-12-25","purchased_purges":4,"victory":false,"max_hp_per_floor":[75,75,75,75,75,75,75,75,75,75,75,75,75,75,75,75,75,75,75,75,75,75,75,75,75,85,85,85,85,85,85,85,85,85,85,85,85,85,85,85,85,85,85,85,85,85,85,85,85,85],"card_choices":[{"not_picked":["Compile Driver","Static Discharge"],"picked":"Glacier","floor":0.0},{"not_picked":["Streamline","Beam Cell"],"picked":"Cold Snap","floor":1.0},{"not_picked":["Barrage","Cold Snap"],"picked":"Fission","floor":3.0},{"not_picked":["Cold Snap","Rebound"],"picked":"Sweeping Beam","floor":4.0},{"not_picked":["Beam Cell","Heatsinks"],"picked":"Conserve Battery","floor":5.0},{"not_picked":["Steam Power","Turbo"],"picked":"Ball Lightning","floor":7.0},{"not_picked":["Hologram","Melter"],"picked":"Genetic Algorithm","floor":11.0},{"not_picked":["Hello World","Redo"],"picked":"Coolheaded","floor":12.0},{"not_picked":["Steam","Leap"],"picked":"Buffer","floor":13.0},{"not_picked":["Biased Cognition","Meteor Strike"],"picked":"Electrodynamics","floor":16.0},{"not_picked":["Compile Driver","Stack+1"],"picked":"Loop","floor":18.0},{"not_picked":["Core Surge","Static Discharge"],"picked":"Ball Lightning+1","floor":19.0},{"not_picked":["Aggregate+1","Hologram+1"],"picked":"Storm","floor":20.0},{"not_picked":["Beam Cell+1","Ball Lightning"],"picked":"Chaos+1","floor":22},{"not_picked":["Beam Cell","Hologram+1"],"picked":"Coolheaded+1","floor":24},{"not_picked":["Recycle+1","Aggregate+1","Cold Snap+1"],"picked":"SKIP","floor":27},{"not_picked":["Reprogram+1","Leap+1"],"picked":"Storm+1","floor":29},{"not_picked":["Scrape","Glacier+1"],"picked":"Static Discharge+1","floor":31},{"not_picked":["Biased Cognition","Amplify+1"],"picked":"Thunder Strike","floor":33},{"not_picked":["Rebound+1","Barrage+1","Steam Power+1"],"picked":"SKIP","floor":35},{"not_picked":["Hello World+1","Conserve Battery+1","Coolheaded+1"],"picked":"SKIP","floor":39},{"not_picked":["Gash+1","Rebound+1"],"picked":"Force Field+1","floor":41},{"not_picked":["Cold Snap","Gash"],"picked":"Stack+1","floor":42},{"not_picked":["Sunder+1","Hologram+1"],"picked":"Undo+1","floor":44},{"not_picked":["Beam Cell+1","Recycle+1"],"picked":"Reprogram+1","floor":45},{"not_picked":["Redo+1","Stack+1"],"picked":"Skim+1","floor":47}],"player_experience":487778,"relics_obtained":[{"floor":7.0,"key":"Mercury Hourglass"},{"floor":9.0,"key":"Sundial"},{"floor":10.0,"key":"Pen Nib"},{"floor":13.0,"key":"Toxic Egg 2"},{"floor":19.0,"key":"Red Mask"},{"floor":26,"key":"Pear"},{"floor":31,"key":"Lantern"},{"floor":43,"key":"Boot"},{"floor":45,"key":"Torii"},{"floor":46,"key":"Whetstone"}],"event_choices":[{"damage_healed":0.0,"max_hp_gain":0.0,"max_hp_loss":0.0,"gold_gain":175.0,"event_name":"Liars Game","player_choice":"AGREE","floor":2.0,"gold_loss":0.0,"damage_taken":0.0,"cards_obtained":["Doubt"]},{"damage_healed":25.0,"max_hp_gain":0.0,"max_hp_loss":0.0,"gold_gain":0.0,"event_name":"Big Fish","player_choice":"Banana","floor":8.0,"gold_loss":0.0,"damage_taken":0.0},{"damage_healed":0.0,"max_hp_gain":0.0,"max_hp_loss":0.0,"gold_gain":0.0,"event_name":"Masked Bandits","player_choice":"Fought Bandits","floor":19.0,"gold_loss":0.0,"damage_taken":0.0},{"damage_healed":0.0,"max_hp_gain":0.0,"max_hp_loss":0.0,"gold_gain":450.0,"event_name":"Knowing Skull","player_choice":"GOLD GOLD GOLD GOLD GOLD ","floor":21.0,"potions_obtained":[],"gold_loss":0.0,"damage_taken":42.0,"cards_obtained":[]},{"damage_healed":0,"gold_gain":999,"player_choice":"Gold","damage_taken":0,"max_hp_gain":0,"max_hp_loss":0,"event_name":"MindBloom","floor":36,"gold_loss":0,"cards_obtained":["Normality","Normality"]},{"damage_healed":0,"gold_gain":0,"player_choice":"Gave Potion","damage_taken":0,"relics_obtained":["Tiny Chest"],"max_hp_gain":0,"max_hp_loss":0,"event_name":"WeMeetAgain","floor":38,"gold_loss":0},{"damage_healed":0,"gold_gain":0,"player_choice":"Fight","damage_taken":0,"max_hp_gain":0,"max_hp_loss":0,"event_name":"Mysterious Sphere","floor":45,"gold_loss":0}],"is_beta":true,"boss_relics":[{"not_picked":["Orrery","Snecko Eye"],"picked":"Runic Dome"},{"not_picked":["Inserter","Nuclear Battery"],"picked":"Cursed Key"}],"items_purged_floors":[14,25,37,48],"is_endless":false,"potions_floor_spawned":[5,11,13,16,20,27,31,35,41,45],"killed_by":"Awakened One","ascension_level":0}