{"gold_per_floor":[114,40,40,53,3,3,33,33,33,45,70,128,128,203,203,302,302,319,319,336,353,372,372,372],"floor_reached":24,"playtime":790,"items_purged":[],"score":355,"play_id":"ac862947-dc67-416f-b428-1227c9328fa5","local_time":"20190331170031","is_ascension_mode":true,"campfire_choices":[{"data":"Static Discharge","floor":6,"key":"SMITH"},{"data":"Zap","floor":8,"key":"SMITH"},{"floor":13,"key":"REST"},{"floor":15,"key":"REST"},{"floor":23,"key":"REST"}],"neow_cost":"NONE","seed_source_timestamp":1359153501833195,"circlet_count":0,"master_deck":["AscendersBane","Strike_B","Strike_B","Strike_B","Defend_B","Defend_B+1","Defend_B+1","Defend_B","Zap+1","Dualcast","Streamline","Static Discharge+1","Loop","Electrodynamics","Coolheaded","BootSequence","Leap","Electrodynamics","Steam","Static Discharge"],"relics":["FrozenCore","NeowsBlessing","Turnip","Sundial","Art of War","DataDisk"],"potions_floor_usage":[],"damage_taken":[{"damage":0,"enemies":"Small Slimes","floor":1,"turns":1},{"damage":0,"enemies":"2 Louse","floor":4,"turns":1},{"damage":0,"enemies":"3 Sentries","floor":7,"turns":2},{"damage":12,"enemies":"Jaw Worm","floor":10,"turns":2},{"damage":26,"enemies":"Gremlin Nob","floor":11,"turns":4},{"damage":5,"enemies":"3 Sentries","floor":12,"turns":5},{"damage":30,"enemies":"Slime Boss","floor":16,"turns":7},{"damage":16,"enemies":"Spheric Guardian","floor":18,"turns":4},{"damage":4,"enemies":"Chosen","floor":20,"turns":4},{"damage":15,"enemies":"Snecko","floor":21,"turns":6},{"damage":10,"enemies":"Centurion and Healer","floor":22,"turns":6},{"damage":30,"enemies":"Gremlin Leader","floor":24,"turns":2}],"seed_played":"935288088641974412","potions_obtained":[{"floor":7,"key":"SkillPotion"},{"floor":10,"key":"SteroidPotion"},{"floor":12,"key":"Weak Potion"}],"is_trial":false,"path_per_floor":["?","?","?","?","?"],"character_chosen":"DEFECT","items_purchased":["Static Discharge"],"campfire_rested":3,"item_purchase_floors":[2],"current_hp_per_floor":[68,68,53,53,53,53,53,53,53,41,15,10,32,21,43,13,60,44,37,33,18,8,30,0],"gold":372,"neow_bonus":"THREE_ENEMY_KILL","is_prod":false,"is_daily":false,"chose_seed":false,"campfire_upgraded":2,"win_rate":0,"timestamp":1554066031,"path_taken":["M","$","?","M","?","R","E","R","T","M","E","?","R","?","R","BOSS","M","?","M","M","M","R","E"],"build_version":"2019-01-23","purchased_purges":0,"victory":false,"max_hp_per_floor":[75,75,75,75,75,75,75,75,75,75,75,75,75,75,75,75,75,75,75,75,75,75,75,75],"card_choices":[{"not_picked":["Hologram","Barrage"],"picked":"Streamline","floor":1},{"not_picked":["Steam","Steam Power"],"picked":"Loop","floor":4},{"not_picked":["Stack","Auto Shields"],"picked":"Electrodynamics","floor":7},{"not_picked":["Turbo","Rebound"],"picked":"Coolheaded","floor":10},{"not_picked":["Barrage","Stack"],"picked":"BootSequence","floor":11},{"not_picked":["Doom and Gloom","Hologram"],"picked":"Leap","floor":12},{"not_picked":["Meteor Strike","Machine Learning"],"picked":"Electrodynamics","floor":16},{"not_picked":["Streamline","Go for the Eyes","Gash+1"],"picked":"SKIP","floor":18},{"not_picked":["Compile Driver","Leap+1"],"picked":"Steam","floor":20},{"not_picked":["Gash","Rebound"],"picked":"Static Discharge","floor":21},{"not_picked":["Steam Power","BootSequence","Gash"],"picked":"SKIP","floor":22}],"player_experience":1339308,"relics_obtained":[{"floor":7,"key":"Turnip"},{"floor":9,"key":"Sundial"},{"floor":11,"key":"Art of War"},{"floor":12,"key":"DataDisk"}],"event_choices":[{"damage_healed":0,"gold_gain":0,"player_choice":"Entered Light","damage_taken":15,"max_hp_gain":0,"max_hp_loss":0,"event_name":"Shining Light","floor":3,"gold_loss":0,"cards_upgraded":["Defend_B","Defend_B"]},{"cards_removed":["Strike_B"],"damage_healed":0,"gold_gain":0,"player_choice":"Card Removal","damage_taken":0,"max_hp_gain":0,"max_hp_loss":0,"event_name":"The Cleric","floor":5,"gold_loss":50},{"damage_healed":0,"gold_gain":30,"player_choice":"Searched \u00272\u0027 times","damage_taken":0,"max_hp_gain":0,"max_hp_loss":0,"event_name":"Dead Adventurer","floor":12,"gold_loss":0},{"damage_healed":0,"gold_gain":75,"player_choice":"Gather Gold","damage_taken":11,"max_hp_gain":0,"max_hp_loss":0,"event_name":"World of Goop","floor":14,"gold_loss":0},{"damage_healed":0,"gold_gain":0,"player_choice":"Damaged","damage_taken":7,"max_hp_gain":0,"max_hp_loss":0,"event_name":"Wheel of Change","floor":19,"gold_loss":0}],"is_beta":false,"boss_relics":[{"not_picked":["Runic Dome","Calling Bell"],"picked":"FrozenCore"}],"items_purged_floors":[],"is_endless":false,"potions_floor_spawned":[7,10,12,20,22],"killed_by":"Gremlin Leader","ascension_level":11}