{"gold_per_floor":[110,129,204,220,134,134,151,162,162,162,58,3,18,31,31,128,128,146,0,19,19],"floor_reached":21,"playtime":966,"items_purged":[],"score":190,"play_id":"ff83de24-389d-44a2-8765-5d7f05cd1ca9","local_time":"20180827115827","is_ascension_mode":true,"campfire_choices":[{"data":"Defragment","floor":6,"key":"SMITH"},{"floor":10,"key":"REST"},{"floor":15,"key":"REST"}],"neow_cost":"","seed_source_timestamp":901941046418029,"circlet_count":0,"master_deck":["Strike_B","Strike_B","Strike_B","Strike_B","Defend_B","Defend_B","Defend_B","Defend_B","Zap","Dualcast","Storm","Gash","Ball Lightning","Defragment+1","Turbo","Scrape","Capacitor","Trip","Chaos","Leap","Echo Form","Stack+1","Self Repair"],"relics":["Cracked Core","Potion Belt","Pen Nib","Nuclear Battery"],"potions_floor_usage":[7,13],"damage_taken":[{"damage":0,"enemies":"Cultist","floor":1,"turns":3},{"damage":14,"enemies":"Small Slimes","floor":2,"turns":5},{"damage":1,"enemies":"Jaw Worm","floor":4,"turns":4},{"damage":14,"enemies":"Exordium Thugs","floor":7,"turns":5},{"damage":0,"enemies":"Large Slime","floor":8,"turns":4},{"damage":15,"enemies":"Gremlin Gang","floor":13,"turns":4},{"damage":30,"enemies":"Exordium Thugs","floor":14,"turns":3},{"damage":18,"enemies":"Hexaghost","floor":16,"turns":8},{"damage":30,"enemies":"Shell Parasite","floor":18,"turns":5},{"damage":18,"enemies":"2 Thieves","floor":20,"turns":4},{"damage":30,"enemies":"Centurion and Healer","floor":21,"turns":7}],"seed_played":"8352147917635143752","potions_obtained":[{"floor":1,"key":"FearPotion"},{"floor":4,"key":"SteroidPotion"},{"floor":13,"key":"FearPotion"}],"is_trial":false,"path_per_floor":["M","M","?","M","$","R","M","M","T","R","$","?","M","M","R","B",null,"M","?","M"],"character_chosen":"DEFECT","items_purchased":["Defragment","Turbo","Trip"],"campfire_rested":2,"item_purchase_floors":[5,5,11],"current_hp_per_floor":[75,61,50,49,49,49,35,35,35,57,57,57,42,12,34,16,75,45,45,27,0],"gold":19,"neow_bonus":"","is_prod":false,"is_daily":false,"chose_seed":false,"campfire_upgraded":1,"win_rate":0,"timestamp":1535392707,"path_taken":["M","M","?","M","$","R","M","M","T","R","?","?","?","M","R","BOSS","M","?","?","M"],"build_version":"2018-08-23v2","purchased_purges":0,"victory":false,"max_hp_per_floor":[75,75,75,75,75,75,75,75,75,75,75,75,75,75,75,75,75,75,75,75,75],"card_choices":[{"not_picked":["Stack","Capacitor"],"picked":"Storm","floor":1},{"not_picked":["Tempest","Recycle"],"picked":"Gash","floor":2},{"not_picked":["Steam","Sunder"],"picked":"Ball Lightning","floor":4},{"not_picked":["Melter","Stack"],"picked":"Scrape","floor":7},{"not_picked":["Fusion","Recycle"],"picked":"Capacitor","floor":8},{"not_picked":["Go for the Eyes","Fusion"],"picked":"Chaos","floor":13},{"not_picked":["Turbo","Rebound"],"picked":"Leap","floor":14},{"not_picked":["Amplify","Core Surge"],"picked":"Echo Form","floor":16},{"not_picked":["Consume+1","Hello World"],"picked":"Stack+1","floor":18},{"not_picked":["Skim","Reinforced Body"],"picked":"Self Repair","floor":20}],"player_experience":351258,"relics_obtained":[{"floor":9,"key":"Potion Belt"}],"event_choices":[{"event_name":"World of Goop","player_choice":"Gather Gold","floor":3,"damage_taken":0},{"event_name":"WeMeetAgain","player_choice":"Gold","floor":12,"damage_taken":0},{"event_name":"Masked Bandits","player_choice":"Paid Fearfully","floor":19,"damage_taken":0}],"is_beta":false,"boss_relics":[{"not_picked":["Lizard Tail","Sozu"],"picked":"Nuclear Battery"}],"items_purged_floors":[],"is_endless":false,"potions_floor_spawned":[1,4,13],"killed_by":"Centurion and Healer","ascension_level":2}