{"gold_per_floor":[112,130,130,148,148,148,182,182,205,218,218,218],"floor_reached":12,"playtime":708,"items_purged":[],"score":117,"play_id":"c954a3fc-6b14-4072-b176-0b0ce8ec3c31","local_time":"20190325233911","is_ascension_mode":true,"campfire_choices":[{"data":"Footwork","floor":6,"key":"SMITH"},{"floor":8,"key":"REST"}],"neow_cost":"NONE","seed_source_timestamp":864758447385244,"circlet_count":0,"master_deck":["AscendersBane","Defend_G","Defend_G+1","Defend_G","Defend_G","Defend_G+1","Strike_G","Strike_G","Strike_G","Strike_G","Survivor","Neutralize+1","Footwork+1","Blur","Cloak And Dagger"],"relics":["Ring of the Snake","Happy Flower","War Paint"],"potions_floor_usage":[10],"damage_taken":[{"damage":2,"enemies":"2 Louse","floor":1,"turns":4},{"damage":6,"enemies":"Cultist","floor":2,"turns":6},{"damage":6,"enemies":"Small Slimes","floor":4,"turns":5},{"damage":44,"enemies":"Lagavulin","floor":7,"turns":16},{"damage":24,"enemies":"Gremlin Gang","floor":10,"turns":5},{"damage":18,"enemies":"Large Slime","floor":12,"turns":4}],"seed_played":"-671228671224536275","potions_obtained":[{"floor":0,"key":"SneckoOil"},{"floor":0,"key":"LiquidBronze"},{"floor":0,"key":"SneckoOil"},{"floor":10,"key":"Energy Potion"}],"is_trial":false,"path_per_floor":["?","M","?","M"],"character_chosen":"THE_SILENT","items_purchased":[],"campfire_rested":1,"item_purchase_floors":[],"current_hp_per_floor":[61,55,55,49,49,49,5,26,26,2,2,0],"gold":218,"neow_bonus":"THREE_SMALL_POTIONS","is_prod":false,"is_daily":false,"chose_seed":false,"campfire_upgraded":1,"win_rate":0,"timestamp":1553571551,"path_taken":["M","M","?","?","$","R","E","R","T","M","?","?"],"build_version":"2019-01-23","purchased_purges":0,"victory":false,"max_hp_per_floor":[70,70,70,70,70,70,70,70,70,70,70,70],"card_choices":[{"not_picked":["Dagger Throw","Dagger Spray"],"picked":"Footwork","floor":1},{"not_picked":["Venomology","Eviscerate","Slice"],"picked":"SKIP","floor":2},{"not_picked":["Eviscerate","Flying Knee","Bane"],"picked":"SKIP","floor":4},{"not_picked":["Dagger Spray","Dodge and Roll"],"picked":"Blur","floor":7},{"not_picked":["Poisoned Stab","All Out Attack"],"picked":"Cloak And Dagger","floor":10}],"player_experience":1022090,"relics_obtained":[{"floor":7,"key":"Happy Flower"},{"floor":9,"key":"War Paint"}],"event_choices":[{"damage_healed":0,"gold_gain":0,"player_choice":"Upgraded","damage_taken":0,"max_hp_gain":0,"max_hp_loss":0,"event_name":"Upgrade Shrine","floor":3,"gold_loss":0,"cards_upgraded":["Neutralize"]},{"cards_removed":["Strike_G"],"damage_healed":0,"gold_gain":0,"player_choice":"Offered Basic","damage_taken":0,"max_hp_gain":0,"max_hp_loss":0,"event_name":"Bonfire Elementals","floor":11,"gold_loss":0}],"is_beta":false,"boss_relics":[],"items_purged_floors":[],"is_endless":false,"potions_floor_spawned":[2,7,10],"killed_by":"Large Slime","ascension_level":10}