{"gold_per_floor":[114,114,13,13,28,28,73,73,73,103,118,133,133,163,163,263,263,278,293,133,148,160,190,205,205,505,56,6,6,6,21,21,121,121,136,358,358,373,388,388,418,448,498,498,528,528,558,573,573,573],"floor_reached":51,"playtime":2251,"items_purged":[],"score":968,"play_id":"0187e61a-d4fc-4606-bed1-e7ab6fa971cc","local_time":"20180924103626","daily_mods":["Heirloom","Lethality","Vintage"],"is_ascension_mode":false,"campfire_choices":[{"data":"Zap","floor":6,"key":"SMITH"},{"floor":13,"key":"REST"},{"data":"Capacitor","floor":15,"key":"SMITH"},{"floor":29,"key":"REST"},{"floor":32,"key":"DIG"},{"floor":40,"key":"DIG"},{"floor":44,"key":"REST"},{"floor":49,"key":"DIG"}],"neow_cost":"","seed_source_timestamp":0,"circlet_count":0,"master_deck":["Zap+1","Dualcast","Capacitor+1","Compile Driver","Glacier","Ball Lightning","Biased Cognition","Core Surge","Steam","Beam Cell","Cold Snap","Sunder","Coolheaded","Rebound","Steam","Defragment","Lockon","Stack","Compile Driver+1","Static Discharge+1","Conserve Battery","Doom and Gloom","Self Repair+1","Thunder Strike","Swift Strike","Electrodynamics+1","Rainbow","Beam Cell+1","Redo+1","Madness","Madness","Self Repair+1"],"special_seed":17798,"relics":["Cracked Core","Bird Faced Urn","StoneCalendar","Mummified Hand","Ornamental Fan","Tiny Chest","Blood Vial","Du-Vu Doll","Orichalcum","Dream Catcher","Mango","Shovel","Pandora\u0027s Box","Strawberry","Ancient Tea Set","Juzu Bracelet","Red Mask","Pocketwatch","Bag of Marbles","CultistMask","Old Coin","Frozen Egg 2","Thread and Needle","Potion Belt","Bronze Scales","Centennial Puzzle","Empty Cage","Gremlin Horn","Calipers","WingedGreaves","Molten Egg 2","Emotion Chip","Regal Pillow","Omamori","Lantern","Bottled Lightning","Art of War","Mercury Hourglass"],"potions_floor_usage":[11,16,23,33,41,41,45,50],"damage_taken":[{"damage":8,"enemies":"Small Slimes","floor":1,"turns":3},{"damage":9,"enemies":"Jaw Worm","floor":5,"turns":2},{"damage":0,"enemies":"Cultist","floor":7,"turns":2},{"damage":17,"enemies":"Lagavulin","floor":10,"turns":5},{"damage":17,"enemies":"Exordium Thugs","floor":11,"turns":3},{"damage":4,"enemies":"Large Slime","floor":12,"turns":4},{"damage":14,"enemies":"3 Sentries","floor":14,"turns":6},{"damage":30,"enemies":"Hexaghost","floor":16,"turns":8},{"damage":8,"enemies":"2 Thieves","floor":18,"turns":2},{"damage":10,"enemies":"Chosen","floor":19,"turns":3},{"damage":20,"enemies":"Centurion and Healer","floor":21,"turns":4},{"damage":3,"enemies":"Masked Bandits","floor":22,"turns":4},{"damage":52,"enemies":"Gremlin Leader","floor":23,"turns":4},{"damage":11,"enemies":"Snake Plant","floor":24,"turns":2},{"damage":0,"enemies":"Shelled Parasite and Fungi","floor":31,"turns":3},{"damage":0,"enemies":"Champ","floor":33,"turns":9},{"damage":27,"enemies":"3 Darklings","floor":35,"turns":4},{"damage":0,"enemies":"Orb Walker","floor":38,"turns":3},{"damage":0,"enemies":"Reptomancer","floor":39,"turns":4},{"damage":0,"enemies":"Nemesis","floor":41,"turns":7},{"damage":54,"enemies":"Giant Head","floor":42,"turns":9},{"damage":3,"enemies":"2 Orb Walkers","floor":45,"turns":3},{"damage":1,"enemies":"Giant Head","floor":47,"turns":7},{"damage":17,"enemies":"4 Shapes","floor":48,"turns":2},{"damage":43,"enemies":"Donu and Deca","floor":50,"turns":5}],"seed_played":"696348812476848075","potions_obtained":[{"floor":10,"key":"PowerPotion"},{"floor":12,"key":"GamblersBrew"},{"floor":14,"key":"SpeedPotion"},{"floor":18,"key":"FocusPotion"},{"floor":21,"key":"GamblersBrew"},{"floor":24,"key":"SmokeBomb"},{"floor":38,"key":"SpeedPotion"},{"floor":39,"key":"Explosive Potion"},{"floor":42,"key":"Strength Potion"},{"floor":48,"key":"SteroidPotion"}],"is_trial":false,"path_per_floor":["M","?","$","T","M","R","M","?","T","E","M","M","R","E","R","B",null,"M","M","$","M","?","E","M","?","T","$","?","R","?","M","R","B",null,"M","?","?","M","M","R","E","E","T","R","E","?","E","M","R","B"],"character_chosen":"DEFECT","items_purchased":["Capacitor","Compile Driver","Defragment","Lockon","Stack","Frozen Egg 2","Static Discharge+1","Conserve Battery","Doom and Gloom"],"campfire_rested":3,"item_purchase_floors":[3,3,20,20,20,27,27,27,27],"current_hp_per_floor":[67,72,72,72,65,65,65,65,65,52,41,41,65,69,69,45,94,95,91,91,79,84,40,33,33,33,33,33,63,63,85,85,101,101,90,90,90,96,101,101,101,62,62,101,98,85,101,101,101,80],"gold":573,"neow_bonus":"","is_prod":false,"is_daily":true,"chose_seed":false,"campfire_upgraded":2,"win_rate":0,"timestamp":1537806986,"path_taken":["M","?","$","?","M","R","M","?","T","E","M","M","R","E","R","BOSS","M","M","$","M","?","E","M","?","T","$","?","R","?","M","R","BOSS","M","?","?","M","M","R","E","E","T","R","E","?","E","M","R","BOSS"],"build_version":"2018-09-20","purchased_purges":0,"victory":true,"max_hp_per_floor":[75,80,80,80,80,80,80,80,80,80,80,80,80,94,94,94,94,101,101,101,101,101,101,101,101,101,101,101,101,101,101,101,101,101,101,101,101,101,101,101,101,101,101,101,101,101,101,101,101,101],"card_choices":[{"not_picked":["Go for the Eyes","Coolheaded"],"picked":"Glacier","floor":10},{"not_picked":["Skim","Sweeping Beam"],"picked":"Ball Lightning","floor":13},{"not_picked":["Gash","Undo"],"picked":"Biased Cognition","floor":14},{"not_picked":["All For One","Multi-Cast"],"picked":"Core Surge","floor":16},{"not_picked":["Beam Cell","Leap"],"picked":"Compile Driver+1","floor":23},{"not_picked":["Beam Cell","Hologram"],"picked":"Self Repair+1","floor":29},{"not_picked":["Amplify","Hyperbeam"],"picked":"Thunder Strike","floor":33},{"not_picked":["Secret Weapon","Bandage Up"],"picked":"Swift Strike","floor":37},{"not_picked":["Beam Cell+1","Skim"],"picked":"Electrodynamics+1","floor":41},{"not_picked":["Compile Driver+1","Conserve Battery"],"picked":"Rainbow","floor":42},{"not_picked":["Steam+1","Consume"],"picked":"Beam Cell+1","floor":44},{"not_picked":["Compile Driver+1","Ball Lightning+1"],"picked":"Redo+1","floor":45},{"not_picked":["Heatsinks+1","Amplify"],"picked":"Self Repair+1","floor":47}],"player_experience":570018,"relics_obtained":[{"floor":1,"key":"StoneCalendar"},{"floor":4,"key":"Mummified Hand"},{"floor":5,"key":"Ornamental Fan"},{"floor":7,"key":"Tiny Chest"},{"floor":9,"key":"Blood Vial"},{"floor":10,"key":"Du-Vu Doll"},{"floor":11,"key":"Orichalcum"},{"floor":12,"key":"Dream Catcher"},{"floor":14,"key":"Mango"},{"floor":16,"key":"Shovel"},{"floor":18,"key":"Strawberry"},{"floor":19,"key":"Ancient Tea Set"},{"floor":21,"key":"Juzu Bracelet"},{"floor":22,"key":"Red Mask"},{"floor":23,"key":"Pocketwatch"},{"floor":24,"key":"Bag of Marbles"},{"floor":26,"key":"Old Coin"},{"floor":31,"key":"Potion Belt"},{"floor":32,"key":"Bronze Scales"},{"floor":33,"key":"Centennial Puzzle"},{"floor":35,"key":"Gremlin Horn"},{"floor":38,"key":"Calipers"},{"floor":39,"key":"WingedGreaves"},{"floor":40,"key":"Molten Egg 2"},{"floor":41,"key":"Emotion Chip"},{"floor":42,"key":"Regal Pillow"},{"floor":43,"key":"Omamori"},{"floor":45,"key":"Lantern"},{"floor":47,"key":"Bottled Lightning"},{"floor":48,"key":"Art of War"},{"floor":49,"key":"Mercury Hourglass"}],"event_choices":[{"event_name":"Big Fish","player_choice":"Donut","floor":2,"damage_taken":0},{"event_name":"The Cleric","player_choice":"Leave","floor":8,"damage_taken":0},{"event_name":"Masked Bandits","player_choice":"Fought Bandits","floor":22,"damage_taken":0},{"event_name":"FaceTrader","player_choice":"Trade","floor":25,"damage_taken":0},{"event_name":"The Joust","player_choice":"Bet on Murderer","floor":28,"damage_taken":0},{"event_name":"Addict","player_choice":"Stole Relic","floor":30,"damage_taken":0},{"event_name":"Tomb of Lord Red Mask","player_choice":"Wore Mask","floor":36,"damage_taken":0},{"event_name":"SensoryStone","player_choice":"Memory 1","floor":37,"damage_taken":0},{"event_name":"Winding Halls","player_choice":"Embrace Madness","floor":46,"damage_taken":0}],"is_beta":false,"boss_relics":[{"not_picked":["Runic Pyramid","Black Star"],"picked":"Pandora\u0027s Box"},{"not_picked":["Astrolabe","Runic Dome"],"picked":"Empty Cage"}],"items_purged_floors":[],"is_endless":false,"potions_floor_spawned":[10,12,14,18,21,24,38,39,42,48],"ascension_level":0}