{"gold_per_floor":[118,131,143,155,165,198,198,198,198,208,208,218,19,46,46,148,198,212,172,188,188,188,188,222,222,222,222,255,270,284,297,297,297],"floor_reached":33,"playtime":4641,"items_purged":[],"score":381,"play_id":"0562156b-0daa-4d4b-aaf6-e4ada2778aff","local_time":"20190127152659","is_ascension_mode":true,"campfire_choices":[{"floor":7.0,"key":"REST"},{"floor":11.0,"key":"REST"},{"floor":15.0,"key":"REST"},{"floor":23.0,"key":"REST"},{"floor":27.0,"key":"REST"},{"data":"Heavy Blade","floor":32,"key":"SMITH"}],"neow_cost":"NONE","seed_source_timestamp":0,"circlet_count":0,"master_deck":["Strike_R","Strike_R","Strike_R","Strike_R","Strike_R","Defend_R","Defend_R","Defend_R","Defend_R","Bash+1","Thunderclap","Inflame","Anger+1","Armaments+1","Flex","Heavy Blade","Inflame","Iron Wave","Rampage","Warcry","Inflame","Perfected Strike","Impervious","Pommel Strike","Heavy Blade+1","Clash+1","Dual Wield","Infernal Blade","Cleave","Clothesline","Heavy Blade+1","Ghostly Armor","Iron Wave","Perfected Strike","Anger+1"],"special_seed":0,"relics":["Burning Blood","Dream Catcher","Orichalcum","Sling","Anchor","Tiny House","MutagenicStrength","Dodecahedron","Potion Belt","Ancient Tea Set"],"potions_floor_usage":[31,33,33],"damage_taken":[{"damage":3.0,"enemies":"Cultist","floor":1.0,"turns":5.0},{"damage":18.0,"enemies":"Jaw Worm","floor":2.0,"turns":4.0},{"damage":3.0,"enemies":"Small Slimes","floor":3.0,"turns":4.0},{"damage":13.0,"enemies":"3 Louse","floor":4.0,"turns":4.0},{"damage":11.0,"enemies":"Looter","floor":5.0,"turns":4.0},{"damage":22.0,"enemies":"Gremlin Nob","floor":6.0,"turns":4.0},{"damage":6.0,"enemies":"Large Slime","floor":10.0,"turns":4.0},{"damage":11.0,"enemies":"Lots of Slimes","floor":12.0,"turns":3.0},{"damage":18.0,"enemies":"Lagavulin","floor":14.0,"turns":6.0},{"damage":56.0,"enemies":"The Guardian","floor":16.0,"turns":9.0},{"damage":27.0,"enemies":"3 Byrds","floor":18.0,"turns":6.0},{"damage":16.0,"enemies":"2 Thieves","floor":20.0,"turns":5.0},{"damage":7.0,"enemies":"Slavers","floor":24.0,"turns":3.0},{"damage":0.0,"enemies":"Gremlin Leader","floor":28.0,"turns":4.0},{"damage":3,"enemies":"Snake Plant","floor":29,"turns":3},{"damage":4,"enemies":"3 Cultists","floor":30,"turns":5},{"damage":21,"enemies":"Centurion and Healer","floor":31,"turns":4},{"damage":118,"enemies":"Automaton","floor":33,"turns":8}],"seed_played":"-5640466201667508810","potions_obtained":[{"floor":0.0,"key":"FairyPotion"},{"floor":0.0,"key":"FairyPotion"},{"floor":0.0,"key":"Block Potion"},{"floor":3.0,"key":"Fire Potion"},{"floor":5.0,"key":"AttackPotion"},{"floor":6.0,"key":"Energy Potion"},{"floor":10.0,"key":"SteroidPotion"},{"floor":17.0,"key":"LiquidBronze"},{"floor":24.0,"key":"SneckoOil"},{"floor":28,"key":"Regen Potion"},{"floor":29,"key":"AttackPotion"},{"floor":31,"key":"GamblersBrew"}],"is_trial":false,"path_per_floor":["M","M","M","M","M","E","R","?","T","M","R","M","$","E","R","B",null,"M","?","M","?","?","R","E","?","T","R","E","M","M","M","R","B"],"character_chosen":"IRONCLAD","items_purchased":["Sling"],"campfire_rested":5,"item_purchase_floors":[13],"current_hp_per_floor":[80,68,71,64,59,43,67,67,67,67,80,75,75,63,80,30,85,64,64,54,54,54,79,78,78,78,85,85,85,85,70,70,0],"gold":297,"neow_bonus":"THREE_SMALL_POTIONS","is_prod":false,"is_daily":false,"chose_seed":false,"campfire_upgraded":1,"win_rate":1,"timestamp":1548602819,"path_taken":["M","M","M","M","?","E","R","?","T","M","R","M","?","E","R","BOSS","M","?","?","?","?","R","E","?","T","R","E","M","M","M","R","BOSS"],"build_version":"2019-01-23","purchased_purges":0,"victory":false,"max_hp_per_floor":[80,80,80,80,80,80,80,80,80,80,80,80,80,80,80,80,85,85,85,85,85,85,85,85,85,85,85,85,85,85,85,85,85],"card_choices":[{"not_picked":["Warcry","Clothesline"],"picked":"Thunderclap","floor":1.0},{"not_picked":["Pummel","Corruption"],"picked":"Inflame","floor":2.0},{"not_picked":["Disarm","Sword Boomerang"],"picked":"Anger","floor":3.0},{"not_picked":["Sword Boomerang","Wild Strike"],"picked":"Armaments","floor":4.0},{"not_picked":["Thunderclap","Battle Trance"],"picked":"Flex","floor":5.0},{"not_picked":["Pummel","Iron Wave"],"picked":"Heavy Blade","floor":6.0},{"not_picked":["Carnage","Twin Strike"],"picked":"Inflame","floor":7.0},{"not_picked":["Wild Strike","Corruption"],"picked":"Iron Wave","floor":10.0},{"not_picked":["Headbutt","Shockwave"],"picked":"Rampage","floor":11.0},{"not_picked":["Power Through","Bloodletting"],"picked":"Warcry","floor":12.0},{"not_picked":["Wild Strike","Uppercut"],"picked":"Inflame","floor":14.0},{"not_picked":["Berserk","Cleave"],"picked":"Perfected Strike","floor":15.0},{"not_picked":["Bludgeon","Berserk"],"picked":"Impervious","floor":16.0},{"not_picked":["Disarm","Pummel"],"picked":"Pommel Strike","floor":17.0},{"not_picked":["Armaments","Blood for Blood+1"],"picked":"Heavy Blade+1","floor":18.0},{"not_picked":["Shrug It Off","Feed"],"picked":"Clash+1","floor":20.0},{"not_picked":["Fire Breathing","Carnage"],"picked":"Infernal Blade","floor":23.0},{"not_picked":["Corruption","Bludgeon"],"picked":"Cleave","floor":24.0},{"not_picked":["Wild Strike+1","Burning Pact"],"picked":"Heavy Blade","floor":27.0},{"not_picked":["Bloodletting","Fire Breathing"],"picked":"Ghostly Armor","floor":28},{"not_picked":["Twin Strike","Hemokinesis"],"picked":"Iron Wave","floor":29},{"not_picked":["Clothesline","Pommel Strike"],"picked":"Perfected Strike","floor":30},{"not_picked":["Pummel","Whirlwind"],"picked":"Anger+1","floor":31}],"player_experience":37057,"relics_obtained":[{"floor":6.0,"key":"Dream Catcher"},{"floor":9.0,"key":"Orichalcum"},{"floor":14.0,"key":"Anchor"},{"floor":24.0,"key":"Dodecahedron"},{"floor":26.0,"key":"Potion Belt"},{"floor":28,"key":"Ancient Tea Set"}],"event_choices":[{"damage_healed":0.0,"max_hp_gain":0.0,"max_hp_loss":0.0,"gold_gain":0.0,"event_name":"Lab","player_choice":"Got Potions","floor":8.0,"gold_loss":0.0,"damage_taken":0.0},{"damage_healed":0.0,"max_hp_gain":0.0,"max_hp_loss":0.0,"gold_gain":0.0,"event_name":"Designer","player_choice":"Upgraded Two","floor":19.0,"gold_loss":40.0,"damage_taken":0.0,"cards_upgraded":["Armaments","Bash"]},{"damage_healed":0.0,"max_hp_gain":0.0,"max_hp_loss":0.0,"gold_gain":0.0,"event_name":"The Library","player_choice":"Read","floor":21.0,"gold_loss":0.0,"damage_taken":0.0,"cards_obtained":["Dual Wield"]},{"damage_healed":0.0,"max_hp_gain":0.0,"max_hp_loss":0.0,"gold_gain":0.0,"event_name":"Drug Dealer","player_choice":"Inject Mutagens","floor":22.0,"gold_loss":0.0,"damage_taken":0.0,"relics_obtained":["MutagenicStrength"]},{"damage_healed":0.0,"max_hp_gain":0.0,"max_hp_loss":0.0,"gold_gain":0.0,"event_name":"Match and Keep!","player_choice":"1 cards matched","floor":25.0,"gold_loss":0.0,"damage_taken":0.0,"cards_obtained":["Clothesline"]}],"is_beta":false,"boss_relics":[{"not_picked":["Mark of Pain","Sozu"],"picked":"Tiny House"}],"items_purged_floors":[],"is_endless":false,"potions_floor_spawned":[3,5,6,10,24,28,29,31],"killed_by":"Automaton","ascension_level":2}