{"gold_per_floor":[369,39,55,69,89,124,124,124,170,204,34,51,82,95,95,172,172,185,185,200,218,137,137,156,75,75,75,92,42,42,56,56,56],"floor_reached":33,"playtime":1899,"items_purged":["Strike_R"],"score":457,"play_id":"cbfe2e5d-4c31-47e8-9ad1-dfbadc0f3ee3","local_time":"20190403003337","is_ascension_mode":true,"campfire_choices":[{"data":"Uppercut","floor":7,"key":"SMITH"},{"data":"Inflame","floor":15,"key":"SMITH"},{"data":"True Grit","floor":23,"key":"SMITH"},{"floor":30,"key":"REST"},{"data":"Exhume","floor":32,"key":"SMITH"}],"neow_cost":"TEN_PERCENT_HP_LOSS","seed_source_timestamp":1558030106958191,"circlet_count":0,"master_deck":["AscendersBane","Strike_R","Strike_R","Strike_R","Strike_R+1","Defend_R","Defend_R","Defend_R","Defend_R","Bash","Uppercut+1","Metallicize","Clothesline+1","Wild Strike","Infernal Blade","Whirlwind+1","Pommel Strike","True Grit+1","Inflame+1","Shrug It Off","Seeing Red","Feed","Iron Wave+1","Feel No Pain","Shrug It Off","Exhume+1","Inflame"],"relics":["Burning Blood","Thread and Needle","Kunai","Whetstone","Centennial Puzzle","Bird Faced Urn","Philosopher\u0027s Stone","Happy Flower","Gremlin Horn"],"potions_floor_usage":[16,20,31,33],"damage_taken":[{"damage":3,"enemies":"Jaw Worm","floor":1,"turns":5},{"damage":3,"enemies":"Cultist","floor":3,"turns":5},{"damage":0,"enemies":"Small Slimes","floor":4,"turns":3},{"damage":1,"enemies":"Blue Slaver","floor":5,"turns":4},{"damage":41,"enemies":"3 Sentries","floor":6,"turns":16},{"damage":2,"enemies":"Gremlin Nob","floor":10,"turns":3},{"damage":4,"enemies":"3 Louse","floor":12,"turns":2},{"damage":17,"enemies":"Lagavulin","floor":13,"turns":5},{"damage":4,"enemies":"Exordium Thugs","floor":14,"turns":5},{"damage":29,"enemies":"Hexaghost","floor":16,"turns":12},{"damage":8,"enemies":"Spheric Guardian","floor":18,"turns":4},{"damage":32,"enemies":"3 Byrds","floor":20,"turns":6},{"damage":30,"enemies":"Snake Plant","floor":21,"turns":4},{"damage":0,"enemies":"Centurion and Healer","floor":24,"turns":8},{"damage":30,"enemies":"Snecko","floor":28,"turns":7},{"damage":3,"enemies":"Chosen and Byrds","floor":31,"turns":10},{"damage":72,"enemies":"Collector","floor":33,"turns":9}],"seed_played":"-5819006708373764079","potions_obtained":[{"floor":3,"key":"Block Potion"},{"floor":6,"key":"SmokeBomb"},{"floor":16,"key":"SkillPotion"},{"floor":21,"key":"AttackPotion"},{"floor":24,"key":"Energy Potion"}],"is_trial":false,"path_per_floor":["?","M","?","M","T","M","?","M"],"character_chosen":"IRONCLAD","items_purchased":["Thread and Needle","Metallicize","True Grit","Inflame","Feel No Pain","Exhume"],"campfire_rested":1,"item_purchase_floors":[2,2,11,11,22,25],"current_hp_per_floor":[68,68,68,68,68,33,33,33,33,37,37,39,28,34,34,15,55,60,60,41,19,19,19,34,34,34,34,14,14,37,54,54,0],"gold":56,"neow_bonus":"TWO_FIFTY_GOLD","is_prod":false,"is_daily":false,"chose_seed":false,"campfire_upgraded":4,"win_rate":0,"timestamp":1554266017,"path_taken":["M","$","M","M","M","E","R","?","T","E","$","?","E","M","R","BOSS","M","?","?","M","$","R","M","$","T","?","?","?","R","?","R","BOSS"],"build_version":"2019-01-23","purchased_purges":1,"victory":false,"max_hp_per_floor":[68,68,68,68,68,68,68,68,68,68,68,68,68,68,68,68,68,71,71,74,74,74,74,77,77,77,77,77,77,77,83,83,83],"card_choices":[{"not_picked":["Heavy Blade","Shockwave"],"picked":"Uppercut","floor":1},{"not_picked":["True Grit","Sever Soul"],"picked":"Clothesline","floor":3},{"not_picked":["Flex","Searing Blow"],"picked":"Wild Strike","floor":4},{"not_picked":["Sever Soul","Wild Strike"],"picked":"Infernal Blade","floor":5},{"not_picked":["Clash","Sever Soul"],"picked":"Whirlwind","floor":6},{"not_picked":["Clothesline","Cleave"],"picked":"Pommel Strike","floor":10},{"not_picked":["Cleave","Twin Strike"],"picked":"Shrug It Off","floor":12},{"not_picked":["Intimidate","Berserk"],"picked":"Seeing Red","floor":13},{"not_picked":["Perfected Strike","Bloodletting","Rampage"],"picked":"SKIP","floor":14},{"not_picked":["Immolate","Brutality"],"picked":"Feed","floor":16},{"not_picked":["Warcry","Thunderclap","Heavy Blade"],"picked":"SKIP","floor":18},{"not_picked":["Clash","Wild Strike","Warcry"],"picked":"SKIP","floor":20},{"not_picked":["Flex","Fire Breathing"],"picked":"Iron Wave+1","floor":21},{"not_picked":["Havoc","Flex"],"picked":"Shrug It Off","floor":24},{"not_picked":["Juggernaut","Thunderclap"],"picked":"Inflame","floor":28},{"not_picked":["Thunderclap","True Grit","Armaments"],"picked":"SKIP","floor":31}],"player_experience":1407537,"relics_obtained":[{"floor":6,"key":"Kunai"},{"floor":9,"key":"Whetstone"},{"floor":10,"key":"Centennial Puzzle"},{"floor":13,"key":"Bird Faced Urn"},{"floor":27,"key":"Gremlin Horn"}],"event_choices":[{"damage_healed":0,"gold_gain":0,"player_choice":"Upgraded","damage_taken":0,"max_hp_gain":0,"max_hp_loss":0,"event_name":"Upgrade Shrine","floor":8,"gold_loss":0,"cards_upgraded":["Whirlwind"]},{"damage_healed":0,"gold_gain":0,"player_choice":"Gave Potion","damage_taken":0,"relics_obtained":["Happy Flower"],"max_hp_gain":0,"max_hp_loss":0,"event_name":"WeMeetAgain","floor":19,"gold_loss":0},{"damage_healed":0,"gold_gain":0,"player_choice":"Bet on Murderer","damage_taken":0,"max_hp_gain":0,"max_hp_loss":0,"event_name":"The Joust","floor":29,"gold_loss":50}],"is_beta":false,"boss_relics":[{"not_picked":["Empty Cage","Astrolabe"],"picked":"Philosopher\u0027s Stone"}],"items_purged_floors":[11],"is_endless":false,"potions_floor_spawned":[3,6,10,14,16,18,21,24,28],"killed_by":"Collector","ascension_level":14}