{"gold_per_floor":[116,45,57,69,86,111,111,124,124,138,172,182,182,38,38,143,143,159,85,103,123,46,374,374,406,431,450,461,461,461],"floor_reached":30,"playtime":1922,"items_purged":["Defend_R"],"score":284,"play_id":"c7d2c9c0-c0b3-4d89-9c3a-4dc28ec2cfef","local_time":"20190317220210","is_ascension_mode":false,"campfire_choices":[{"data":"Cleave","floor":7,"key":"SMITH"},{"floor":13,"key":"REST"},{"data":"True Grit","floor":15,"key":"SMITH"},{"data":"Exhume","floor":24,"key":"SMITH"}],"neow_cost":"NONE","seed_source_timestamp":166522571345215,"circlet_count":0,"master_deck":["Strike_R","Strike_R","Strike_R","Strike_R","Strike_R","Defend_R","Defend_R","Defend_R","Bash","Battle Trance","Cleave+1","Headbutt","Anger","Reaper","Spot Weakness","Spot Weakness","True Grit+1","Battle Trance","Rage","Exhume+1","Twin Strike","Sword Boomerang","Spot Weakness","Disarm","Inflame","Sword Boomerang+1","Feel No Pain","Feed","Sword Boomerang+1","Heavy Blade","Iron Wave","RitualDagger"],"relics":["Burning Blood","NeowsBlessing","Magic Flower","Blood Vial","Art of War","Gremlin Horn","Orrery","Old Coin","Paper Frog","Juzu Bracelet"],"potions_floor_usage":[27,27],"damage_taken":[{"damage":0,"enemies":"2 Louse","floor":1,"turns":1},{"damage":0,"enemies":"Cultist","floor":3,"turns":1},{"damage":0,"enemies":"Small Slimes","floor":4,"turns":1},{"damage":12,"enemies":"Looter","floor":5,"turns":4},{"damage":36,"enemies":"3 Sentries","floor":6,"turns":9},{"damage":3,"enemies":"2 Fungi Beasts","floor":8,"turns":3},{"damage":18,"enemies":"Exordium Wildlife","floor":10,"turns":4},{"damage":54,"enemies":"Lagavulin","floor":11,"turns":8},{"damage":13,"enemies":"Red Slaver","floor":12,"turns":4},{"damage":46,"enemies":"The Guardian","floor":16,"turns":10},{"damage":18,"enemies":"2 Thieves","floor":18,"turns":3},{"damage":6,"enemies":"Chosen","floor":20,"turns":3},{"damage":34,"enemies":"Centurion and Healer","floor":21,"turns":9},{"damage":40,"enemies":"Book of Stabbing","floor":23,"turns":7},{"damage":17,"enemies":"Gremlin Leader","floor":25,"turns":5},{"damage":30,"enemies":"Snake Plant","floor":27,"turns":8},{"damage":31,"enemies":"Snecko","floor":28,"turns":7},{"damage":27,"enemies":"Centurion and Healer","floor":30,"turns":3}],"seed_played":"6595940503875800911","potions_obtained":[{"floor":3,"key":"Weak Potion"},{"floor":5,"key":"Strength Potion"},{"floor":16,"key":"Swift Potion"}],"is_trial":false,"path_per_floor":["?","$","?"],"character_chosen":"IRONCLAD","items_purchased":["Rage","Disarm","Feel No Pain"],"campfire_rested":1,"item_purchase_floors":[14,19,22],"current_hp_per_floor":[80,80,80,80,77,50,50,71,71,73,33,38,62,62,62,57,80,71,71,77,67,67,39,39,39,39,35,30,24,0],"gold":461,"neow_bonus":"THREE_ENEMY_KILL","is_prod":false,"is_daily":false,"chose_seed":false,"campfire_upgraded":3,"win_rate":0,"timestamp":1552874530,"path_taken":["M","?","M","M","M","E","R","M","T","M","E","M","R","$","R","BOSS","M","?","M","M","$","E","R","E","T","M","M","?","M"],"build_version":"2019-01-23","purchased_purges":1,"victory":false,"max_hp_per_floor":[80,80,80,80,80,80,80,80,80,80,80,80,80,80,80,80,80,80,80,80,80,80,80,80,83,83,86,86,86,86],"card_choices":[{"not_picked":["Thunderclap","Twin Strike"],"picked":"Battle Trance","floor":1},{"not_picked":["Havoc","Heavy Blade"],"picked":"Cleave","floor":3},{"not_picked":["Sever Soul","Wild Strike"],"picked":"Headbutt","floor":4},{"not_picked":["Flex","Headbutt"],"picked":"Anger","floor":5},{"not_picked":["Sword Boomerang","Feel No Pain"],"picked":"Reaper","floor":6},{"not_picked":["Metallicize","Thunderclap"],"picked":"Spot Weakness","floor":8},{"not_picked":["Clash","Havoc"],"picked":"Spot Weakness","floor":10},{"not_picked":["Warcry","Clash"],"picked":"True Grit","floor":11},{"not_picked":["Anger","Uppercut"],"picked":"Battle Trance","floor":12},{"not_picked":["Double Tap","Offering"],"picked":"Exhume","floor":16},{"not_picked":["Perfected Strike","Hemokinesis"],"picked":"Twin Strike","floor":17},{"not_picked":["Clothesline","Armaments"],"picked":"Sword Boomerang","floor":17},{"not_picked":["Thunderclap","Headbutt"],"picked":"Spot Weakness","floor":18},{"not_picked":["Carnage","Pummel"],"picked":"Inflame","floor":20},{"not_picked":["Warcry","Corruption"],"picked":"Sword Boomerang+1","floor":21},{"not_picked":["Bloodletting+1","Sever Soul"],"picked":"Feed","floor":23},{"not_picked":["Flex","Clash"],"picked":"Sword Boomerang+1","floor":25},{"not_picked":["Body Slam","Whirlwind"],"picked":"Heavy Blade","floor":27},{"not_picked":["Bloodletting+1","Clothesline"],"picked":"Iron Wave","floor":28}],"player_experience":724168,"relics_obtained":[{"floor":6,"key":"Blood Vial"},{"floor":9,"key":"Art of War"},{"floor":11,"key":"Gremlin Horn"},{"floor":23,"key":"Old Coin"},{"floor":25,"key":"Paper Frog"},{"floor":26,"key":"Juzu Bracelet"}],"event_choices":[{"damage_healed":0,"gold_gain":0,"player_choice":"Paid Gold","damage_taken":0,"relics_obtained":["Magic Flower"],"max_hp_gain":0,"max_hp_loss":0,"event_name":"WeMeetAgain","floor":2,"gold_loss":71},{"damage_healed":0,"gold_gain":0,"player_choice":"Joined the Cult","damage_taken":6,"max_hp_gain":0,"max_hp_loss":0,"event_name":"Nest","floor":29,"gold_loss":0,"cards_obtained":["RitualDagger"]}],"is_beta":false,"boss_relics":[{"not_picked":["Runic Cube","Black Blood"],"picked":"Orrery"}],"items_purged_floors":[14],"is_endless":false,"potions_floor_spawned":[3,5,16,20,21],"killed_by":"Centurion and Healer","ascension_level":0}