{"gold_per_floor":[109,121,121,22,35,64,64,98,124,140,160,16,51,64,64,160,160,171,188,200,200,218,218,236,236,236,268,268,283,283,293,293,396,396,411,15,31,41,52,52,52,0,23,23,38,38,51,68,68,68],"floor_reached":50,"playtime":2757,"items_purged":["Regret"],"score":617,"play_id":"c91e8f4f-628c-4664-97f1-1a5e55ed5d05","local_time":"20180822162706","is_ascension_mode":true,"campfire_choices":[{"data":"Chill","floor":7,"key":"SMITH"},{"floor":15,"key":"REST"},{"floor":23,"key":"REST"},{"floor":25,"key":"REST"},{"floor":28,"key":"REST"},{"floor":30,"key":"REST"},{"data":"Rainbow","floor":32,"key":"SMITH"},{"floor":41,"key":"REST"},{"floor":44,"key":"REST"},{"data":"Redo","floor":46,"key":"SMITH"},{"floor":49,"key":"REST"}],"neow_cost":"NONE","seed_source_timestamp":484258642974394,"circlet_count":0,"master_deck":["Strike_B+1","Strike_B","Defend_B","Defend_B","Zap+1","Dualcast+1","Coolheaded+1","Sweeping Beam","Steam","Static Discharge","Chill+1","Cold Snap","Rainbow+1","Cold Snap","Doom and Gloom","Rainbow","Redo","Cold Snap+1","Thunder Strike","Echo Form+1","Coolheaded+1","Compile Driver+1","Conserve Battery","Stack","Redo+1","Doom and Gloom","Turbo","Stack+1","Conserve Battery","Turbo+1","Buffer","Leap+1","Go for the Eyes","Reprogram","Chill+1","Hologram","Scrape","Cold Snap+1","Redo+1","Ball Lightning"],"relics":["FrozenCore","Vajra","Oddly Smooth Stone","War Paint","Art of War","Ornamental Fan","Astrolabe","Whetstone","Lantern","Emotion Chip","Red Mask","Potion Belt"],"potions_floor_usage":[13,14,16,16,16,24,24,27,31,31,38,39,45,48,50,50],"damage_taken":[{"damage":3,"enemies":"Small Slimes","floor":1,"turns":4},{"damage":2,"enemies":"Jaw Worm","floor":2,"turns":3},{"damage":0,"enemies":"Cultist","floor":5,"turns":4},{"damage":25,"enemies":"Gremlin Nob","floor":6,"turns":4},{"damage":0,"enemies":"3 Sentries","floor":8,"turns":6},{"damage":1,"enemies":"Looter","floor":10,"turns":3},{"damage":0,"enemies":"Lots of Slimes","floor":11,"turns":2},{"damage":5,"enemies":"Gremlin Nob","floor":13,"turns":2},{"damage":2,"enemies":"Large Slime","floor":14,"turns":4},{"damage":25,"enemies":"The Guardian","floor":16,"turns":10},{"damage":5,"enemies":"Chosen","floor":18,"turns":4},{"damage":26,"enemies":"Shell Parasite","floor":19,"turns":5},{"damage":15,"enemies":"Snake Plant","floor":20,"turns":4},{"damage":12,"enemies":"Sentry and Sphere","floor":22,"turns":5},{"damage":0,"enemies":"3 Cultists","floor":24,"turns":3},{"damage":26,"enemies":"Book of Stabbing","floor":27,"turns":6},{"damage":17,"enemies":"Snecko","floor":29,"turns":5},{"damage":4,"enemies":"Chosen and Byrds","floor":31,"turns":6},{"damage":46,"enemies":"Champ","floor":33,"turns":11},{"damage":5,"enemies":"Orb Walker","floor":35,"turns":6},{"damage":28,"enemies":"3 Darklings","floor":37,"turns":9},{"damage":13,"enemies":"4 Shapes","floor":38,"turns":8},{"damage":25,"enemies":"Maw","floor":39,"turns":9},{"damage":7,"enemies":"Transient","floor":45,"turns":5},{"damage":26,"enemies":"3 Darklings","floor":47,"turns":9},{"damage":10,"enemies":"4 Shapes","floor":48,"turns":8},{"damage":44,"enemies":"Awakened One","floor":50,"turns":4}],"seed_played":"-1585893998289634143","potions_obtained":[{"floor":6,"key":"SmokeBomb"},{"floor":11,"key":"AttackPotion"},{"floor":13,"key":"SpeedPotion"},{"floor":14,"key":"EntropicBrew"},{"floor":16,"key":"SmokeBomb"},{"floor":19,"key":"PowerPotion"},{"floor":22,"key":"SkillPotion"},{"floor":24,"key":"Ancient Potion"},{"floor":29,"key":"EntropicBrew"},{"floor":38,"key":"Energy Potion"},{"floor":39,"key":"Dexterity Potion"},{"floor":45,"key":"Dexterity Potion"},{"floor":47,"key":"PowerPotion"}],"is_trial":false,"path_per_floor":["M","M","?","$","M","E","R","E","T","M","M","$","E","M","R","B",null,"M","M","M","?","M","R","M","R","T","E","R","M","R","M","R","B",null,"M","$","M","M","M","?","R","?","T","R","M","R","M","M","R"],"character_chosen":"DEFECT","items_purchased":["Steam","Doom and Gloom","Rainbow","Emotion Chip","Go for the Eyes","Reprogram"],"campfire_rested":8,"item_purchase_floors":[4,12,12,36,36,36],"current_hp_per_floor":[72,70,70,70,70,45,45,45,45,44,44,44,39,37,59,34,75,70,44,29,29,17,39,39,61,61,35,57,40,62,58,58,12,75,70,70,42,29,4,4,26,26,26,48,41,41,15,12,34,0],"gold":68,"neow_bonus":"UPGRADE_CARD","is_prod":false,"is_daily":false,"chose_seed":false,"campfire_upgraded":3,"win_rate":0,"timestamp":1534976826,"path_taken":["M","M","?","$","M","E","R","E","T","M","M","$","E","M","R","BOSS","M","M","M","?","M","R","M","R","T","E","R","M","R","M","R","BOSS","M","$","M","?","M","?","R","?","T","R","?","R","?","M","R","BOSS"],"build_version":"2018-08-16","purchased_purges":1,"victory":false,"max_hp_per_floor":[75,75,75,75,75,75,75,75,75,75,75,75,75,75,75,75,75,75,75,75,75,75,75,75,75,75,75,75,75,75,75,75,75,75,75,75,75,75,75,75,75,75,75,75,75,75,75,75,75,75],"card_choices":[{"not_picked":["Barrage","Hologram"],"picked":"Coolheaded","floor":1},{"not_picked":["Gash","Rebound"],"picked":"Sweeping Beam","floor":2},{"not_picked":["Conserve Battery","Aggregate"],"picked":"Static Discharge","floor":5},{"not_picked":["Undo","Blizzard"],"picked":"Chill","floor":6},{"not_picked":["Barrage","Steam"],"picked":"Cold Snap","floor":8},{"not_picked":["Glacier","Streamline"],"picked":"Rainbow","floor":10},{"not_picked":["Reinforced Body","Coolheaded"],"picked":"Cold Snap","floor":11},{"not_picked":["Double Energy","Ball Lightning"],"picked":"Redo","floor":13},{"not_picked":["Leap","Steam"],"picked":"Cold Snap","floor":14},{"not_picked":["Amplify","Fission"],"picked":"Thunder Strike","floor":16},{"not_picked":["Barrage+1","Stack"],"picked":"Conserve Battery","floor":18},{"not_picked":["Ball Lightning","Hologram+1"],"picked":"Stack","floor":19},{"not_picked":["Steam","Streamline"],"picked":"Redo","floor":20},{"not_picked":["Barrage","Recycle+1"],"picked":"Doom and Gloom","floor":22},{"not_picked":["Echo Form","Barrage+1"],"picked":"Turbo","floor":24},{"not_picked":["Rebound","Heatsinks"],"picked":"Stack+1","floor":27},{"not_picked":["Glacier","Consume"],"picked":"Conserve Battery","floor":29},{"not_picked":["Blizzard","Ball Lightning"],"picked":"Turbo+1","floor":31},{"not_picked":["All For One","Core Surge"],"picked":"Buffer","floor":33},{"not_picked":["Coolheaded","Force Field+1"],"picked":"Leap+1","floor":35},{"not_picked":["Redo","Melter+1"],"picked":"Chill+1","floor":37},{"not_picked":["Heatsinks","Barrage+1"],"picked":"Hologram","floor":38},{"not_picked":["Meteor Strike","Lockon+1"],"picked":"Scrape","floor":39},{"not_picked":["Gash+1","Consume+1"],"picked":"Cold Snap+1","floor":45},{"not_picked":["Melter","Sweeping Beam"],"picked":"Redo+1","floor":47},{"not_picked":["Conserve Battery","Cold Snap+1"],"picked":"Ball Lightning","floor":48}],"player_experience":311155,"relics_obtained":[{"floor":6,"key":"Oddly Smooth Stone"},{"floor":8,"key":"War Paint"},{"floor":9,"key":"Art of War"},{"floor":13,"key":"Ornamental Fan"},{"floor":26,"key":"Whetstone"},{"floor":27,"key":"Lantern"},{"floor":43,"key":"Potion Belt"}],"event_choices":[{"event_name":"Big Fish","player_choice":"Box","floor":3,"damage_taken":0},{"event_name":"Purifier","player_choice":"Skipped","floor":21,"damage_taken":0},{"event_name":"Falling","player_choice":"Removed Skill","floor":40,"damage_taken":0},{"event_name":"Tomb of Lord Red Mask","player_choice":"Paid","floor":42,"damage_taken":0}],"is_beta":false,"boss_relics":[{"not_picked":["Runic Dome","White Beast Statue"],"picked":"Astrolabe"},{"not_picked":["Sozu","Philosopher\u0027s Stone"],"picked":"FrozenCore"}],"items_purged_floors":[4],"is_endless":false,"potions_floor_spawned":[6,11,13,14,16,19,22,24,29,38,39,45,47],"killed_by":"Awakened One","ascension_level":2}