{"gold_per_floor":[117,127,202,221,221,221,233,233,233,233,233,233,248,248,248,353,353,364,384,62,81,96,96,96],"floor_reached":24,"playtime":777,"items_purged":[],"score":188,"play_id":"146fe328-c460-428f-8e4c-bcf98820fc1f","local_time":"20190402205732","is_ascension_mode":false,"campfire_choices":[{"data":"Hologram","floor":6.0,"key":"SMITH"},{"data":"Zap","floor":8.0,"key":"SMITH"},{"data":"Dualcast","floor":10,"key":"SMITH"},{"data":"Darkness","floor":12,"key":"SMITH"},{"data":"Steam","floor":15,"key":"SMITH"},{"floor":23,"key":"REST"}],"neow_cost":"NONE","seed_source_timestamp":1168816492428703,"circlet_count":0,"master_deck":["Strike_B","Strike_B","Strike_B","Defend_B","Defend_B","Defend_B","Defend_B","Zap+1","Dualcast+1","Hyperbeam","Hologram+1","Barrage","Barrage","BootSequence","Darkness+1","Cold Snap","Steam+1","BootSequence","All For One","Gash","Self Repair","Panache","Chill","Madness","Capacitor","Go for the Eyes"],"special_seed":0,"relics":["Cracked Core"],"potions_floor_usage":[22,22],"damage_taken":[{"damage":6.0,"enemies":"Jaw Worm","floor":1.0,"turns":2.0},{"damage":6.0,"enemies":"Cultist","floor":2.0,"turns":3.0},{"damage":0.0,"enemies":"Small Slimes","floor":4.0,"turns":1.0},{"damage":6.0,"enemies":"Exordium Thugs","floor":7.0,"turns":3.0},{"damage":2,"enemies":"3 Louse","floor":13,"turns":2},{"damage":29,"enemies":"Slime Boss","floor":16,"turns":8},{"damage":0,"enemies":"Spheric Guardian","floor":18,"turns":4},{"damage":25,"enemies":"Shell Parasite","floor":19,"turns":7},{"damage":7,"enemies":"Snake Plant","floor":21,"turns":6},{"damage":42,"enemies":"Cultist and Chosen","floor":22,"turns":7},{"damage":30,"enemies":"Snecko","floor":24,"turns":5}],"seed_played":"9174129932487814251","potions_obtained":[{"floor":2.0,"key":"Fire Potion"},{"floor":19,"key":"AttackPotion"}],"is_trial":false,"path_per_floor":["M","M","?","M","?","R","M","R","T","R","?","R","M","?","R","B",null,"M","M","$","M","M","R","M"],"character_chosen":"DEFECT","items_purchased":["Panache","Chill","Madness"],"campfire_rested":1,"item_purchase_floors":[20,20,20],"current_hp_per_floor":[69,63,52,52,75,75,69,69,69,69,69,69,67,67,67,38,75,75,50,50,43,8,30,0],"gold":96,"neow_bonus":"ONE_RANDOM_RARE_CARD","is_prod":false,"is_daily":false,"chose_seed":false,"campfire_upgraded":5,"win_rate":0,"timestamp":1554260252,"path_taken":["M","M","?","M","?","R","?","R","T","R","?","R","M","?","R","BOSS","M","M","$","M","M","R","M"],"build_version":"2019-01-23","purchased_purges":0,"victory":false,"max_hp_per_floor":[75,75,75,75,75,75,75,75,75,75,75,75,75,75,75,75,75,75,75,75,75,75,75,75],"card_choices":[{"not_picked":["Rebound","Turbo"],"picked":"Hologram","floor":1.0},{"not_picked":["Sunder","Beam Cell"],"picked":"Barrage","floor":2.0},{"not_picked":["Sunder","Reinforced Body"],"picked":"Barrage","floor":4.0},{"not_picked":["Rip and Tear","Genetic Algorithm"],"picked":"BootSequence","floor":7.0},{"not_picked":["Undo","Gash"],"picked":"Cold Snap","floor":13},{"not_picked":["Thunder Strike","Biased Cognition"],"picked":"All For One","floor":16},{"not_picked":["Hello World+1","Fusion","Gash"],"picked":"SKIP","floor":18},{"not_picked":["Hello World+1","Fusion"],"picked":"Gash","floor":18},{"not_picked":["Cold Snap+1","Scrape"],"picked":"Self Repair","floor":19},{"not_picked":["Genetic Algorithm","Hologram"],"picked":"Capacitor","floor":21},{"not_picked":["Reprogram","Sunder"],"picked":"Go for the Eyes","floor":22}],"player_experience":1742283,"relics_obtained":[],"event_choices":[{"damage_healed":0.0,"max_hp_gain":0.0,"max_hp_loss":0.0,"gold_gain":75.0,"event_name":"World of Goop","player_choice":"Gather Gold","floor":3.0,"gold_loss":0.0,"damage_taken":11.0},{"damage_healed":23.0,"max_hp_gain":0.0,"max_hp_loss":0.0,"gold_gain":0.0,"event_name":"Wheel of Change","player_choice":"Full Heal","floor":5.0,"gold_loss":0.0,"damage_taken":0.0},{"damage_healed":0,"gold_gain":0,"cards_transformed":["Strike_B"],"player_choice":"Change","damage_taken":0,"max_hp_gain":0,"max_hp_loss":0,"event_name":"Living Wall","floor":11,"gold_loss":0,"cards_obtained":["Darkness"]},{"damage_healed":0,"gold_gain":0,"player_choice":"2 cards matched","damage_taken":0,"max_hp_gain":0,"max_hp_loss":0,"event_name":"Match and Keep!","floor":14,"gold_loss":0,"cards_obtained":["Steam","BootSequence"]}],"is_beta":false,"boss_relics":[{"not_picked":["Empty Cage","White Beast Statue","Astrolabe"]}],"items_purged_floors":[],"is_endless":false,"potions_floor_spawned":[2,19],"killed_by":"Snecko","ascension_level":0}