{"path_per_floor":["M","M","?","M","M","R","M","$","T","R","M","R","M","M","R","B",null,"M","M"],"character_chosen":"IRONCLAD","items_purchased":["Havoc"],"gold_per_floor":[117,135,135,146,162,162,182,135,135,135,148,148,165,181,181,285,285,296,309],"floor_reached":20,"campfire_rested":1,"playtime":3242,"current_hp_per_floor":[75,79,79,80,66,66,53,53,53,53,55,55,57,49,73,54,80,61,30],"items_purged":[],"gold":309,"play_id":"8a3b1bcd-7672-4931-bcb5-9415a89ae68a","is_prod":false,"is_daily":false,"is_ascension_mode":false,"campfire_upgraded":3,"path_taken":["M","?","?","M","M","R","M","?","T","R","M","R","M","?","R","BOSS","M","M","M"],"build_version":"2018-01-25-PROD3","purchased_purges":0,"victory":false,"master_deck":["Strike_R","Strike_R","Strike_R","Strike_R","Strike_R","Defend_R","Defend_R","Defend_R","Defend_R","Bash","Perfected Strike","Armaments","Sentinel","Decay","Perfected Strike+1","Havoc+1","Havoc+1","Havoc","Hemokinesis","Heavy Blade","Double Tap","Bludgeon","Clash","Infernal Blade","Evolve","Pommel Strike","Wild Strike","Clothesline","Shrug It Off"],"max_hp_per_floor":[80,80,80,80,80,80,80,80,80,80,80,80,80,80,80,80,80,80,80],"relics":["Burning Blood","Matryoshka","Orrery"],"card_choices":[{"not_picked":["Uppercut","Headbutt"],"picked":"Perfected Strike"},{"not_picked":["Flex","Sword Boomerang"],"picked":"Armaments"},{"not_picked":["Clothesline","Berserk"],"picked":"Sentinel"},{"not_picked":["Fire Breathing","Clash"],"picked":"Perfected Strike"},{"not_picked":["Thunderclap","Power Through"],"picked":"Havoc"},{"not_picked":["Uppercut","Sword Boomerang"],"picked":"Havoc"},{"not_picked":["Clash","Body Slam"],"picked":"Hemokinesis"},{"not_picked":["True Grit","Body Slam"],"picked":"Heavy Blade"},{"not_picked":["Clothesline","Body Slam"],"picked":"Double Tap"},{"not_picked":["Reaper","Barricade"],"picked":"Bludgeon"},{"not_picked":["Twin Strike","Heavy Blade"],"picked":"Clash"},{"not_picked":["Heavy Blade","Spot Weakness"],"picked":"Infernal Blade"},{"not_picked":["Disarm","Flex"],"picked":"Evolve"},{"not_picked":["Havoc","Rage"],"picked":"Pommel Strike"},{"not_picked":["Clothesline","Rupture"],"picked":"Wild Strike"},{"not_picked":["Flex","Sword Boomerang"],"picked":"Clothesline"},{"not_picked":["Twin Strike","Dual Wield"],"picked":"Shrug It Off"}],"player_experience":76287,"potions_floor_usage":[16,19,20],"damage_taken":[{"damage":11,"enemies":"Blue Slaver","floor":1,"turns":4},{"damage":2,"enemies":"Small Slimes","floor":2,"turns":3},{"damage":1,"enemies":"Cultist","floor":4,"turns":3},{"damage":20,"enemies":"Exordium Thugs","floor":5,"turns":4},{"damage":19,"enemies":"Lots of Slimes","floor":7,"turns":6},{"damage":4,"enemies":"Exordium Wildlife","floor":11,"turns":3},{"damage":4,"enemies":"2 Fungi Beasts","floor":13,"turns":2},{"damage":14,"enemies":"Lots of Slimes","floor":14,"turns":4},{"damage":25,"enemies":"Slime Boss","floor":16,"turns":8},{"damage":25,"enemies":"Shell Parasite","floor":18,"turns":3},{"damage":37,"enemies":"3 Byrds","floor":19,"turns":6},{"damage":31,"enemies":"Sentry and Sphere","floor":20,"turns":3}],"event_choices":[{"event_name":"Wheel of Change","player_choice":"Curse","floor":3,"damage_taken":0}],"boss_relics":[{"not_picked":["Runic Pyramid","Runic Dome"],"picked":"Orrery"}],"potions_floor_spawned":[2,4,13,14,16,18],"seed_played":"-6295517613081934726","killed_by":"Sentry and Sphere","ascension_level":0,"is_trial":false}