{"gold_per_floor":[110,385,405,420,0,0,32,32,59,74,103,114,137,148,148,253,253,267,285,230,33,45,45],"floor_reached":23,"playtime":864,"items_purged":[],"score":305,"play_id":"f0e65ca1-9eef-4193-aa99-4bb2253577db","local_time":"20190117001241","is_ascension_mode":true,"campfire_choices":[{"data":"Tempest","floor":6.0,"key":"SMITH"},{"data":"Self Repair","floor":8.0,"key":"SMITH"},{"floor":15.0,"key":"REST"}],"neow_cost":"NONE","seed_source_timestamp":0,"circlet_count":0,"master_deck":["AscendersBane","Strike_B","Strike_B","Strike_B","Strike_B","Defend_B","Defend_B","Defend_B","Defend_B","Zap","Dualcast","Machine Learning","Redo","Regret","Tempest+1","Self Repair+1","Blizzard","Seek","Conserve Battery","Consume","Conserve Battery","Loop","Cold Snap","Multi-Cast","Tempest","Capacitor","Chill","Glacier"],"special_seed":0,"relics":["Cracked Core","PreservedInsect","Chemical X","Pen Nib","Orichalcum","Bird Faced Urn","Odd Mushroom","Black Star","Tiny Chest"],"potions_floor_usage":[23,23],"damage_taken":[{"damage":8.0,"enemies":"Jaw Worm","floor":1.0,"turns":4.0},{"damage":8.0,"enemies":"Cultist","floor":3.0,"turns":3.0},{"damage":8.0,"enemies":"2 Louse","floor":4.0,"turns":3.0},{"damage":18.0,"enemies":"Gremlin Nob","floor":7.0,"turns":3.0},{"damage":0.0,"enemies":"2 Fungi Beasts","floor":10.0,"turns":2.0},{"damage":14.0,"enemies":"3 Sentries","floor":11.0,"turns":5.0},{"damage":4.0,"enemies":"Looter","floor":12.0,"turns":3.0},{"damage":19.0,"enemies":"The Mushroom Lair","floor":13.0,"turns":3.0},{"damage":14.0,"enemies":"Large Slime","floor":14.0,"turns":3.0},{"damage":36.0,"enemies":"Slime Boss","floor":16.0,"turns":8.0},{"damage":15.0,"enemies":"Chosen","floor":18.0,"turns":5.0},{"damage":35.0,"enemies":"2 Thieves","floor":19.0,"turns":3.0},{"damage":26,"enemies":"Snake Plant","floor":22,"turns":4},{"damage":41,"enemies":"Book of Stabbing","floor":23,"turns":7}],"seed_played":"-6939939238688932724","potions_obtained":[{"floor":3.0,"key":"Swift Potion"},{"floor":4.0,"key":"PowerPotion"},{"floor":11.0,"key":"AttackPotion"},{"floor":14.0,"key":"EntropicBrew"},{"floor":16.0,"key":"PowerPotion"},{"floor":22,"key":"Swift Potion"}],"is_trial":false,"path_per_floor":["M","?","M","M","$","R","E","R","T","M","E","M","?","M","R","B",null,"M","M","?","$","M","E"],"character_chosen":"DEFECT","items_purchased":["PreservedInsect","Chemical X","Blizzard","Capacitor","PowerPotion","Chill"],"campfire_rested":1,"item_purchase_floors":[5,5,5,21,21,21],"current_hp_per_floor":[60,60,52,44,44,44,26,26,26,36,32,40,33,35,57,41,67,66,45,45,45,33,0],"gold":45,"neow_bonus":"ONE_RANDOM_RARE_CARD","is_prod":false,"is_daily":false,"chose_seed":false,"campfire_upgraded":2,"win_rate":0,"timestamp":1547701961,"path_taken":["M","?","M","?","$","R","E","R","T","?","E","M","?","M","R","BOSS","M","M","?","$","M","E"],"build_version":"2019-01-16","purchased_purges":0,"victory":false,"max_hp_per_floor":[75,75,75,75,75,75,75,75,75,75,75,75,75,75,75,75,75,75,75,75,75,75,75],"card_choices":[{"not_picked":["FTL","Go for the Eyes"],"picked":"Redo","floor":1.0},{"not_picked":["Sweeping Beam","Lockon"],"picked":"Tempest","floor":3.0},{"not_picked":["Doom and Gloom","Compile Driver"],"picked":"Self Repair","floor":4.0},{"not_picked":["Conserve Battery","Leap"],"picked":"Seek","floor":7.0},{"not_picked":["Ball Lightning","Heatsinks"],"picked":"Conserve Battery","floor":10.0},{"not_picked":["Leap","Fusion"],"picked":"Consume","floor":11.0},{"not_picked":["Compile Driver","Beam Cell"],"picked":"Conserve Battery","floor":12.0},{"not_picked":["Gash","Sweeping Beam"],"picked":"Loop","floor":13.0},{"not_picked":["Sweeping Beam","Undo"],"picked":"Cold Snap","floor":14.0},{"not_picked":["Rainbow","Machine Learning"],"picked":"Multi-Cast","floor":16.0},{"not_picked":["Loop","Consume"],"picked":"Tempest","floor":18.0},{"not_picked":["Ball Lightning","Force Field","Gash"],"picked":"SKIP","floor":19.0},{"not_picked":["Ball Lightning","Doom and Gloom"],"picked":"Glacier","floor":22}],"player_experience":510230,"relics_obtained":[{"floor":7.0,"key":"Pen Nib"},{"floor":9.0,"key":"Orichalcum"},{"floor":11.0,"key":"Bird Faced Urn"},{"floor":13.0,"key":"Odd Mushroom"}],"event_choices":[{"damage_healed":0.0,"max_hp_gain":0.0,"max_hp_loss":0.0,"gold_gain":275.0,"event_name":"Golden Shrine","player_choice":"Desecrate","floor":2.0,"gold_loss":0.0,"damage_taken":0.0,"cards_obtained":["Regret"]},{"damage_healed":0.0,"max_hp_gain":0.0,"max_hp_loss":0.0,"gold_gain":0.0,"event_name":"Mushrooms","player_choice":"Fought Mushrooms","floor":13.0,"gold_loss":0.0,"damage_taken":0.0},{"damage_healed":0.0,"max_hp_gain":0.0,"max_hp_loss":0.0,"gold_gain":0.0,"event_name":"Addict","player_choice":"Obtained Relic","floor":20.0,"gold_loss":85.0,"damage_taken":0.0,"relics_obtained":["Tiny Chest"]}],"is_beta":true,"boss_relics":[{"not_picked":["Philosopher\u0027s Stone","Sozu"],"picked":"Black Star"}],"items_purged_floors":[],"is_endless":false,"potions_floor_spawned":[3,4,11,14,16,22],"killed_by":"Book of Stabbing","ascension_level":10}