{"gold_per_floor":[109,109,124,43,43,69,69,104,104,131,131,149,224,23,23,23],"floor_reached":16,"playtime":877,"items_purged":[],"score":122,"play_id":"23456975-cfa1-4b01-b0f6-cb8f6e958e34","local_time":"20181026131216","is_ascension_mode":true,"campfire_choices":[{"data":"A Thousand Cuts","floor":7,"key":"SMITH"},{"data":"Accuracy","floor":11,"key":"SMITH"},{"floor":15,"key":"REST"}],"neow_cost":"NONE","seed_source_timestamp":1365952980055727,"circlet_count":0,"master_deck":["Defend_G","Defend_G+1","Defend_G","Defend_G","Defend_G","Strike_G","Strike_G","Strike_G","Strike_G","Strike_G+1","Survivor+1","Neutralize","Slice","Escape Plan","Accuracy+1","A Thousand Cuts+1","Accuracy","Slice","Prepared","Blade Dance"],"relics":["Busted Crown","Matryoshka","Dream Catcher","Paper Crane","Sundial","Omamori","Orichalcum"],"potions_floor_usage":[16,16],"damage_taken":[{"damage":0,"enemies":"Jaw Worm","floor":1,"turns":5},{"damage":0,"enemies":"Cultist","floor":3,"turns":4},{"damage":16,"enemies":"Lagavulin","floor":6,"turns":9},{"damage":20,"enemies":"3 Sentries","floor":8,"turns":5},{"damage":1,"enemies":"Lagavulin","floor":10,"turns":6},{"damage":0,"enemies":"2 Louse","floor":12,"turns":2},{"damage":29,"enemies":"Slime Boss","floor":16,"turns":3}],"seed_played":"-8909671466547302184","potions_obtained":[{"floor":3,"key":"Energy Potion"},{"floor":10,"key":"Dexterity Potion"},{"floor":12,"key":"SteroidPotion"}],"is_trial":false,"path_per_floor":["M","?","M","$","?","E","R","E","T","E","R","M","?","$","R"],"character_chosen":"THE_SILENT","items_purchased":["Accuracy","Orichalcum","Prepared"],"campfire_rested":1,"item_purchase_floors":[4,14,14],"current_hp_per_floor":[70,70,70,70,56,40,40,20,20,19,19,19,8,8,29,0],"gold":23,"neow_bonus":"BOSS_RELIC","is_prod":false,"is_daily":false,"chose_seed":false,"campfire_upgraded":2,"win_rate":0,"timestamp":1540581136,"path_taken":["M","?","M","$","?","E","R","E","T","E","R","M","?","$","R","BOSS"],"build_version":"2018-10-25v2","purchased_purges":0,"victory":false,"max_hp_per_floor":[70,70,70,70,70,70,70,70,70,70,70,70,70,70,70,70],"card_choices":[{"not_picked":[],"picked":"Slice","floor":1},{"not_picked":[],"picked":"Escape Plan","floor":3},{"not_picked":[],"picked":"A Thousand Cuts","floor":6},{"not_picked":["Heel Hook"],"picked":"SKIP","floor":8},{"not_picked":[],"picked":"Accuracy","floor":10},{"not_picked":[],"picked":"Slice","floor":12},{"not_picked":[],"picked":"Blade Dance","floor":15}],"player_experience":865707,"relics_obtained":[{"floor":6,"key":"Matryoshka"},{"floor":8,"key":"Dream Catcher"},{"floor":9,"key":"Paper Crane"},{"floor":9,"key":"Sundial"},{"floor":10,"key":"Omamori"}],"event_choices":[{"damage_healed":0,"gold_gain":0,"player_choice":"Upgraded","damage_taken":0,"max_hp_gain":0,"max_hp_loss":0,"event_name":"Upgrade Shrine","floor":2,"gold_loss":0,"cards_upgraded":["Survivor"]},{"damage_healed":0,"gold_gain":0,"player_choice":"Entered Light","damage_taken":14,"max_hp_gain":0,"max_hp_loss":0,"event_name":"Shining Light","floor":5,"gold_loss":0,"cards_upgraded":["Strike_G","Defend_G"]},{"damage_healed":0,"gold_gain":75,"player_choice":"Gather Gold","damage_taken":11,"max_hp_gain":0,"max_hp_loss":0,"event_name":"World of Goop","floor":13,"gold_loss":0}],"is_beta":false,"boss_relics":[],"items_purged_floors":[],"is_endless":false,"potions_floor_spawned":[3,10,12],"killed_by":"Slime Boss","ascension_level":1}