{"gold_per_floor":[112,112,130,25,43,43,77,77,77,88,105,105,135,147,147,248,248,248,74,74,74,74,74,74,74,74,74,74,74,74],"floor_reached":30,"playtime":1275,"items_purged":[],"score":458,"play_id":"b3ee162f-7918-4559-ab1d-ef9051b6a4ad","local_time":"20181110154811","is_ascension_mode":true,"campfire_choices":[{"data":"Armaments","floor":6,"key":"SMITH"},{"data":"1","floor":8,"key":"LIFT"},{"data":"2","floor":12,"key":"LIFT"},{"floor":15,"key":"REST"},{"floor":27,"key":"REST"}],"neow_cost":"NONE","seed_source_timestamp":2674542047028198,"circlet_count":0,"master_deck":["AscendersBane","Strike_R","Strike_R","Strike_R","Strike_R","Defend_R","Defend_R","Defend_R","Defend_R","Bash","Dramatic Entrance","Searing Blow","Corruption","Spot Weakness","Shrug It Off","Armaments+1","Double Tap","Burning Pact","Sentinel","Power Through","Reckless Charge","Barricade","Inflame","Apotheosis","Body Slam","Inflame+1","Rage","Armaments+1","Heavy Blade","Second Wind+1","Feel No Pain","Flame Barrier"],"relics":["Burning Blood","Girya","Ornamental Fan","Charon\u0027s Ashes","Ectoplasm","Vajra","StoneCalendar","Blue Candle"],"potions_floor_usage":[7,10,13,20,22,23,23,29,30],"damage_taken":[{"damage":4,"enemies":"Jaw Worm","floor":1,"turns":3},{"damage":1,"enemies":"Cultist","floor":3,"turns":4},{"damage":7,"enemies":"Small Slimes","floor":5,"turns":5},{"damage":31,"enemies":"Gremlin Nob","floor":7,"turns":5},{"damage":0,"enemies":"Looter","floor":10,"turns":1},{"damage":11,"enemies":"Blue Slaver","floor":11,"turns":4},{"damage":15,"enemies":"3 Sentries","floor":13,"turns":10},{"damage":5,"enemies":"Red Slaver","floor":14,"turns":2},{"damage":68,"enemies":"Hexaghost","floor":16,"turns":13},{"damage":15,"enemies":"3 Byrds","floor":18,"turns":6},{"damage":5,"enemies":"Chosen","floor":20,"turns":6},{"damage":7,"enemies":"Snecko","floor":21,"turns":5},{"damage":13,"enemies":"Snake Plant","floor":22,"turns":5},{"damage":10,"enemies":"Slavers","floor":23,"turns":4},{"damage":17,"enemies":"Cultist and Chosen","floor":24,"turns":9},{"damage":17,"enemies":"Shelled Parasite and Fungi","floor":25,"turns":4},{"damage":37,"enemies":"Book of Stabbing","floor":28,"turns":5},{"damage":7,"enemies":"Snecko","floor":29,"turns":4},{"damage":13,"enemies":"3 Cultists","floor":30,"turns":3}],"seed_played":"-6908787425336776566","potions_obtained":[{"floor":1,"key":"Strength Potion"},{"floor":5,"key":"Poison Potion"},{"floor":7,"key":"Fire Potion"},{"floor":11,"key":"PowerPotion"},{"floor":18,"key":"EssenceOfSteel"},{"floor":20,"key":"Weak Potion"},{"floor":22,"key":"EssenceOfSteel"},{"floor":28,"key":"Energy Potion"},{"floor":29,"key":"LiquidBronze"}],"is_trial":false,"path_per_floor":["M","?","M","$","M","R","E","R","T","M","M","R","E","M","R","B",null,"M","$","M","M","M","E","M","M","T","R","E","M","M"],"character_chosen":"IRONCLAD","items_purchased":["Shrug It Off","Armaments","Apotheosis"],"campfire_rested":2,"item_purchase_floors":[4,4,19],"current_hp_per_floor":[74,74,79,79,78,78,53,53,53,59,54,54,45,46,70,8,62,53,53,54,53,46,42,31,20,20,44,13,12,0],"gold":74,"neow_bonus":"RANDOM_COLORLESS","is_prod":false,"is_daily":false,"chose_seed":false,"campfire_upgraded":1,"win_rate":0,"timestamp":1541890091,"path_taken":["M","?","M","$","M","R","E","R","T","M","M","R","E","M","R","BOSS","M","$","M","M","M","E","M","M","T","R","E","?","M"],"build_version":"2018-11-08","purchased_purges":0,"victory":false,"max_hp_per_floor":[80,80,80,80,80,80,80,80,80,80,80,80,80,80,80,80,80,80,80,80,80,80,80,80,80,80,80,80,80,80],"card_choices":[{"not_picked":["Wild Strike","Twin Strike"],"picked":"Searing Blow","floor":1},{"not_picked":["Combust","Searing Blow"],"picked":"Spot Weakness","floor":3},{"not_picked":["Anger","Havoc","Carnage"],"picked":"SKIP","floor":5},{"not_picked":["Headbutt","Fire Breathing"],"picked":"Double Tap","floor":7},{"not_picked":["Bloodletting","Corruption"],"picked":"Burning Pact","floor":10},{"not_picked":["Evolve","Thunderclap"],"picked":"Sentinel","floor":11},{"not_picked":["Juggernaut","Anger"],"picked":"Power Through","floor":13},{"not_picked":["Thunderclap","Heavy Blade"],"picked":"Reckless Charge","floor":14},{"not_picked":["Double Tap","Berserk"],"picked":"Barricade","floor":16},{"not_picked":["Clothesline","Thunderclap"],"picked":"Inflame","floor":18},{"not_picked":["Sever Soul","Iron Wave"],"picked":"Body Slam","floor":20},{"not_picked":["Rage","Perfected Strike+1"],"picked":"Inflame+1","floor":21},{"not_picked":["Uppercut","Wild Strike+1"],"picked":"Rage","floor":22},{"not_picked":["Battle Trance","Immolate"],"picked":"Armaments+1","floor":23},{"not_picked":["Pommel Strike","Havoc"],"picked":"Heavy Blade","floor":24},{"not_picked":["Headbutt","Flame Barrier"],"picked":"Second Wind+1","floor":25},{"not_picked":["Heavy Blade","Thunderclap"],"picked":"Feel No Pain","floor":28},{"not_picked":["Juggernaut","Clash+1"],"picked":"Flame Barrier","floor":29}],"player_experience":1042924,"relics_obtained":[{"floor":7,"key":"Girya"},{"floor":9,"key":"Ornamental Fan"},{"floor":13,"key":"Charon\u0027s Ashes"},{"floor":23,"key":"Vajra"},{"floor":26,"key":"StoneCalendar"},{"floor":28,"key":"Blue Candle"}],"event_choices":[{"damage_healed":0,"gold_gain":0,"cards_transformed":["Strike_R"],"player_choice":"Transformed","damage_taken":0,"max_hp_gain":0,"max_hp_loss":0,"event_name":"Transmorgrifier","floor":2,"gold_loss":0,"cards_obtained":["Corruption"]}],"is_beta":false,"boss_relics":[{"not_picked":["Tiny House","Empty Cage"],"picked":"Ectoplasm"}],"items_purged_floors":[],"is_endless":false,"potions_floor_spawned":[1,5,7,11,18,20,22,28,29],"killed_by":"3 Cultists","ascension_level":12}