{"gold_per_floor":[213,230,44,44,58,91,0,0,47,47,67,86,86,101,101,227,227,252,252,16,16,37,73,86,104,131,131,131,149,149,165,165,294,294,310,65,65,84,98,98,7,7],"floor_reached":42,"playtime":3067,"items_purged":[],"score":495,"play_id":"0f54081e-7699-4502-adcb-d3739021987d","local_time":"20180731025156","is_ascension_mode":false,"campfire_choices":[{"floor":8,"key":"REST"},{"data":"Mind Blast","floor":10,"key":"SMITH"},{"data":"Backstab","floor":13,"key":"SMITH"},{"data":"Footwork","floor":15,"key":"SMITH"},{"data":"Infinite Blades","floor":28,"key":"SMITH"},{"floor":32,"key":"REST"},{"floor":40,"key":"REST"}],"neow_cost":"NONE","seed_source_timestamp":375485237451003,"circlet_count":0,"master_deck":["Defend_G+1","Defend_G+1","Defend_G+1","Defend_G+1","Defend_G+1","Strike_G+1","Strike_G+1","Strike_G+1","Strike_G+1","Strike_G+1","Survivor","Neutralize","Deflect","Dagger Spray","Deflect","Mind Blast+1","Dagger Spray","Injury","Backstab+1","Footwork+1","Finesse","Quick Slash","Poisoned Stab","Quick Slash","A Thousand Cuts","Backflip","Acrobatics","Deflect","Prepared","Distraction","Deadly Poison","Well Laid Plans","Panacea","Quick Slash","Outmaneuver+1","Bane","Noxious Fumes","Infinite Blades+1","Dagger Spray","RitualDagger","Tools of the Trade","Adrenaline","Writhe","Injury","Writhe","Eviscerate+1","Poisoned Stab+1","Flying Knee","Infinite Blades","Deadly Poison","Poisoned Stab","Dodge and Roll","Purity","Bandage Up","Flying Knee+1","Outmaneuver+1","Deflect+1","Dash+1","Mind Blast"],"relics":["Ring of the Snake","Golden Idol","Happy Flower","Strawberry","Orrery","Letter Opener","Centennial Puzzle","Calling Bell","Omamori","Singing Bowl","Prayer Wheel"],"potions_floor_usage":[6,12,16,16,23,24,33],"damage_taken":[{"damage":2,"enemies":"Cultist","floor":1,"turns":4},{"damage":3,"enemies":"Small Slimes","floor":2,"turns":4},{"damage":0,"enemies":"2 Louse","floor":5,"turns":3},{"damage":27,"enemies":"Gremlin Nob","floor":6,"turns":6},{"damage":9,"enemies":"Exordium Thugs","floor":11,"turns":4},{"damage":0,"enemies":"2 Fungi Beasts","floor":12,"turns":1},{"damage":5,"enemies":"Exordium Wildlife","floor":14,"turns":5},{"damage":32,"enemies":"Hexaghost","floor":16,"turns":13},{"damage":16,"enemies":"Spheric Guardian","floor":18,"turns":4},{"damage":5,"enemies":"Chosen","floor":22,"turns":5},{"damage":5,"enemies":"Slavers","floor":23,"turns":5},{"damage":0,"enemies":"Snecko","floor":24,"turns":5},{"damage":20,"enemies":"Slaver and Parasite","floor":25,"turns":6},{"damage":5,"enemies":"3 Cultists","floor":29,"turns":4},{"damage":11,"enemies":"Centurion and Healer","floor":31,"turns":6},{"damage":39,"enemies":"Automaton","floor":33,"turns":11},{"damage":7,"enemies":"Flame Bruiser 1 Orb","floor":35,"turns":5},{"damage":21,"enemies":"3 Shapes","floor":38,"turns":3},{"damage":46,"enemies":"Maw","floor":39,"turns":8},{"damage":54,"enemies":"Transient","floor":42,"turns":4}],"seed_played":"-3749821165229902840","potions_obtained":[{"floor":1,"key":"GhostInAJar"},{"floor":11,"key":"AttackPotion"},{"floor":12,"key":"GamblersBrew"},{"floor":14,"key":"SkillPotion"},{"floor":22,"key":"Explosive Potion"},{"floor":23,"key":"Poison Potion"},{"floor":31,"key":"Dexterity Potion"}],"is_trial":false,"path_per_floor":["M","M","$","?","M","E","$","R","T","R","M","M","R","M","R","B",null,"M","?","$","?","M","E","M","M","T","?","R","M","?","M","R","B",null,"M","$","?","M","M","R","$"],"character_chosen":"THE_SILENT","items_purchased":["Deflect","Mind Blast","Dagger Spray","Finesse","Deadly Poison","Well Laid Plans","Panacea","Quick Slash","Flying Knee","Infinite Blades","Deadly Poison","Poisoned Stab","Dodge and Roll","Mind Blast"],"campfire_rested":3,"item_purchase_floors":[3,3,3,7,20,20,20,20,36,36,36,36,36,41],"current_hp_per_floor":[68,65,65,65,65,38,38,59,66,66,57,57,57,52,52,20,77,61,77,77,77,72,67,67,47,47,47,47,42,36,25,48,9,77,70,70,65,48,6,29,29,0],"gold":7,"neow_bonus":"HUNDRED_GOLD","is_prod":false,"is_daily":false,"chose_seed":false,"campfire_upgraded":4,"win_rate":0.0,"timestamp":1533027116,"path_taken":["M","?","$","?","M","E","?","R","T","R","M","M","R","M","R","BOSS","M","?","$","?","M","E","M","M","T","?","R","M","?","M","R","BOSS","M","$","?","M","?","R","?","M"],"build_version":"2018-07-26","purchased_purges":0,"victory":false,"max_hp_per_floor":[70,70,70,70,70,70,70,70,77,77,77,77,77,77,77,77,77,77,77,77,77,77,77,77,77,77,77,77,77,77,77,77,77,77,77,77,77,77,77,77,77,77],"card_choices":[{"not_picked":["Endless Agony","Eviscerate"],"picked":"Deflect","floor":1},{"not_picked":["Blur","PiercingWail"],"picked":"Dagger Spray","floor":2},{"not_picked":["Prepared","Blade Dance"],"picked":"Backstab","floor":5},{"not_picked":["Prepared","Infinite Blades"],"picked":"Footwork","floor":6},{"not_picked":["Deadly Poison","Crippling Poison"],"picked":"Quick Slash","floor":11},{"not_picked":["Dagger Throw","Dodge and Roll"],"picked":"Poisoned Stab","floor":12},{"not_picked":["Heel Hook","Prepared"],"picked":"Quick Slash","floor":14},{"not_picked":["Corpse Explosion","Envenom"],"picked":"A Thousand Cuts","floor":16},{"not_picked":["Predator","PiercingWail"],"picked":"Backflip","floor":17},{"not_picked":["PiercingWail","Bane"],"picked":"Acrobatics","floor":17},{"not_picked":["Dodge and Roll","Poisoned Stab"],"picked":"Deflect","floor":17},{"not_picked":["Tactician","Bouncing Flask"],"picked":"Prepared","floor":17},{"not_picked":["PiercingWail","Deadly Poison"],"picked":"Distraction","floor":17},{"not_picked":["Quick Slash","Heel Hook"],"picked":"Riddle With Holes+1","floor":18},{"not_picked":["Crippling Poison","Dagger Throw"],"picked":"Outmaneuver+1","floor":22},{"not_picked":["Bouncing Flask","All Out Attack"],"picked":"Bane","floor":23},{"not_picked":["Quick Slash","Expertise"],"picked":"Noxious Fumes","floor":24},{"not_picked":["Riddle With Holes","Outmaneuver"],"picked":"Infinite Blades","floor":25},{"not_picked":["Escape Plan","Poisoned Stab"],"picked":"Dagger Spray","floor":29},{"not_picked":["PiercingWail","Outmaneuver"],"picked":"Tools of the Trade","floor":31},{"not_picked":["Unload","Burst"],"picked":"Adrenaline","floor":33},{"not_picked":["Crippling Poison","Terror"],"picked":"Eviscerate+1","floor":35},{"not_picked":["Footwork+1","Leg Sweep+1"],"picked":"Poisoned Stab+1","floor":35},{"not_picked":["Master of Strategy","Dark Shackles"],"picked":"Purity","floor":37},{"not_picked":["Master of Strategy","Trip"],"picked":"Bandage Up","floor":37},{"not_picked":["Underhanded Strike+1","Deflect"],"picked":"Flying Knee+1","floor":38},{"not_picked":["Well Laid Plans","Blur"],"picked":"Outmaneuver+1","floor":38},{"not_picked":["PiercingWail+1","Quick Slash"],"picked":"Deflect+1","floor":39},{"not_picked":["Prepared","All Out Attack"],"picked":"Dash+1","floor":39}],"player_experience":123454,"relics_obtained":[{"floor":6,"key":"Happy Flower"},{"floor":9,"key":"Strawberry"},{"floor":23,"key":"Letter Opener"},{"floor":26,"key":"Centennial Puzzle"},{"floor":34,"key":"Omamori"},{"floor":34,"key":"Singing Bowl"},{"floor":34,"key":"Prayer Wheel"}],"event_choices":[{"event_name":"Golden Idol","player_choice":"Take Wound","floor":4,"damage_taken":0},{"event_name":"Bonfire Elementals","player_choice":"UNCOMMON","floor":19,"damage_taken":0},{"event_name":"Addict","player_choice":"Ignored","floor":21,"damage_taken":0},{"event_name":"Back to Basics","player_choice":"Simplicity","floor":27,"damage_taken":0},{"event_name":"Nest","player_choice":"Joined the Cult","floor":30,"damage_taken":0},{"event_name":"SensoryStone","player_choice":"Memory 2","floor":37,"damage_taken":0}],"is_beta":false,"boss_relics":[{"not_picked":["Tiny House","Snecko Eye"],"picked":"Orrery"},{"not_picked":["Astrolabe","Lizard Tail"],"picked":"Calling Bell"}],"items_purged_floors":[],"is_endless":false,"potions_floor_spawned":[1,11,12,14,22,23,31],"killed_by":"Transient","ascension_level":0}