{"gold_per_floor":[112,112,130,150,163,195,211,211,211,211,237,253,283,283,283,377,377,402,415,415,434,212,251,269,269,269,294,294,337,358,374,374,464,464,483,608,671,692,992,992,1026,1026,1104,1135,1153,1189,1214,417,417,417],"floor_reached":51,"playtime":17122,"items_purged":["Strike_R","Strike_R"],"score":1498,"play_id":"909d942e-008e-40ec-a121-1a69b816adae","local_time":"20190409205417","is_ascension_mode":true,"campfire_choices":[{"floor":10,"key":"REST"},{"floor":15,"key":"REST"},{"data":"Limit Break","floor":25,"key":"SMITH"},{"data":"Clothesline","floor":28,"key":"SMITH"},{"data":"Spot Weakness","floor":32,"key":"SMITH"},{"floor":40,"key":"DIG"},{"floor":42,"key":"DIG"},{"floor":49,"key":"DIG"}],"neow_cost":"NONE","seed_source_timestamp":2134376709170849,"circlet_count":0,"master_deck":["AscendersBane","Strike_R","Strike_R+1","Strike_R+1","Defend_R+1","Defend_R","Defend_R","Defend_R","Bash+1","Shrug It Off","Headbutt","Metallicize","Headbutt","Reaper","Shrug It Off+1","Clothesline+1","Twin Strike","Limit Break+1","Battle Trance","Spot Weakness+1","Disarm","Offering+1","Pummel+1","Shrug It Off+1","Shrug It Off+1","Inflame"],"relics":["Burning Blood","Oddly Smooth Stone","War Paint","Torii","Bird Faced Urn","Golden Idol","Busted Crown","Happy Flower","Vajra","Lantern","Gremlin Horn","Boot","Black Star","Shovel","Prayer Wheel","Molten Egg 2","Sundial","Shuriken","Toxic Egg 2","Dodecahedron","Pen Nib","Bottled Lightning","Ice Cream","Unceasing Top","Thread and Needle","Pear","Art of War"],"potions_floor_usage":[6,13,50,50],"damage_taken":[{"damage":0,"enemies":"Small Slimes","floor":1,"turns":3},{"damage":0,"enemies":"2 Louse","floor":3,"turns":3},{"damage":1,"enemies":"Cultist","floor":4,"turns":3},{"damage":12,"enemies":"2 Fungi Beasts","floor":5,"turns":4},{"damage":29,"enemies":"Gremlin Nob","floor":6,"turns":4},{"damage":5,"enemies":"Large Slime","floor":7,"turns":5},{"damage":16,"enemies":"3 Sentries","floor":11,"turns":12},{"damage":12,"enemies":"Looter","floor":12,"turns":4},{"damage":13,"enemies":"Lagavulin","floor":13,"turns":10},{"damage":12,"enemies":"The Guardian","floor":16,"turns":18},{"damage":11,"enemies":"2 Thieves","floor":18,"turns":4},{"damage":4,"enemies":"3 Byrds","floor":19,"turns":7},{"damage":2,"enemies":"Shelled Parasite and Fungi","floor":21,"turns":7},{"damage":22,"enemies":"Slavers","floor":23,"turns":8},{"damage":0,"enemies":"Chosen and Byrds","floor":24,"turns":6},{"damage":10,"enemies":"Snake Plant","floor":27,"turns":4},{"damage":0,"enemies":"Gremlin Leader","floor":29,"turns":5},{"damage":24,"enemies":"Sentry and Sphere","floor":30,"turns":4},{"damage":28,"enemies":"Shelled Parasite and Fungi","floor":31,"turns":4},{"damage":52,"enemies":"Automaton","floor":33,"turns":9},{"damage":17,"enemies":"Orb Walker","floor":35,"turns":5},{"damage":1,"enemies":"Mind Bloom Boss Battle","floor":36,"turns":8},{"damage":49,"enemies":"2 Orb Walkers","floor":37,"turns":5},{"damage":38,"enemies":"3 Darklings","floor":38,"turns":8},{"damage":2,"enemies":"Nemesis","floor":41,"turns":7},{"damage":46,"enemies":"Reptomancer","floor":44,"turns":9},{"damage":36,"enemies":"Spire Growth","floor":45,"turns":6},{"damage":51,"enemies":"Nemesis","floor":46,"turns":9},{"damage":40,"enemies":"Maw","floor":47,"turns":9},{"damage":23,"enemies":"Donu and Deca","floor":50,"turns":9}],"seed_played":"-1267487115258398256","potions_obtained":[{"floor":3,"key":"Energy Potion"},{"floor":7,"key":"Dexterity Potion"},{"floor":12,"key":"SkillPotion"},{"floor":16,"key":"Poison Potion"},{"floor":21,"key":"Regen Potion"},{"floor":36,"key":"EssenceOfSteel"}],"is_trial":false,"path_per_floor":["?","?","?","?","M","?","?","?"],"character_chosen":"IRONCLAD","items_purchased":["Vajra","Thread and Needle","Pear","Shrug It Off+1","Inflame"],"campfire_rested":2,"item_purchase_floors":[22,48,48,48,48],"current_hp_per_floor":[74,51,57,62,56,33,34,29,29,51,53,47,44,18,40,40,66,65,75,75,75,75,64,75,75,75,73,73,75,70,75,75,55,70,67,75,52,75,75,75,75,75,75,75,68,60,60,70,70,85],"gold":417,"neow_bonus":"UPGRADE_CARD","is_prod":false,"is_daily":false,"chose_seed":false,"campfire_upgraded":3,"win_rate":0,"timestamp":1554857657,"path_taken":["M","?","M","M","M","E","M","?","T","R","E","M","E","?","R","BOSS","M","M","?","M","$","E","M","R","T","M","R","E","?","M","R","BOSS","M","?","?","M","?","R","E","R","T","E","M","E","M","$","R","BOSS"],"build_version":"2019-01-23","purchased_purges":2,"victory":true,"max_hp_per_floor":[75,75,75,75,75,75,75,75,75,75,75,75,75,75,75,75,75,75,75,75,75,75,75,75,75,75,75,75,75,75,75,75,75,75,75,75,75,75,75,75,75,75,75,75,75,75,75,85,85,85],"card_choices":[{"not_picked":["Iron Wave","Thunderclap"],"picked":"Shrug It Off","floor":1},{"not_picked":["Second Wind","Cleave"],"picked":"Headbutt","floor":3},{"not_picked":["Thunderclap","Bloodletting"],"picked":"Metallicize","floor":4},{"not_picked":["Wild Strike","Flex"],"picked":"Headbutt","floor":5},{"not_picked":["Clash","Double Tap"],"picked":"Reaper","floor":6},{"not_picked":["Perfected Strike","Thunderclap"],"picked":"Shrug It Off","floor":7},{"not_picked":["Second Wind","Headbutt"],"picked":"Clothesline","floor":11},{"not_picked":["Second Wind","Clash"],"picked":"Twin Strike","floor":12},{"not_picked":["Sword Boomerang","Armaments","Reckless Charge"],"picked":"SKIP","floor":13},{"not_picked":["Dark Embrace","Barricade"],"picked":"Limit Break","floor":16},{"not_picked":[],"picked":"Battle Trance","floor":18},{"not_picked":["Pommel Strike"],"picked":"SKIP","floor":19},{"not_picked":["Sever Soul"],"picked":"SKIP","floor":21},{"not_picked":["Wild Strike"],"picked":"SKIP","floor":23},{"not_picked":[],"picked":"Spot Weakness","floor":24},{"not_picked":["Rampage"],"picked":"SKIP","floor":27},{"not_picked":["Shrug It Off"],"picked":"SKIP","floor":29},{"not_picked":["Cleave"],"picked":"SKIP","floor":30},{"not_picked":["Blood for Blood"],"picked":"SKIP","floor":31},{"not_picked":["Anger"],"picked":"SKIP","floor":35},{"not_picked":[],"picked":"Disarm","floor":38},{"not_picked":["Power Through+1"],"picked":"SKIP","floor":38},{"not_picked":["Rampage+1"],"picked":"SKIP","floor":41},{"not_picked":["Wild Strike+1"],"picked":"SKIP","floor":44},{"not_picked":[],"picked":"Offering+1","floor":45},{"not_picked":["Clash+1"],"picked":"SKIP","floor":45},{"not_picked":[],"picked":"Pummel+1","floor":46},{"not_picked":[],"picked":"Shrug It Off+1","floor":47},{"not_picked":["Pommel Strike+1"],"picked":"SKIP","floor":47}],"player_experience":1659356,"relics_obtained":[{"floor":6,"key":"Oddly Smooth Stone"},{"floor":11,"key":"Torii"},{"floor":13,"key":"Bird Faced Urn"},{"floor":23,"key":"Lantern"},{"floor":26,"key":"Gremlin Horn"},{"floor":29,"key":"Boot"},{"floor":36,"key":"Shovel"},{"floor":37,"key":"Prayer Wheel"},{"floor":40,"key":"Molten Egg 2"},{"floor":41,"key":"Sundial"},{"floor":41,"key":"Shuriken"},{"floor":42,"key":"Toxic Egg 2"},{"floor":43,"key":"Dodecahedron"},{"floor":44,"key":"Pen Nib"},{"floor":44,"key":"Bottled Lightning"},{"floor":46,"key":"Ice Cream"},{"floor":46,"key":"Unceasing Top"},{"floor":49,"key":"Art of War"}],"event_choices":[{"damage_healed":0,"gold_gain":0,"player_choice":"Entered Light","damage_taken":23,"max_hp_gain":0,"max_hp_loss":0,"event_name":"Shining Light","floor":2,"gold_loss":0,"cards_upgraded":["Strike_R","Strike_R"]},{"damage_healed":0,"gold_gain":0,"player_choice":"Success","damage_taken":5,"relics_obtained":["War Paint"],"max_hp_gain":0,"max_hp_loss":0,"event_name":"Scrap Ooze","floor":8,"gold_loss":0},{"damage_healed":0,"gold_gain":0,"player_choice":"Take Damage","damage_taken":26,"relics_obtained":["Golden Idol"],"max_hp_gain":0,"max_hp_loss":0,"event_name":"Golden Idol","floor":14,"gold_loss":0},{"damage_healed":0,"gold_gain":0,"player_choice":"Gave Potion","damage_taken":0,"relics_obtained":["Happy Flower"],"max_hp_gain":0,"max_hp_loss":0,"event_name":"WeMeetAgain","floor":20,"gold_loss":0},{"damage_healed":0,"gold_gain":0,"player_choice":"Fight","damage_taken":0,"max_hp_gain":0,"max_hp_loss":0,"event_name":"MindBloom","floor":36,"gold_loss":0},{"damage_healed":0,"gold_gain":0,"player_choice":"Fight","damage_taken":0,"max_hp_gain":0,"max_hp_loss":0,"event_name":"Mysterious Sphere","floor":37,"gold_loss":0},{"damage_healed":0,"gold_gain":300,"player_choice":"Gold","damage_taken":0,"max_hp_gain":0,"max_hp_loss":0,"event_name":"Wheel of Change","floor":39,"gold_loss":0}],"is_beta":false,"boss_relics":[{"not_picked":["Lizard Tail","Eternal Feather"],"picked":"Busted Crown"},{"not_picked":["Philosopher\u0027s Stone","Calling Bell"],"picked":"Black Star"}],"items_purged_floors":[22,48],"is_endless":false,"potions_floor_spawned":[3,7,12,16,18,21,29,31,36,38,44,45,47],"ascension_level":15}