{"gold_per_floor":[109,129,147,30,30,65,76,76,100,144,176,153,197,209,221,310,322,344,375,401,413,28,58,58,86,86,102,117,145,145,165,165,242,242,255,273,290,112,131,131,166,18,18,18],"floor_reached":44,"playtime":8746,"items_purged":["Strike_R","Strike_R","Strike_R"],"score":910,"play_id":"73f327d3-b8c5-4d32-95c4-517e5c760f05","local_time":"20190408203512","is_ascension_mode":true,"campfire_choices":[{"data":"Bash","floor":8,"key":"SMITH"},{"floor":15,"key":"REST"},{"floor":24,"key":"REST"},{"floor":30,"key":"REST"},{"data":"Whirlwind","floor":32,"key":"SMITH"},{"data":"Evolve","floor":40,"key":"SMITH"}],"neow_cost":"NONE","seed_source_timestamp":2055272942748074,"circlet_count":0,"master_deck":["AscendersBane","Strike_R","Defend_R","Defend_R","Defend_R","Defend_R","Bash+1","Dark Embrace","Headbutt","Pommel Strike","Pommel Strike","Evolve+1","Flame Barrier","Inflame","Reckless Charge","Whirlwind+1","Clothesline","Limit Break","Feel No Pain","Corruption","Feel No Pain","Feed","Injury","Metallicize","Disarm","Feed","Shockwave","Seeing Red","Metallicize","Limit Break","Sentinel","True Grit","Pain"],"relics":["Burning Blood","CultistMask","Regal Pillow","MawBank","Bronze Scales","Pen Nib","Cursed Key","Ginger","Boot","Anchor","Du-Vu Doll","Incense Burner","Snecko Eye","Happy Flower"],"potions_floor_usage":[6,13,23,25,25,29],"damage_taken":[{"damage":20,"enemies":"Jaw Worm","floor":1,"turns":8},{"damage":6,"enemies":"Cultist","floor":2,"turns":4},{"damage":3,"enemies":"Small Slimes","floor":3,"turns":4},{"damage":24,"enemies":"Gremlin Nob","floor":6,"turns":5},{"damage":13,"enemies":"3 Louse","floor":7,"turns":4},{"damage":25,"enemies":"Lagavulin","floor":10,"turns":8},{"damage":12,"enemies":"Blue Slaver","floor":11,"turns":3},{"damage":8,"enemies":"Gremlin Nob","floor":13,"turns":3},{"damage":53,"enemies":"Slime Boss","floor":16,"turns":12},{"damage":15,"enemies":"3 Byrds","floor":18,"turns":5},{"damage":10,"enemies":"Spheric Guardian","floor":19,"turns":4},{"damage":23,"enemies":"3 Cultists","floor":20,"turns":5},{"damage":56,"enemies":"Slavers","floor":23,"turns":5},{"damage":30,"enemies":"Gremlin Leader","floor":25,"turns":6},{"damage":34,"enemies":"Snecko","floor":27,"turns":6},{"damage":4,"enemies":"Cultist and Chosen","floor":28,"turns":5},{"damage":29,"enemies":"Slavers","floor":29,"turns":5},{"damage":2,"enemies":"Snake Plant","floor":31,"turns":2},{"damage":32,"enemies":"Champ","floor":33,"turns":8},{"damage":0,"enemies":"Orb Walker","floor":35,"turns":4},{"damage":0,"enemies":"3 Shapes","floor":36,"turns":5},{"damage":8,"enemies":"Sphere and 2 Shapes","floor":37,"turns":5},{"damage":46,"enemies":"Transient","floor":39,"turns":5},{"damage":45,"enemies":"Reptomancer","floor":41,"turns":5},{"damage":46,"enemies":"Writhing Mass","floor":44,"turns":3}],"seed_played":"8593481198142075296","potions_obtained":[{"floor":1,"key":"GamblersBrew"},{"floor":2,"key":"Block Potion"},{"floor":7,"key":"Strength Potion"},{"floor":13,"key":"Regen Potion"},{"floor":23,"key":"Weak Potion"},{"floor":27,"key":"Ancient Potion"},{"floor":28,"key":"AttackPotion"},{"floor":29,"key":"LiquidBronze"}],"is_trial":false,"path_per_floor":["?","M","?","?","?","M","$"],"character_chosen":"IRONCLAD","items_purchased":["Evolve","Flame Barrier","Feel No Pain","Ginger","Metallicize","True Grit"],"campfire_rested":3,"item_purchase_floors":[4,4,22,22,38,42],"current_hp_per_floor":[54,54,57,57,57,39,32,32,32,13,7,25,23,23,60,13,60,51,47,30,75,75,39,75,51,51,23,28,8,47,51,51,25,67,73,85,89,89,49,49,10,10,10,0],"gold":18,"neow_bonus":"TRANSFORM_CARD","is_prod":false,"is_daily":false,"chose_seed":false,"campfire_upgraded":3,"win_rate":0,"timestamp":1554770112,"path_taken":["M","M","M","$","?","E","?","R","T","E","M","?","E","?","R","BOSS","M","M","M","?","$","E","R","E","T","?","M","E","R","M","R","BOSS","M","M","M","$","M","R","E","?","T","M"],"build_version":"2019-01-23","purchased_purges":3,"victory":false,"max_hp_per_floor":[75,75,75,75,75,75,75,75,75,75,75,75,75,75,75,75,75,75,75,75,75,75,75,75,75,75,75,78,81,81,81,81,81,81,81,87,93,93,93,93,93,93,93,93],"card_choices":[{"not_picked":["Power Through","Armaments"],"picked":"Headbutt","floor":1},{"not_picked":["Armaments","Headbutt"],"picked":"Pommel Strike","floor":2},{"not_picked":["Havoc","Dropkick"],"picked":"Pommel Strike","floor":3},{"not_picked":["Ghostly Armor","Thunderclap"],"picked":"Inflame","floor":6},{"not_picked":["Cleave","Twin Strike"],"picked":"Reckless Charge","floor":7},{"not_picked":["Thunderclap","Combust"],"picked":"Whirlwind","floor":10},{"not_picked":["Anger","Entrench"],"picked":"Clothesline","floor":11},{"not_picked":["Rage","Body Slam","Headbutt"],"picked":"SKIP","floor":13},{"not_picked":["Bludgeon","Berserk"],"picked":"Limit Break","floor":16},{"not_picked":["Burning Pact","Body Slam"],"picked":"Feel No Pain","floor":18},{"not_picked":["Pommel Strike","Evolve","Seeing Red"],"picked":"SKIP","floor":19},{"not_picked":["Shockwave","Twin Strike"],"picked":"Corruption","floor":20},{"not_picked":["Pommel Strike","Burning Pact"],"picked":"Feed","floor":23},{"not_picked":["Clothesline","Thunderclap","Anger"],"picked":"SKIP","floor":25},{"not_picked":["Flex","Dual Wield"],"picked":"Metallicize","floor":27},{"not_picked":["Armaments","Wild Strike"],"picked":"Disarm","floor":28},{"not_picked":["Sword Boomerang","Rupture","Twin Strike"],"picked":"SKIP","floor":29},{"not_picked":["Havoc","Searing Blow+1","Iron Wave"],"picked":"SKIP","floor":31},{"not_picked":["Dark Embrace","Fiend Fire"],"picked":"Feed","floor":33},{"not_picked":["Armaments","Heavy Blade+1"],"picked":"Shockwave","floor":35},{"not_picked":["Havoc","Wild Strike"],"picked":"Seeing Red","floor":36},{"not_picked":["Sword Boomerang","Clothesline","Iron Wave"],"picked":"SKIP","floor":37},{"not_picked":["Thunderclap","Clothesline"],"picked":"Limit Break","floor":39},{"not_picked":["Evolve","Entrench"],"picked":"Sentinel","floor":41}],"player_experience":1625744,"relics_obtained":[{"floor":6,"key":"Regal Pillow"},{"floor":9,"key":"MawBank"},{"floor":10,"key":"Bronze Scales"},{"floor":13,"key":"Pen Nib"},{"floor":23,"key":"Boot"},{"floor":25,"key":"Anchor"},{"floor":26,"key":"Du-Vu Doll"},{"floor":29,"key":"Incense Burner"},{"floor":41,"key":"Happy Flower"}],"event_choices":[{"damage_healed":0,"gold_gain":0,"player_choice":"Trade","damage_taken":0,"relics_obtained":["CultistMask"],"max_hp_gain":0,"max_hp_loss":0,"event_name":"FaceTrader","floor":5,"gold_loss":0},{"damage_healed":18,"gold_gain":0,"player_choice":"Healed","damage_taken":0,"max_hp_gain":0,"max_hp_loss":0,"event_name":"The Cleric","floor":12,"gold_loss":35},{"damage_healed":0,"gold_gain":0,"player_choice":"Ignored","damage_taken":0,"max_hp_gain":0,"max_hp_loss":0,"event_name":"Liars Game","floor":14,"gold_loss":0},{"damage_healed":45,"gold_gain":0,"player_choice":"Full Heal","damage_taken":0,"max_hp_gain":0,"max_hp_loss":0,"event_name":"Wheel of Change","floor":21,"gold_loss":0}],"is_beta":false,"boss_relics":[{"not_picked":["Orrery","White Beast Statue"],"picked":"Cursed Key"},{"not_picked":["Fusion Hammer","Tiny House"],"picked":"Snecko Eye"}],"items_purged_floors":[22,38,42],"is_endless":false,"potions_floor_spawned":[1,2,7,13,20,23,27,28,29,36],"killed_by":"Writhing Mass","ascension_level":15}