{"gold_per_floor":[114,128,148,148,164,164,175,208,208,226,226,242,252,266,266,371,371,381,381,381,398,398],"floor_reached":22,"playtime":946,"items_purged":[],"score":202,"play_id":"b2b3cf46-86a0-41f5-ba8e-aa192a276074","local_time":"20190210112531","is_ascension_mode":false,"campfire_choices":[{"data":"True Grit","floor":11,"key":"SMITH"},{"floor":15,"key":"REST"}],"neow_cost":"NONE","seed_source_timestamp":1033441169075286,"circlet_count":0,"master_deck":["Strike_R","Strike_R","Strike_R","Strike_R","Defend_R","Defend_R","Defend_R","Defend_R","Bash","Uppercut","Spot Weakness","True Grit+1","True Grit+1","Sword Boomerang","Uppercut","Rage","Power Through","Shrug It Off","Body Slam","Heavy Blade","Feed","Flex+1","J.A.X.","Flame Barrier+1"],"relics":["Burning Blood"],"potions_floor_usage":[6,10,13,14,16,18],"damage_taken":[{"damage":0,"enemies":"Small Slimes","floor":1,"turns":3},{"damage":6,"enemies":"Cultist","floor":2,"turns":3},{"damage":11,"enemies":"Jaw Worm","floor":3,"turns":3},{"damage":8,"enemies":"Looter","floor":5,"turns":3},{"damage":0,"enemies":"Lagavulin","floor":6,"turns":1},{"damage":14,"enemies":"3 Louse","floor":7,"turns":2},{"damage":30,"enemies":"Gremlin Nob","floor":8,"turns":4},{"damage":4,"enemies":"Large Slime","floor":10,"turns":6},{"damage":0,"enemies":"Exordium Wildlife","floor":12,"turns":4},{"damage":10,"enemies":"2 Fungi Beasts","floor":13,"turns":3},{"damage":6,"enemies":"Lots of Slimes","floor":14,"turns":6},{"damage":70,"enemies":"Slime Boss","floor":16,"turns":17},{"damage":51,"enemies":"3 Byrds","floor":18,"turns":8},{"damage":31,"enemies":"Spheric Guardian","floor":21,"turns":7},{"damage":43,"enemies":"Centurion and Healer","floor":22,"turns":7}],"seed_played":"3340716240003546459","potions_obtained":[{"floor":2,"key":"Fire Potion"},{"floor":5,"key":"SmokeBomb"},{"floor":8,"key":"Block Potion"},{"floor":10,"key":"Swift Potion"},{"floor":13,"key":"SkillPotion"},{"floor":16,"key":"Weak Potion"}],"is_trial":false,"path_per_floor":["M","M","M","?","M","E","M","E","T","M","R","M","M","M","R","B",null,"M","?","?","M","M"],"character_chosen":"IRONCLAD","items_purchased":[],"campfire_rested":1,"item_purchase_floors":[],"current_hp_per_floor":[80,80,75,75,73,79,71,47,47,49,49,55,51,51,75,11,80,38,38,65,40,0],"gold":398,"neow_bonus":"TRANSFORM_CARD","is_prod":false,"is_daily":false,"chose_seed":false,"campfire_upgraded":1,"win_rate":0,"timestamp":1549823131,"path_taken":["M","M","M","?","M","E","M","E","T","M","R","M","M","?","R","BOSS","M","?","?","M","M"],"build_version":"2019-01-23","purchased_purges":0,"victory":false,"max_hp_per_floor":[80,80,80,80,80,80,80,80,80,80,80,80,80,80,80,80,80,83,83,83,83,83],"card_choices":[{"not_picked":["Thunderclap","Corruption"],"picked":"Spot Weakness","floor":1},{"not_picked":["Clash","Inflame"],"picked":"True Grit","floor":2},{"not_picked":["Sever Soul","Seeing Red"],"picked":"True Grit","floor":3},{"not_picked":["Feel No Pain","Flex"],"picked":"Sword Boomerang","floor":5},{"not_picked":["Warcry","Iron Wave"],"picked":"Uppercut","floor":7},{"not_picked":["Dual Wield","Carnage"],"picked":"Rage","floor":8},{"not_picked":["Warcry","Armaments"],"picked":"Power Through","floor":10},{"not_picked":["Warcry","Fire Breathing"],"picked":"Shrug It Off","floor":12},{"not_picked":["Cleave","Anger"],"picked":"Body Slam","floor":13},{"not_picked":["Sword Boomerang","Dark Embrace"],"picked":"Heavy Blade","floor":14},{"not_picked":["Impervious","Barricade"],"picked":"Feed","floor":16},{"not_picked":["Rupture","Headbutt"],"picked":"Flex+1","floor":18},{"not_picked":["Armaments+1","Twin Strike+1"],"picked":"Flame Barrier+1","floor":21}],"player_experience":1428311,"relics_obtained":[],"event_choices":[{"damage_healed":0,"gold_gain":0,"player_choice":"Forge","damage_taken":0,"max_hp_gain":0,"max_hp_loss":0,"event_name":"Accursed Blacksmith","floor":4,"gold_loss":0,"cards_upgraded":["True Grit"]},{"damage_healed":0,"gold_gain":0,"player_choice":"Obtain J.A.X.","damage_taken":0,"max_hp_gain":0,"max_hp_loss":0,"event_name":"Drug Dealer","floor":19,"gold_loss":0,"cards_obtained":["J.A.X."]},{"damage_healed":27,"gold_gain":0,"player_choice":"Heal","damage_taken":0,"max_hp_gain":0,"max_hp_loss":0,"event_name":"The Library","floor":20,"gold_loss":0}],"is_beta":false,"boss_relics":[{"not_picked":["Philosopher\u0027s Stone","Runic Dome","Astrolabe"]}],"items_purged_floors":[],"is_endless":false,"potions_floor_spawned":[2,5,8,10,13,16],"killed_by":"Centurion and Healer","ascension_level":0}