{"gold_per_floor":[116,48,48,60,22,34,80,105,141,78,78,78,96,114,114,213,213,232,245,92,92],"floor_reached":21,"playtime":2567,"items_purged":["Strike_B","Strike_B"],"score":212,"play_id":"0e61eda4-f7f8-496a-9960-7e4d27ccd48a","local_time":"20190407230238","is_ascension_mode":true,"campfire_choices":[{"data":"Loop","floor":6,"key":"SMITH"},{"data":"Dualcast","floor":12,"key":"SMITH"},{"floor":15,"key":"REST"}],"neow_cost":"NONE","seed_source_timestamp":238105851946001,"circlet_count":0,"master_deck":["Strike_B","Defend_B","Defend_B","Defend_B","Defend_B","Zap","Dualcast+1","Redo+1","Loop+1","Go for the Eyes","Rebound","Machine Learning","Darkness","Undo","Skim","Conserve Battery","Turbo"],"relics":["Cracked Core","NeowsBlessing","MawBank","Juzu Bracelet","Orrery"],"potions_floor_usage":[16,16,21,21],"damage_taken":[{"damage":0,"enemies":"Cultist","floor":1,"turns":1},{"damage":0,"enemies":"Gremlin Nob","floor":7,"turns":1},{"damage":0,"enemies":"Small Slimes","floor":8,"turns":1},{"damage":6,"enemies":"Jaw Worm","floor":13,"turns":3},{"damage":12,"enemies":"3 Louse","floor":14,"turns":3},{"damage":24,"enemies":"Slime Boss","floor":16,"turns":11},{"damage":29,"enemies":"Spheric Guardian","floor":18,"turns":5},{"damage":32,"enemies":"3 Byrds","floor":19,"turns":5},{"damage":14,"enemies":"3 Cultists","floor":21,"turns":2}],"seed_played":"278564750857967326","potions_obtained":[{"floor":1,"key":"Fire Potion"},{"floor":8,"key":"Ancient Potion"},{"floor":13,"key":"SpeedPotion"},{"floor":16,"key":"EssenceOfSteel"},{"floor":19,"key":"FocusPotion"}],"is_trial":false,"path_per_floor":["M","$","?","$","?","R","E","M","T","$","?","R","M","M","R","B",null,"M","M","$","M"],"character_chosen":"DEFECT","items_purchased":["Loop","Turbo"],"campfire_rested":1,"item_purchase_floors":[2,20],"current_hp_per_floor":[75,75,63,63,63,63,63,63,63,63,63,63,57,45,67,43,75,46,14,14,0],"gold":92,"neow_bonus":"THREE_ENEMY_KILL","is_prod":false,"is_daily":false,"chose_seed":false,"campfire_upgraded":2,"win_rate":0,"timestamp":1554696158,"path_taken":["M","$","?","$","?","R","E","M","T","?","?","R","M","M","R","BOSS","M","M","$","M"],"build_version":"2019-01-23","purchased_purges":2,"victory":false,"max_hp_per_floor":[75,75,75,75,75,75,75,75,75,75,75,75,75,75,75,75,75,75,75,75,75],"card_choices":[{"not_picked":["Storm","Reinforced Body"],"picked":"Redo","floor":1},{"not_picked":["White Noise","Ball Lightning","Melter"],"picked":"SKIP","floor":7},{"not_picked":["Gash","Glacier","Static Discharge"],"picked":"SKIP","floor":8},{"not_picked":["White Noise","Heatsinks"],"picked":"Go for the Eyes","floor":13},{"not_picked":["Leap","Steam"],"picked":"Rebound","floor":14},{"not_picked":["Creative AI","Amplify"],"picked":"Machine Learning","floor":16},{"not_picked":["Turbo","Compile Driver"],"picked":"Darkness","floor":17},{"not_picked":["Go for the Eyes","Ball Lightning"],"picked":"Undo","floor":17},{"not_picked":["Streamline","Barrage"],"picked":"Skim","floor":17},{"not_picked":["Cold Snap+1","Rebound+1","Loop"],"picked":"SKIP","floor":18},{"not_picked":["Fission","Genetic Algorithm"],"picked":"Conserve Battery","floor":19}],"player_experience":168013,"relics_obtained":[{"floor":7,"key":"Juzu Bracelet"}],"event_choices":[{"damage_healed":0,"gold_gain":0,"player_choice":"Success","damage_taken":12,"relics_obtained":["MawBank"],"max_hp_gain":0,"max_hp_loss":0,"event_name":"Scrap Ooze","floor":3,"gold_loss":0},{"cards_removed":["Strike_B"],"damage_healed":0,"gold_gain":0,"player_choice":"Card Removal","damage_taken":0,"max_hp_gain":0,"max_hp_loss":0,"event_name":"The Cleric","floor":5,"gold_loss":50},{"damage_healed":0,"gold_gain":0,"player_choice":"Upgraded","damage_taken":0,"max_hp_gain":0,"max_hp_loss":0,"event_name":"Upgrade Shrine","floor":11,"gold_loss":0,"cards_upgraded":["Redo"]}],"is_beta":false,"boss_relics":[{"not_picked":["Coffee Dripper","Philosopher\u0027s Stone"],"picked":"Orrery"}],"items_purged_floors":[10,20],"is_endless":false,"potions_floor_spawned":[1,8,13,16,19],"killed_by":"3 Cultists","ascension_level":1}