{"gold_per_floor":[314,314,146,157,9,40,40,69,69,81,81,81,81,99,99,202,202,222,256,256,256,271,271,283,310,361,361],"floor_reached":27,"playtime":1004,"items_purged":["Regret"],"score":382,"play_id":"571b5ff1-4d3d-4738-a032-351033c91585","local_time":"20190116180006","is_ascension_mode":true,"campfire_choices":[{"floor":7.0,"key":"REST"},{"floor":12.0,"key":"REST"},{"data":"Searing Blow","floor":15.0,"key":"SMITH"},{"data":"Searing Blow+1","floor":23,"key":"SMITH"}],"neow_cost":"NO_GOLD","seed_source_timestamp":0,"circlet_count":0,"master_deck":["AscendersBane","Strike_R","Strike_R","Strike_R","Strike_R","Strike_R","Defend_R","Defend_R","Defend_R","Bash","Perfected Strike","Shrug It Off+1","Pommel Strike","Pommel Strike+1","Flame Barrier","Juggernaut","Flame Barrier","Searing Blow+2","Twin Strike","Barricade","Power Through+1","Reckless Charge","RitualDagger","Intimidate","Twin Strike","Impervious","Shame"],"special_seed":0,"relics":["Burning Blood","Old Coin","Ginger","Oddly Smooth Stone","Red Skull","Meat on the Bone","Blue Candle","Cursed Key","Red Mask","Mango","Molten Egg 2","Bag of Marbles"],"potions_floor_usage":[25,27],"damage_taken":[{"damage":6.0,"enemies":"Cultist","floor":1.0,"turns":4.0},{"damage":0.0,"enemies":"2 Louse","floor":4.0,"turns":2.0},{"damage":46.0,"enemies":"Lagavulin","floor":6.0,"turns":6.0},{"damage":25.0,"enemies":"Gremlin Nob","floor":8.0,"turns":4.0},{"damage":0.0,"enemies":"Small Slimes","floor":10.0,"turns":3.0},{"damage":0.0,"enemies":"Looter","floor":14.0,"turns":3.0},{"damage":44.0,"enemies":"Hexaghost","floor":16.0,"turns":13.0},{"damage":15.0,"enemies":"Shell Parasite","floor":18.0,"turns":6.0},{"damage":43.0,"enemies":"Masked Bandits","floor":19.0,"turns":4.0},{"damage":12.0,"enemies":"3 Byrds","floor":22.0,"turns":4.0},{"damage":7,"enemies":"Snecko","floor":24,"turns":5},{"damage":19,"enemies":"Slavers","floor":25,"turns":5},{"damage":65,"enemies":"Gremlin Leader","floor":27,"turns":5}],"seed_played":"8295122316898810384","potions_obtained":[{"floor":8.0,"key":"SkillPotion"},{"floor":10.0,"key":"Regen Potion"},{"floor":16.0,"key":"SkillPotion"},{"floor":18.0,"key":"Poison Potion"},{"floor":19.0,"key":"Fire Potion"},{"floor":24,"key":"PowerPotion"},{"floor":25,"key":"Swift Potion"}],"is_trial":false,"path_per_floor":["M","?","$","M","$","E","R","E","T","M","?","R","?","M","R","B",null,"M","?","?","?","M","R","M","E","T","E"],"character_chosen":"IRONCLAD","items_purchased":["Shrug It Off","Pommel Strike","Oddly Smooth Stone"],"campfire_rested":2,"item_purchase_floors":[3,3,5],"current_hp_per_floor":[72,72,72,78,78,38,62,43,43,49,33,57,57,63,63,52,73,64,39,53,47,53,53,64,63,63,0],"gold":361,"neow_bonus":"ONE_RARE_RELIC","is_prod":false,"is_daily":false,"chose_seed":false,"campfire_upgraded":2,"win_rate":0,"timestamp":1547686806,"path_taken":["M","?","$","M","$","E","R","E","T","M","?","R","?","M","R","BOSS","M","?","?","?","M","R","M","E","T","E"],"build_version":"2019-01-10","purchased_purges":1,"victory":false,"max_hp_per_floor":[80,80,80,80,80,80,80,80,80,80,80,80,80,80,80,80,80,80,80,94,94,94,94,94,94,94,94],"card_choices":[{"not_picked":["Wild Strike","Shockwave"],"picked":"Perfected Strike","floor":1.0},{"not_picked":["Perfected Strike","Clothesline"],"picked":"Pommel Strike","floor":4.0},{"not_picked":["Havoc","Pummel"],"picked":"Flame Barrier","floor":6.0},{"not_picked":["Clash","Heavy Blade"],"picked":"Juggernaut","floor":8.0},{"not_picked":["Anger","True Grit"],"picked":"Flame Barrier","floor":10.0},{"not_picked":["Body Slam","Dropkick"],"picked":"Twin Strike","floor":14.0},{"not_picked":["Berserk","Juggernaut"],"picked":"Barricade","floor":16.0},{"not_picked":["Spot Weakness","Anger+1"],"picked":"Power Through+1","floor":18.0},{"not_picked":["Heavy Blade","Headbutt"],"picked":"Reckless Charge","floor":19.0},{"not_picked":["Flex","Sword Boomerang"],"picked":"Intimidate","floor":22.0},{"not_picked":["Shrug It Off","Clothesline"],"picked":"Twin Strike","floor":24},{"not_picked":["Berserk","Clash"],"picked":"Impervious","floor":25}],"player_experience":1253622,"relics_obtained":[{"floor":6.0,"key":"Red Skull"},{"floor":8.0,"key":"Meat on the Bone"},{"floor":9.0,"key":"Blue Candle"},{"floor":19.0,"key":"Red Mask"},{"floor":25,"key":"Molten Egg 2"},{"floor":26,"key":"Bag of Marbles"}],"event_choices":[{"damage_healed":0.0,"max_hp_gain":0.0,"max_hp_loss":0.0,"gold_gain":0.0,"event_name":"Big Fish","player_choice":"Box","floor":2.0,"gold_loss":0.0,"damage_taken":0.0,"relics_obtained":["Ginger"],"cards_obtained":["Regret"]},{"damage_healed":0.0,"max_hp_gain":0.0,"max_hp_loss":0.0,"gold_gain":0.0,"event_name":"Shining Light","player_choice":"Entered Light","floor":11.0,"gold_loss":0.0,"damage_taken":16.0,"cards_upgraded":["Pommel Strike","Shrug It Off"]},{"damage_healed":0.0,"max_hp_gain":0.0,"max_hp_loss":0.0,"gold_gain":0.0,"cards_transformed":["Defend_R"],"event_name":"Transmorgrifier","player_choice":"Transformed","floor":13.0,"gold_loss":0.0,"damage_taken":0.0,"cards_obtained":["Searing Blow"]},{"damage_healed":0.0,"max_hp_gain":0.0,"max_hp_loss":0.0,"gold_gain":0.0,"event_name":"Masked Bandits","player_choice":"Fought Bandits","floor":19.0,"gold_loss":0.0,"damage_taken":0.0},{"damage_healed":0.0,"max_hp_gain":0.0,"max_hp_loss":0.0,"gold_gain":0.0,"event_name":"The Mausoleum","player_choice":"Opened","floor":20.0,"gold_loss":0.0,"damage_taken":0.0,"relics_obtained":["Mango"]},{"damage_healed":0.0,"max_hp_gain":0.0,"max_hp_loss":0.0,"gold_gain":0.0,"event_name":"Nest","player_choice":"Joined the Cult","floor":21.0,"gold_loss":0.0,"damage_taken":6.0,"cards_obtained":["RitualDagger"]}],"is_beta":false,"boss_relics":[{"not_picked":["Runic Pyramid","Philosopher\u0027s Stone"],"picked":"Cursed Key"}],"items_purged_floors":[3],"is_endless":false,"potions_floor_spawned":[8,10,16,18,19,24,25],"killed_by":"Gremlin Leader","ascension_level":12}