{"gold_per_floor":[115,115,134,151,166,192,192,219,243,267,296,318,330,356,368,477,489,514,541,572,603,615,627],"floor_reached":23,"playtime":9186,"items_purged":[],"score":286,"play_id":"f1a55147-cf28-4a82-9cab-9b76a19d832e","local_time":"20190319194719","is_ascension_mode":true,"campfire_choices":[{"floor":7,"key":"REST"},{"floor":13,"key":"REST"},{"data":"Noxious Fumes","floor":15,"key":"SMITH"}],"neow_cost":"NONE","seed_source_timestamp":323948713354048,"circlet_count":0,"master_deck":["Defend_G","Defend_G","Defend_G","Defend_G","Strike_G","Strike_G","Strike_G","Survivor","Neutralize","Escape Plan","Noxious Fumes+1","Sucker Punch","Cloak And Dagger","Dodge and Roll","Sucker Punch","Malaise","Sucker Punch","PiercingWail","A Thousand Cuts","Masterful Stab+1","Underhanded Strike+1","Phantasmal Killer+1","Well Laid Plans","Leg Sweep","Well Laid Plans","Ghostly","Ghostly","Ghostly","Ghostly","Ghostly"],"relics":["Ring of the Snake","Anchor","Juzu Bracelet","Centennial Puzzle","MawBank","Astrolabe"],"potions_floor_usage":[21,23,23,23],"damage_taken":[{"damage":12,"enemies":"Small Slimes","floor":1,"turns":5},{"damage":0,"enemies":"Cultist","floor":3,"turns":5},{"damage":0,"enemies":"Jaw Worm","floor":4,"turns":4},{"damage":6,"enemies":"3 Louse","floor":5,"turns":4},{"damage":37,"enemies":"Gremlin Nob","floor":6,"turns":6},{"damage":21,"enemies":"Lagavulin","floor":8,"turns":11},{"damage":0,"enemies":"Exordium Wildlife","floor":10,"turns":5},{"damage":0,"enemies":"Blue Slaver","floor":11,"turns":5},{"damage":0,"enemies":"2 Fungi Beasts","floor":12,"turns":4},{"damage":1,"enemies":"3 Louse","floor":14,"turns":3},{"damage":15,"enemies":"Hexaghost","floor":16,"turns":11},{"damage":16,"enemies":"Shell Parasite","floor":18,"turns":9},{"damage":0,"enemies":"3 Byrds","floor":19,"turns":5},{"damage":10,"enemies":"Centurion and Healer","floor":20,"turns":7},{"damage":16,"enemies":"Cultist and Chosen","floor":21,"turns":10},{"damage":18,"enemies":"Book of Stabbing","floor":23,"turns":10}],"seed_played":"-3418164603287309131","potions_obtained":[{"floor":5,"key":"SpeedPotion"},{"floor":10,"key":"SpeedPotion"},{"floor":12,"key":"Fire Potion"},{"floor":21,"key":"Swift Potion"}],"is_trial":false,"path_per_floor":["?","?"],"character_chosen":"THE_SILENT","items_purchased":[],"campfire_rested":2,"item_purchase_floors":[],"current_hp_per_floor":[58,58,58,58,52,15,36,15,15,15,15,15,36,35,35,20,58,42,42,32,16,16,0],"gold":627,"neow_bonus":"RANDOM_COMMON_RELIC","is_prod":false,"is_daily":false,"chose_seed":false,"campfire_upgraded":1,"win_rate":0,"timestamp":1553039239,"path_taken":["M","?","M","M","M","E","R","E","T","M","M","M","R","M","R","BOSS","M","M","M","M","?","E"],"build_version":"2019-01-23","purchased_purges":0,"victory":false,"max_hp_per_floor":[70,70,70,70,70,70,70,70,70,70,70,70,70,70,70,70,70,70,70,70,70,35,35],"card_choices":[{"not_picked":["Quick Slash","Slice"],"picked":"Escape Plan","floor":1},{"not_picked":["Deadly Poison","Dodge and Roll"],"picked":"Cloak And Dagger","floor":3},{"not_picked":["Dagger Spray","Quick Slash"],"picked":"Dodge and Roll","floor":4},{"not_picked":["Slice","Reflex"],"picked":"Sucker Punch","floor":5},{"not_picked":["Dagger Spray","Backflip","Distraction"],"picked":"SKIP","floor":6},{"not_picked":["Calculated Gamble","Prepared"],"picked":"Malaise","floor":8},{"not_picked":["Deflect","Dagger Spray","Setup"],"picked":"SKIP","floor":10},{"not_picked":["Outmaneuver","Blade Dance"],"picked":"Sucker Punch","floor":11},{"not_picked":["Quick Slash","Concentrate","Masterful Stab"],"picked":"SKIP","floor":12},{"not_picked":["Finisher","Infinite Blades"],"picked":"PiercingWail","floor":14},{"not_picked":["Die Die Die","Unload"],"picked":"A Thousand Cuts","floor":16},{"not_picked":["Dagger Spray","Flying Knee"],"picked":"Well Laid Plans","floor":18},{"not_picked":["Acrobatics+1","Catalyst"],"picked":"Leg Sweep","floor":19},{"not_picked":["Prepared","Accuracy","Acrobatics"],"picked":"SKIP","floor":20},{"not_picked":["Sucker Punch+1","Outmaneuver"],"picked":"Well Laid Plans","floor":21}],"player_experience":801659,"relics_obtained":[{"floor":6,"key":"Juzu Bracelet"},{"floor":8,"key":"Centennial Puzzle"},{"floor":9,"key":"MawBank"}],"event_choices":[{"damage_healed":0,"gold_gain":0,"player_choice":"2 cards matched","damage_taken":0,"max_hp_gain":0,"max_hp_loss":0,"event_name":"Match and Keep!","floor":2,"gold_loss":0,"cards_obtained":["Noxious Fumes","Sucker Punch"]},{"damage_healed":0,"gold_gain":0,"player_choice":"Became a Ghost","damage_taken":0,"max_hp_gain":0,"max_hp_loss":35,"event_name":"Ghosts","floor":22,"gold_loss":0,"cards_obtained":["Ghostly","Ghostly","Ghostly","Ghostly","Ghostly"]}],"is_beta":false,"boss_relics":[{"not_picked":["Lizard Tail","Velvet Choker"],"picked":"Astrolabe"}],"items_purged_floors":[],"is_endless":false,"potions_floor_spawned":[5,10,12,16,21],"killed_by":"Book of Stabbing","ascension_level":5}