{"gold_per_floor":[118,131,131,131,148,181,181,191,191,211,233,233,245,277,277,380,380,398,398,45,22,34,64,64],"floor_reached":24,"playtime":1156,"items_purged":[],"score":271,"play_id":"6987c0a8-9760-4046-87cc-90667ba855f3","local_time":"20180930185627","is_ascension_mode":true,"campfire_choices":[{"data":"Demon Form","floor":7,"key":"SMITH"},{"floor":15,"key":"REST"}],"neow_cost":"NONE","seed_source_timestamp":1472729783227722,"circlet_count":0,"master_deck":["Strike_R","Strike_R","Strike_R","Strike_R+1","Strike_R","Defend_R","Defend_R","Defend_R+1","Defend_R","Bash","Demon Form+1","Uppercut","Thunderclap","Uppercut","Heavy Blade","Clash","Carnage","Armaments","Battle Trance","Heavy Blade","Deep Breath","True Grit","Sword Boomerang"],"relics":["Burning Blood","Thread and Needle","Singing Bowl","Meat on the Bone","Odd Mushroom","Bottled Tornado","Black Star","Paper Frog","Pantograph","Question Card"],"potions_floor_usage":[11,14,16,16,18,23,23],"damage_taken":[{"damage":3,"enemies":"Jaw Worm","floor":1,"turns":5},{"damage":6,"enemies":"Cultist","floor":2,"turns":5},{"damage":3,"enemies":"Small Slimes","floor":5,"turns":5},{"damage":18,"enemies":"Lagavulin","floor":6,"turns":6},{"damage":6,"enemies":"2 Fungi Beasts","floor":8,"turns":3},{"damage":4,"enemies":"Looter","floor":10,"turns":2},{"damage":18,"enemies":"The Mushroom Lair","floor":11,"turns":4},{"damage":0,"enemies":"Large Slime","floor":13,"turns":5},{"damage":14,"enemies":"Gremlin Nob","floor":14,"turns":4},{"damage":36,"enemies":"Hexaghost","floor":16,"turns":8},{"damage":14,"enemies":"Spheric Guardian","floor":18,"turns":4},{"damage":25,"enemies":"Shell Parasite","floor":22,"turns":9},{"damage":52,"enemies":"Slavers","floor":23,"turns":6},{"damage":22,"enemies":"Centurion and Healer","floor":24,"turns":8}],"seed_played":"531000003206546150","potions_obtained":[{"floor":1,"key":"PowerPotion"},{"floor":2,"key":"SmokeBomb"},{"floor":10,"key":"Energy Potion"},{"floor":13,"key":"GamblersBrew"},{"floor":14,"key":"BloodPotion"},{"floor":16,"key":"EssenceOfSteel"},{"floor":18,"key":"Strength Potion"},{"floor":22,"key":"SpeedPotion"}],"is_trial":false,"path_per_floor":["M","M","?","?","M","E","R","M","T","M","?","?","M","E","R","B",null,"M","?","$","$","M","E"],"character_chosen":"IRONCLAD","items_purchased":["Paper Frog","Deep Breath","True Grit"],"campfire_rested":1,"item_purchase_floors":[20,20,21],"current_hp_per_floor":[80,80,80,80,80,70,70,70,70,72,60,44,50,54,78,58,84,78,61,61,61,54,22,0],"gold":64,"neow_bonus":"ONE_RANDOM_RARE_CARD","is_prod":false,"is_daily":false,"chose_seed":false,"campfire_upgraded":1,"win_rate":0,"timestamp":1538355387,"path_taken":["M","M","?","?","?","E","R","M","T","?","?","?","?","E","R","BOSS","M","?","?","$","M","E","M"],"build_version":"2018-09-27","purchased_purges":0,"victory":false,"max_hp_per_floor":[80,80,80,80,80,82,82,82,82,82,82,82,82,82,82,84,84,86,91,91,91,91,93,93],"card_choices":[{"not_picked":["Havoc","Flex"],"picked":"Uppercut","floor":1},{"not_picked":["Perfected Strike","Body Slam"],"picked":"Thunderclap","floor":2},{"not_picked":["Brutality","Shockwave"],"picked":"Heavy Blade","floor":5},{"not_picked":["Rupture","Dark Embrace","Feel No Pain"],"picked":"Singing Bowl","floor":6},{"not_picked":["Thunderclap","Havoc"],"picked":"Clash","floor":8},{"not_picked":["Body Slam","Feel No Pain"],"picked":"Carnage","floor":10},{"not_picked":["Intimidate","Searing Blow"],"picked":"Armaments","floor":11},{"not_picked":["Flex","Exhume"],"picked":"Battle Trance","floor":13},{"not_picked":["True Grit","Iron Wave"],"picked":"Heavy Blade","floor":14},{"not_picked":["Double Tap","Offering","Brutality"],"picked":"Singing Bowl","floor":16},{"not_picked":["Anger","Thunderclap","Twin Strike"],"picked":"Singing Bowl","floor":18},{"not_picked":["Flex","Sentinel"],"picked":"Sword Boomerang","floor":22},{"not_picked":["Wild Strike+1","Clothesline","True Grit"],"picked":"Singing Bowl","floor":23}],"player_experience":657305,"relics_obtained":[{"floor":6,"key":"Singing Bowl"},{"floor":9,"key":"Meat on the Bone"},{"floor":11,"key":"Odd Mushroom"},{"floor":14,"key":"Bottled Tornado"},{"floor":23,"key":"Pantograph"},{"floor":23,"key":"Question Card"}],"event_choices":[{"event_name":"WeMeetAgain","player_choice":"Potion","floor":3,"damage_taken":0},{"event_name":"Match and Keep!","player_choice":"1 cards matched","floor":4,"damage_taken":0},{"event_name":"Mushrooms","player_choice":"Fought Mushrooms","floor":11,"damage_taken":0},{"event_name":"Shining Light","player_choice":"Entered Light","floor":12,"damage_taken":0},{"event_name":"Forgotten Altar","player_choice":"Shed Blood","floor":19,"damage_taken":0}],"is_beta":false,"boss_relics":[{"not_picked":["Snecko Eye","Astrolabe"],"picked":"Black Star"}],"items_purged_floors":[],"is_endless":false,"potions_floor_spawned":[1,2,10,13,14,16,18,22],"killed_by":"Centurion and Healer","ascension_level":4}