{"gold_per_floor":[113,78,88,105,180,212,212,246,246,246],"floor_reached":10,"playtime":256,"items_purged":[],"score":152,"play_id":"d4600b7d-b003-4d9a-a59d-48bf7ceed839","local_time":"20190213200443","is_ascension_mode":true,"campfire_choices":[{"floor":7,"key":"REST"}],"neow_cost":"PERCENT_DAMAGE","seed_source_timestamp":1696611813927327,"circlet_count":0,"master_deck":["AscendersBane","Strike_B","Strike_B","Strike_B","Strike_B","Defend_B","Defend_B","Defend_B","Defend_B","Zap","Dualcast","Doom and Gloom","Compile Driver","Conserve Battery"],"relics":["Cracked Core","DataDisk","Pantograph","Pen Nib"],"potions_floor_usage":[6],"damage_taken":[{"damage":1,"enemies":"Cultist","floor":1,"turns":3},{"damage":9,"enemies":"Small Slimes","floor":3,"turns":3},{"damage":2,"enemies":"2 Louse","floor":4,"turns":3},{"damage":40,"enemies":"3 Sentries","floor":6,"turns":6},{"damage":25,"enemies":"Lagavulin","floor":8,"turns":5},{"damage":3,"enemies":"3 Sentries","floor":10,"turns":2}],"seed_played":"-3103864820071023338","potions_obtained":[{"floor":3,"key":"GamblersBrew"}],"is_trial":false,"path_per_floor":["M","?","M","M","?","E","R","E","T","E"],"character_chosen":"DEFECT","items_purchased":[],"campfire_rested":1,"item_purchase_floors":[],"current_hp_per_floor":[59,80,71,69,58,18,43,18,18,15],"gold":246,"neow_bonus":"TWENTY_PERCENT_HP_BONUS","is_prod":false,"is_daily":false,"chose_seed":false,"campfire_upgraded":0,"win_rate":0,"timestamp":1550117083,"path_taken":["M","?","M","M","?","E","R","E","T","E"],"build_version":"2019-02-06","purchased_purges":0,"victory":false,"max_hp_per_floor":[85,85,85,85,85,85,85,85,85,85],"card_choices":[{"not_picked":["Go for the Eyes","Rebound","Steam"],"picked":"SKIP","floor":1},{"not_picked":["Beam Cell","BootSequence"],"picked":"Doom and Gloom","floor":3},{"not_picked":["Tempest","Redo"],"picked":"Compile Driver","floor":4},{"not_picked":["FTL","Rainbow"],"picked":"Conserve Battery","floor":6},{"not_picked":["Rebound","Lockon","Force Field"],"picked":"SKIP","floor":8}],"player_experience":1158282,"relics_obtained":[{"floor":6,"key":"DataDisk"},{"floor":8,"key":"Pantograph"},{"floor":9,"key":"Pen Nib"}],"event_choices":[{"damage_healed":21,"gold_gain":0,"player_choice":"Healed","damage_taken":0,"max_hp_gain":0,"max_hp_loss":0,"event_name":"The Cleric","floor":2,"gold_loss":35},{"damage_healed":0,"gold_gain":75,"player_choice":"Gather Gold","damage_taken":11,"max_hp_gain":0,"max_hp_loss":0,"event_name":"World of Goop","floor":5,"gold_loss":0}],"is_beta":true,"boss_relics":[],"items_purged_floors":[],"is_endless":false,"potions_floor_spawned":[3],"killed_by":"3 Sentries","ascension_level":20}