{"gold_per_floor":[217,231,10,29,40,40,58,58,58,58,93,93,73],"floor_reached":13,"playtime":523,"items_purged":[],"score":170,"play_id":"d436c0b0-99a7-4b5f-93d6-42ece21a69ad","local_time":"20181027035502","is_ascension_mode":true,"campfire_choices":[{"data":"Go for the Eyes","floor":6,"key":"SMITH"},{"data":"Zap","floor":8,"key":"SMITH"},{"floor":10,"key":"REST"}],"neow_cost":"NONE","seed_source_timestamp":64911881202676,"circlet_count":0,"master_deck":["Strike_B","Strike_B","Strike_B","Strike_B","Defend_B","Defend_B","Defend_B","Defend_B","Zap+1","Dualcast","AscendersBane","Steam","Melter","Coolheaded","Go for the Eyes+1","Chill","Rainbow"],"special_seed":0,"relics":["Cracked Core","Membership Card","Meat on the Bone","StoneCalendar","Darkstone Periapt"],"potions_floor_usage":[],"damage_taken":[{"damage":7.0,"enemies":"Jaw Worm","floor":1.0,"turns":3.0},{"damage":1.0,"enemies":"2 Louse","floor":2.0,"turns":2.0},{"damage":1.0,"enemies":"Cultist","floor":4.0,"turns":3.0},{"damage":6,"enemies":"Blue Slaver","floor":5,"turns":4},{"damage":16,"enemies":"Lots of Slimes","floor":7,"turns":5},{"damage":18,"enemies":"Lagavulin","floor":11,"turns":7},{"damage":6,"enemies":"Looter","floor":13,"turns":1}],"seed_played":"4637258853262854189","potions_obtained":[{"floor":5,"key":"Strength Potion"},{"floor":11,"key":"FocusPotion"}],"is_trial":false,"path_per_floor":["M","M","$","M","M","R","M","R","T","R","E","?"],"character_chosen":"DEFECT","items_purchased":["Membership Card"],"campfire_rested":1,"item_purchase_floors":[3],"current_hp_per_floor":[57,56,56,55,49,49,33,33,33,54,36,1,0],"gold":73,"neow_bonus":"HUNDRED_GOLD","is_prod":false,"is_daily":false,"chose_seed":false,"campfire_upgraded":2,"win_rate":0,"timestamp":1540637702,"path_taken":["M","M","$","M","M","R","M","R","T","R","E","?","M"],"build_version":"2018-10-25v2","purchased_purges":0,"victory":false,"max_hp_per_floor":[71,71,71,71,71,71,71,71,71,71,71,71,71],"card_choices":[{"not_picked":["Stack","Hologram"],"picked":"Steam","floor":1.0},{"not_picked":["Static Discharge","Reprogram"],"picked":"Melter","floor":2.0},{"not_picked":["Barrage","Rebound"],"picked":"Coolheaded","floor":4.0},{"not_picked":["Coolheaded","White Noise"],"picked":"Go for the Eyes","floor":5},{"not_picked":["Melter","Sweeping Beam"],"picked":"Chill","floor":7},{"not_picked":["Reinforced Body","Ball Lightning"],"picked":"Rainbow","floor":11}],"player_experience":662659,"relics_obtained":[{"floor":9,"key":"Meat on the Bone"},{"floor":11,"key":"StoneCalendar"}],"event_choices":[{"damage_healed":0,"gold_gain":0,"player_choice":"Success","damage_taken":35,"relics_obtained":["Darkstone Periapt"],"max_hp_gain":0,"max_hp_loss":0,"event_name":"Scrap Ooze","floor":12,"gold_loss":0}],"is_beta":false,"boss_relics":[],"items_purged_floors":[],"is_endless":false,"potions_floor_spawned":[5,11],"killed_by":"Looter","ascension_level":20}