{"gold_per_floor":[118,293,306,306,256,292,292,311,334,72,96,117,117,8,8,132,132,102,102,118,138,138,138,156,156,238,238,238],"floor_reached":28,"playtime":593,"items_purged":["Defend_B"],"score":352,"play_id":"4e79ca67-2401-4781-8999-f62c5f886449","local_time":"20190407021502","is_ascension_mode":true,"campfire_choices":[{"data":"Ball Lightning","floor":7,"key":"SMITH"},{"floor":13,"key":"REST"},{"floor":15,"key":"REST"},{"floor":23,"key":"REST"}],"neow_cost":"NONE","seed_source_timestamp":13687267228822,"circlet_count":0,"master_deck":["Strike_B","Strike_B","Strike_B","Strike_B","Defend_B","Defend_B","Defend_B","Zap","Dualcast","Ball Lightning+1","Conserve Battery","Leap","Go for the Eyes","Self Repair","Scrape","Creative AI","Go for the Eyes","Buffer"],"relics":["Cracked Core","NeowsBlessing","Golden Idol","Centennial Puzzle","Orichalcum","Kunai","Black Star","Darkstone Periapt","Matryoshka","Pen Nib","Pear"],"potions_floor_usage":[16,18],"damage_taken":[{"damage":0,"enemies":"2 Louse","floor":1,"turns":1},{"damage":0,"enemies":"Jaw Worm","floor":3,"turns":1},{"damage":0,"enemies":"3 Sentries","floor":6,"turns":1},{"damage":0,"enemies":"Cultist","floor":8,"turns":3},{"damage":7,"enemies":"Exordium Wildlife","floor":11,"turns":3},{"damage":15,"enemies":"Lots of Slimes","floor":12,"turns":3},{"damage":0,"enemies":"Slime Boss","floor":16,"turns":8},{"damage":12,"enemies":"2 Thieves","floor":18,"turns":5},{"damage":18,"enemies":"Chosen","floor":20,"turns":6},{"damage":40,"enemies":"Centurion and Healer","floor":21,"turns":7},{"damage":38,"enemies":"Shelled Parasite and Fungi","floor":24,"turns":8},{"damage":48,"enemies":"Snake Plant","floor":28,"turns":5}],"seed_played":"-2151674986375104672","potions_obtained":[{"floor":6,"key":"Strength Potion"},{"floor":11,"key":"Weak Potion"},{"floor":16,"key":"Weak Potion"},{"floor":20,"key":"FearPotion"},{"floor":24,"key":"Poison Potion"}],"is_trial":false,"path_per_floor":["M","?","M","?","?","E","R","M","T","$","M","M","R","$","R","B",null,"M","?","M","M","T","R","M","?","T","?","M"],"character_chosen":"DEFECT","items_purchased":["Kunai","Scrape"],"campfire_rested":3,"item_purchase_floors":[10,14],"current_hp_per_floor":[75,75,75,57,57,57,57,57,57,57,50,35,57,57,75,75,75,70,70,59,19,19,41,10,10,20,48,0],"gold":238,"neow_bonus":"THREE_ENEMY_KILL","is_prod":false,"is_daily":false,"chose_seed":false,"campfire_upgraded":1,"win_rate":0,"timestamp":1554599702,"path_taken":["M","?","M","?","?","E","R","?","T","?","M","M","R","$","R","BOSS","M","?","?","M","?","R","M","?","T","?","M"],"build_version":"2019-01-23","purchased_purges":1,"victory":false,"max_hp_per_floor":[75,75,75,75,75,75,75,75,75,75,75,75,75,75,75,75,75,75,75,75,75,75,75,75,75,85,85,85],"card_choices":[{"not_picked":["Conserve Battery","Static Discharge"],"picked":"Ball Lightning","floor":1},{"not_picked":["Fusion","Streamline"],"picked":"Conserve Battery","floor":3},{"not_picked":["Sweeping Beam","Static Discharge"],"picked":"Leap","floor":6},{"not_picked":["Ball Lightning","Compile Driver","Force Field"],"picked":"SKIP","floor":8},{"not_picked":["Coolheaded","Conserve Battery"],"picked":"Go for the Eyes","floor":11},{"not_picked":["Double Energy","Steam Power"],"picked":"Self Repair","floor":12},{"not_picked":["Meteor Strike","Reboot"],"picked":"Creative AI","floor":16},{"not_picked":["Cold Snap","Hello World","Stack"],"picked":"SKIP","floor":18},{"not_picked":["Compile Driver","Leap"],"picked":"Go for the Eyes","floor":20},{"not_picked":["Stack","Conserve Battery+1"],"picked":"Buffer","floor":21},{"not_picked":["Fusion+1","Leap","Glacier+1"],"picked":"SKIP","floor":24}],"player_experience":390504,"relics_obtained":[{"floor":6,"key":"Centennial Puzzle"},{"floor":9,"key":"Orichalcum"},{"floor":22,"key":"Matryoshka"},{"floor":26,"key":"Pen Nib"},{"floor":26,"key":"Pear"}],"event_choices":[{"damage_healed":0,"gold_gain":175,"player_choice":"AGREE","damage_taken":0,"max_hp_gain":0,"max_hp_loss":0,"event_name":"Liars Game","floor":2,"gold_loss":0,"cards_obtained":["Doubt"]},{"damage_healed":0,"gold_gain":0,"player_choice":"Take Damage","damage_taken":18,"relics_obtained":["Golden Idol"],"max_hp_gain":0,"max_hp_loss":0,"event_name":"Golden Idol","floor":4,"gold_loss":0},{"cards_removed":["Doubt"],"damage_healed":0,"gold_gain":0,"player_choice":"Card Removal","damage_taken":0,"max_hp_gain":0,"max_hp_loss":0,"event_name":"The Cleric","floor":5,"gold_loss":50},{"damage_healed":0,"gold_gain":0,"player_choice":"Gave Potion","damage_taken":0,"relics_obtained":["Darkstone Periapt"],"max_hp_gain":0,"max_hp_loss":0,"event_name":"WeMeetAgain","floor":19,"gold_loss":0},{"damage_healed":0,"gold_gain":0,"player_choice":"Ignored","damage_taken":0,"max_hp_gain":0,"max_hp_loss":0,"event_name":"Vampires","floor":25,"gold_loss":0},{"damage_healed":28,"gold_gain":0,"player_choice":"Heal","damage_taken":0,"max_hp_gain":0,"max_hp_loss":0,"event_name":"The Library","floor":27,"gold_loss":0}],"is_beta":false,"boss_relics":[{"not_picked":["Inserter","Runic Pyramid"],"picked":"Black Star"}],"items_purged_floors":[14],"is_endless":false,"potions_floor_spawned":[6,11,16,20,24],"killed_by":"Snake Plant","ascension_level":4}