{"gold_per_floor":[116,116,116,116,133,165,27,27,27,56,56,56,75,15,15,89,89,103,119,119,119,139,171,184,219,242,242,269,669,228,228,228,307,307,318,334,334,353,1352,1387,1399,1432,1486,1486,416,416,191,191,191,191,191,191,191,1,26,26],"floor_reached":57,"playtime":2870,"items_purged":["Strike_R","Strike_R+1","Strike_R+1","Strike_R+1"],"score":3519,"play_id":"8d3652a8-0d18-498f-860c-5f10392759c1","local_time":"20190215033303","is_ascension_mode":true,"campfire_choices":[{"data":"Feed","floor":11.0,"key":"SMITH"},{"data":"Bludgeon","floor":15.0,"key":"SMITH"},{"data":"Disarm","floor":32.0,"key":"SMITH"},{"data":"Feel No Pain","floor":44.0,"key":"SMITH"},{"data":"Limit Break","floor":46,"key":"SMITH"},{"floor":49,"key":"RECALL"},{"data":"Disarm","floor":53,"key":"SMITH"}],"neow_cost":"NONE","seed_source_timestamp":1804631240347256,"circlet_count":0,"master_deck":["AscendersBane","Strike_R+1","Defend_R+1","Defend_R+1","Defend_R+1","Defend_R+1","Bash+1","Shrug It Off","Feed+1","Bludgeon+1","Immolate","Shockwave","Feel No Pain+1","Inflame","Flame Barrier","Disarm+1","Pommel Strike+1","Corruption","Bludgeon+1","Barricade","Disarm+1","Shockwave+1","Sentinel+1","Shockwave","Limit Break+1","Shrug It Off+1","Corruption","Sentinel","Inflame","Feel No Pain","Entrench","Impervious+1","Shrug It Off","Flame Barrier+1"],"special_seed":0,"relics":["Burning Blood","NeowsBlessing","Juzu Bracelet","The Courier","PreservedInsect","Prayer Wheel","Orichalcum","Happy Flower","Paper Frog","Snecko Eye","Anchor","Shuriken","MutagenicStrength","Bottled Flame","Old Coin","Mercury Hourglass","DollysMirror","Omamori","Enchiridion","Black Star","Centennial Puzzle","FossilizedHelix","StoneCalendar","Dream Catcher","Bronze Scales","Membership Card","Pantograph","Du-Vu Doll","Oddly Smooth Stone","Ancient Tea Set","Bag of Preparation","Bottled Tornado","Art of War","Bottled Lightning","War Paint","Mango","Pear","Sundial"],"potions_floor_usage":[56,56],"damage_taken":[{"damage":0.0,"enemies":"2 Louse","floor":1.0,"turns":1.0},{"damage":0.0,"enemies":"Small Slimes","floor":5.0,"turns":1.0},{"damage":0.0,"enemies":"Gremlin Nob","floor":6.0,"turns":1.0},{"damage":15.0,"enemies":"3 Sentries","floor":10.0,"turns":7.0},{"damage":7.0,"enemies":"Jaw Worm","floor":13.0,"turns":2.0},{"damage":56.0,"enemies":"Slime Boss","floor":16.0,"turns":9.0},{"damage":18.0,"enemies":"3 Byrds","floor":18.0,"turns":3.0},{"damage":9.0,"enemies":"Shell Parasite","floor":19.0,"turns":3.0},{"damage":7.0,"enemies":"Snecko","floor":22.0,"turns":3.0},{"damage":0.0,"enemies":"Gremlin Leader","floor":23.0,"turns":3.0},{"damage":0.0,"enemies":"Cultist and Chosen","floor":24.0,"turns":3.0},{"damage":8.0,"enemies":"Slavers","floor":25.0,"turns":4.0},{"damage":0.0,"enemies":"Gremlin Leader","floor":28.0,"turns":3.0},{"damage":3.0,"enemies":"Colosseum Slavers","floor":29.0,"turns":4.0},{"damage":0.0,"enemies":"Colosseum Nobs","floor":29.0,"turns":6.0},{"damage":17.0,"enemies":"Champ","floor":33.0,"turns":6.0},{"damage":0.0,"enemies":"Orb Walker","floor":35.0,"turns":2.0},{"damage":12.0,"enemies":"3 Shapes","floor":36.0,"turns":4.0},{"damage":6.0,"enemies":"Transient","floor":38.0,"turns":6.0},{"damage":0.0,"enemies":"Reptomancer","floor":40.0,"turns":5.0},{"damage":6.0,"enemies":"4 Shapes","floor":41.0,"turns":4.0},{"damage":0.0,"enemies":"Giant Head","floor":42.0,"turns":5.0},{"damage":0,"enemies":"Donu and Deca","floor":50,"turns":7},{"damage":0,"enemies":"Awakened One","floor":51,"turns":11},{"damage":6,"enemies":"Shield and Spear","floor":55,"turns":5},{"damage":5,"enemies":"The Heart","floor":56,"turns":7}],"seed_played":"6471342098378603528","potions_obtained":[{"floor":5.0,"key":"Strength Potion"},{"floor":10.0,"key":"EssenceOfSteel"},{"floor":13.0,"key":"SkillPotion"},{"floor":16.0,"key":"Weak Potion"},{"floor":23.0,"key":"PowerPotion"},{"floor":24.0,"key":"GamblersBrew"},{"floor":25.0,"key":"PowerPotion"}],"is_trial":false,"path_per_floor":["M","?","?","?","M","E","$","T","T","E","R","?","M","$","R","B",null,"M","M","?","?","M","E","M","E","T","?","E","?","$","?","R","B",null,"M","M","?","M","?","E","M","E","T","R","$","R","$","?","R","B","B",null,"R","$","E","B",null],"character_chosen":"IRONCLAD","items_purchased":["PreservedInsect","Corruption","DollysMirror","Omamori","Membership Card","Limit Break","Shrug It Off","Corruption","Sentinel","Inflame","Pantograph","Du-Vu Doll","Oddly Smooth Stone","Ancient Tea Set","Bag of Preparation","Bottled Tornado","Art of War","Bottled Lightning","Feel No Pain","Entrench","Impervious","Shrug It Off","War Paint","Mango"],"campfire_rested":0,"item_purchase_floors":[7,30,30,30,45,45,45,45,45,45,45,45,45,45,45,45,45,45,47,47,47,47,54,54],"current_hp_per_floor":[74,79,61,61,67,73,73,73,73,64,64,64,67,67,67,21,71,63,64,64,64,67,77,87,89,89,89,99,116,116,95,95,88,118,128,126,126,126,126,136,140,148,148,148,148,148,148,148,148,152,156,156,156,170,180,180],"gold":26,"neow_bonus":"THREE_ENEMY_KILL","is_prod":false,"is_daily":false,"chose_seed":false,"campfire_upgraded":6,"win_rate":0,"timestamp":1550230383,"path_taken":["M","?","?","?","M","E","$","?","T","E","R","?","M","$","R","BOSS","M","M","?","?","M","E","M","E","T","?","E","?","$","?","R","BOSS","M","M","?","M","?","E","M","E","T","R","$","R","$","?","R","BOSS","BOSS","R","$","E","BOSS"],"build_version":"2019-02-06","purchased_purges":4,"victory":true,"max_hp_per_floor":[75,80,80,80,80,80,80,80,80,80,80,80,84,84,84,88,88,92,96,96,96,100,104,108,112,112,112,116,124,124,124,124,128,128,132,136,136,136,136,140,144,148,148,148,148,148,148,148,148,152,156,156,156,170,180,180],"card_choices":[{"not_picked":["Seeing Red","Pommel Strike"],"picked":"Shrug It Off","floor":1.0},{"not_picked":["Warcry","Thunderclap","True Grit"],"picked":"SKIP","floor":5.0},{"not_picked":["Twin Strike","Armaments","True Grit"],"picked":"SKIP","floor":6.0},{"not_picked":["Thunderclap","Clash"],"picked":"Feed","floor":10.0},{"not_picked":["Twin Strike","Shrug It Off"],"picked":"Bludgeon","floor":13.0},{"not_picked":["Fire Breathing","Pommel Strike","Infernal Blade"],"picked":"SKIP","floor":13.0},{"not_picked":["Barricade","Berserk"],"picked":"Immolate","floor":16.0},{"not_picked":["Iron Wave","Heavy Blade"],"picked":"Shockwave","floor":18.0},{"not_picked":["Flex","Body Slam","Uppercut"],"picked":"SKIP","floor":18.0},{"not_picked":["Sentinel","Perfected Strike+1"],"picked":"Feel No Pain","floor":19.0},{"not_picked":["True Grit","Twin Strike","Intimidate"],"picked":"SKIP","floor":19.0},{"not_picked":["Uppercut+1","Pummel+1"],"picked":"Flame Barrier","floor":22.0},{"not_picked":["Pummel","Berserk","Body Slam"],"picked":"SKIP","floor":22.0},{"not_picked":["Pummel","Berserk","Body Slam"],"picked":"SKIP","floor":22.0},{"not_picked":["Havoc","Headbutt"],"picked":"Disarm","floor":23.0},{"not_picked":["Rage","Clothesline","Flex"],"picked":"SKIP","floor":24.0},{"not_picked":["Heavy Blade","Dark Embrace","Headbutt"],"picked":"SKIP","floor":24.0},{"not_picked":["Headbutt+1","Heavy Blade","Havoc"],"picked":"SKIP","floor":25.0},{"not_picked":["Brutality","Pummel+1"],"picked":"Pommel Strike+1","floor":28.0},{"not_picked":["Immolate","Impervious"],"picked":"Barricade","floor":33.0},{"not_picked":["Shockwave","Sentinel"],"picked":"Disarm","floor":35.0},{"not_picked":["Armaments","Body Slam+1","Flex+1"],"picked":"SKIP","floor":35.0},{"not_picked":["Rampage","Brutality"],"picked":"Shockwave+1","floor":36.0},{"not_picked":["Heavy Blade","Clothesline","Cleave"],"picked":"SKIP","floor":36.0},{"not_picked":["Body Slam","Clothesline","Armaments"],"picked":"SKIP","floor":38.0},{"not_picked":["Thunderclap","Ghostly Armor","Body Slam"],"picked":"SKIP","floor":38.0},{"not_picked":["Wild Strike","Anger","Combust+1"],"picked":"SKIP","floor":40.0},{"not_picked":["Shockwave","Ghostly Armor","Flex"],"picked":"SKIP","floor":41.0},{"not_picked":["Fire Breathing","Hemokinesis+1","Sentinel+1"],"picked":"SKIP","floor":41.0},{"not_picked":["Fire Breathing","Hemokinesis+1"],"picked":"Sentinel+1","floor":41.0},{"not_picked":["Ghostly Armor","Flex"],"picked":"Shockwave","floor":41.0},{"not_picked":["Hemokinesis","Juggernaut","Fiend Fire"],"picked":"SKIP","floor":42.0},{"not_picked":["Hemokinesis","Juggernaut","Fiend Fire"],"picked":"SKIP","floor":42.0},{"not_picked":["Inflame+1","True Grit+1"],"picked":"Flame Barrier+1","floor":55}],"player_experience":1171723,"relics_obtained":[{"floor":6.0,"key":"The Courier"},{"floor":8.0,"key":"Prayer Wheel"},{"floor":9.0,"key":"Orichalcum"},{"floor":10.0,"key":"Happy Flower"},{"floor":23.0,"key":"Anchor"},{"floor":25.0,"key":"Shuriken"},{"floor":28.0,"key":"Bottled Flame"},{"floor":29.0,"key":"Old Coin"},{"floor":29.0,"key":"Mercury Hourglass"},{"floor":31.0,"key":"Enchiridion"},{"floor":40.0,"key":"Centennial Puzzle"},{"floor":40.0,"key":"FossilizedHelix"},{"floor":42.0,"key":"StoneCalendar"},{"floor":42.0,"key":"Dream Catcher"},{"floor":43.0,"key":"Bronze Scales"},{"floor":55,"key":"Pear"},{"floor":55,"key":"Sundial"}],"event_choices":[{"damage_healed":0.0,"max_hp_gain":5.0,"max_hp_loss":0.0,"gold_gain":0.0,"event_name":"Big Fish","player_choice":"Donut","floor":2.0,"gold_loss":0.0,"damage_taken":0.0},{"damage_healed":0.0,"max_hp_gain":0.0,"max_hp_loss":0.0,"gold_gain":0.0,"event_name":"Scrap Ooze","player_choice":"Success","floor":3.0,"gold_loss":0.0,"damage_taken":18.0,"relics_obtained":["Juzu Bracelet"]},{"damage_healed":0.0,"max_hp_gain":0.0,"max_hp_loss":0.0,"gold_gain":0.0,"event_name":"Living Wall","player_choice":"Grow","floor":4.0,"gold_loss":0.0,"damage_taken":0.0,"cards_upgraded":["Bash"]},{"damage_healed":0.0,"max_hp_gain":0.0,"max_hp_loss":0.0,"gold_gain":0.0,"event_name":"Dead Adventurer","player_choice":"Searched \u00271\u0027 times","floor":12.0,"gold_loss":0.0,"damage_taken":0.0,"relics_obtained":["Paper Frog"]},{"damage_healed":0.0,"max_hp_gain":0.0,"max_hp_loss":0.0,"gold_gain":0.0,"event_name":"Back to Basics","player_choice":"Simplicity","floor":20.0,"gold_loss":0.0,"damage_taken":0.0,"cards_upgraded":["Strike_R","Strike_R","Strike_R","Strike_R","Defend_R","Defend_R","Defend_R","Defend_R"]},{"damage_healed":0.0,"max_hp_gain":0.0,"max_hp_loss":0.0,"gold_gain":0.0,"event_name":"The Library","player_choice":"Read","floor":21.0,"gold_loss":0.0,"damage_taken":0.0,"cards_obtained":["Inflame"]},{"damage_healed":0.0,"max_hp_gain":0.0,"max_hp_loss":0.0,"gold_gain":0.0,"event_name":"Drug Dealer","player_choice":"Inject Mutagens","floor":27.0,"gold_loss":0.0,"damage_taken":0.0,"relics_obtained":["MutagenicStrength"]},{"damage_healed":0.0,"max_hp_gain":0.0,"max_hp_loss":0.0,"gold_gain":0.0,"event_name":"Colosseum","player_choice":"Fight","floor":29.0,"gold_loss":0.0,"damage_taken":0.0},{"damage_healed":0.0,"max_hp_gain":0.0,"max_hp_loss":0.0,"gold_gain":0.0,"event_name":"Colosseum","player_choice":"Fought Nobs","floor":29.0,"gold_loss":0.0,"damage_taken":0.0},{"damage_healed":0.0,"max_hp_gain":0.0,"max_hp_loss":0.0,"gold_gain":0.0,"event_name":"Cursed Tome","player_choice":"Obtained Book","floor":31.0,"gold_loss":0.0,"damage_taken":21.0},{"damage_healed":0.0,"max_hp_gain":0.0,"max_hp_loss":0.0,"gold_gain":0.0,"event_name":"SensoryStone","player_choice":"Memory 1","floor":37.0,"gold_loss":0.0,"damage_taken":0.0},{"damage_healed":0.0,"max_hp_gain":0.0,"max_hp_loss":0.0,"gold_gain":999.0,"event_name":"MindBloom","player_choice":"Gold","floor":39.0,"gold_loss":0.0,"damage_taken":0.0,"cards_obtained":["Normality","Normality"]},{"damage_healed":0,"gold_gain":0,"player_choice":"Ignored","damage_taken":0,"max_hp_gain":0,"max_hp_loss":0,"event_name":"Tomb of Lord Red Mask","floor":48,"gold_loss":0}],"is_beta":true,"boss_relics":[{"not_picked":["Cursed Key","White Beast Statue"],"picked":"Snecko Eye"},{"not_picked":["Runic Dome","Calling Bell"],"picked":"Black Star"}],"items_purged_floors":[14,30,45,47],"is_endless":false,"potions_floor_spawned":[5,10,13,16,23,24,25,29,41,42],"ascension_level":20}