{"gold_per_floor":[119,137,157,56,56,56,88,88,88,116,136,149,149,180,180,275,275,285,301,301,301,301,301,327,340,340,340],"floor_reached":27,"playtime":1377,"items_purged":["Defend_R"],"score":251,"play_id":"e030ab45-53aa-4a9f-a294-ed7667d7bf17","local_time":"20190418161736","is_ascension_mode":false,"campfire_choices":[{"data":"Combust","floor":6,"key":"SMITH"},{"data":"Shockwave","floor":8,"key":"SMITH"},{"floor":15,"key":"REST"},{"floor":23,"key":"REST"}],"neow_cost":"NONE","seed_source_timestamp":185163481039577,"circlet_count":0,"master_deck":["Strike_R","Strike_R","Strike_R","Strike_R","Strike_R","Defend_R","Defend_R","Bash","Blind","True Grit","Pommel Strike","Shockwave+1","Cleave","Combust+1","Headbutt","Rampage","Entrench","Dropkick","Barricade","Metallicize","Twin Strike+1","Dropkick","Thunderclap"],"relics":["Burning Blood","Ornamental Fan","Letter Opener","Dream Catcher","CultistMask","Ice Cream","Runic Cube","Frozen Egg 2","Bottled Lightning","Bottled Tornado"],"potions_floor_usage":[25],"damage_taken":[{"damage":10,"enemies":"Jaw Worm","floor":1,"turns":4},{"damage":6,"enemies":"Small Slimes","floor":2,"turns":4},{"damage":1,"enemies":"Cultist","floor":3,"turns":4},{"damage":34,"enemies":"Lagavulin","floor":7,"turns":7},{"damage":13,"enemies":"Gremlin Nob","floor":10,"turns":3},{"damage":13,"enemies":"Large Slime","floor":11,"turns":6},{"damage":10,"enemies":"3 Louse","floor":12,"turns":3},{"damage":25,"enemies":"Lagavulin","floor":14,"turns":8},{"damage":25,"enemies":"Slime Boss","floor":16,"turns":6},{"damage":21,"enemies":"2 Thieves","floor":18,"turns":3},{"damage":32,"enemies":"Spheric Guardian","floor":19,"turns":6},{"damage":46,"enemies":"Book of Stabbing","floor":24,"turns":6},{"damage":9,"enemies":"3 Cultists","floor":25,"turns":4},{"damage":15,"enemies":"Cultist and Chosen","floor":27,"turns":4}],"seed_played":"-7382033175994829102","potions_obtained":[{"floor":1,"key":"BloodPotion"},{"floor":11,"key":"GamblersBrew"},{"floor":12,"key":"SkillPotion"},{"floor":18,"key":"Energy Potion"}],"is_trial":false,"path_per_floor":["M","M","M","$","?","R","E","R","T","E","M","M","?","E","R","B",null,"M","M","?","?","?","R","E","M","T","M"],"character_chosen":"IRONCLAD","items_purchased":["Cleave"],"campfire_rested":2,"item_purchase_floors":[4],"current_hp_per_floor":[76,76,80,80,80,80,52,52,52,45,38,34,34,15,39,20,80,65,39,24,24,24,49,9,14,14,0],"gold":340,"neow_bonus":"RANDOM_COLORLESS","is_prod":false,"is_daily":false,"chose_seed":false,"campfire_upgraded":2,"win_rate":0,"timestamp":1555584456,"path_taken":["M","M","M","$","?","R","E","R","T","E","M","M","?","E","R","BOSS","M","M","?","?","?","R","E","M","T","M"],"build_version":"2019-01-23","purchased_purges":1,"victory":false,"max_hp_per_floor":[80,80,80,80,80,80,80,80,80,80,80,80,80,80,80,80,80,80,80,85,85,85,85,85,85,85,85],"card_choices":[{"not_picked":["Perfected Strike","Body Slam"],"picked":"True Grit","floor":1},{"not_picked":["Heavy Blade","Armaments"],"picked":"Pommel Strike","floor":2},{"not_picked":["Pommel Strike","Cleave"],"picked":"Shockwave","floor":3},{"not_picked":["Sever Soul","Disarm"],"picked":"Headbutt","floor":7},{"not_picked":["Burning Pact","Thunderclap"],"picked":"Rampage","floor":10},{"not_picked":["Headbutt","Hemokinesis","Armaments"],"picked":"SKIP","floor":11},{"not_picked":["Flex","Hemokinesis","Perfected Strike"],"picked":"SKIP","floor":12},{"not_picked":["Perfected Strike","Bloodletting"],"picked":"Entrench","floor":14},{"not_picked":["Searing Blow","Clash"],"picked":"Dropkick","floor":15},{"not_picked":["Brutality","Fiend Fire"],"picked":"Barricade","floor":16},{"not_picked":["Shrug It Off+1","Headbutt"],"picked":"Metallicize","floor":18},{"not_picked":["Whirlwind","Rage"],"picked":"Twin Strike+1","floor":19},{"not_picked":["Demon Form+1","Dual Wield"],"picked":"Dropkick","floor":24},{"not_picked":["True Grit","Pommel Strike"],"picked":"Thunderclap","floor":25}],"player_experience":41627,"relics_obtained":[{"floor":7,"key":"Ornamental Fan"},{"floor":9,"key":"Letter Opener"},{"floor":10,"key":"Dream Catcher"},{"floor":14,"key":"Ice Cream"},{"floor":24,"key":"Bottled Lightning"},{"floor":26,"key":"Bottled Tornado"}],"event_choices":[{"damage_healed":0,"gold_gain":0,"cards_transformed":["Defend_R"],"player_choice":"Change","damage_taken":0,"max_hp_gain":0,"max_hp_loss":0,"event_name":"Living Wall","floor":5,"gold_loss":0,"cards_obtained":["Combust"]},{"damage_healed":0,"gold_gain":0,"player_choice":"Trade","damage_taken":0,"relics_obtained":["CultistMask"],"max_hp_gain":0,"max_hp_loss":0,"event_name":"FaceTrader","floor":13,"gold_loss":0},{"damage_healed":0,"gold_gain":0,"player_choice":"Shed Blood","damage_taken":20,"max_hp_gain":5,"max_hp_loss":0,"event_name":"Forgotten Altar","floor":20,"gold_loss":0},{"damage_healed":0,"gold_gain":0,"player_choice":"Opened","damage_taken":0,"relics_obtained":["Frozen Egg 2"],"max_hp_gain":0,"max_hp_loss":0,"event_name":"The Mausoleum","floor":21,"gold_loss":0,"cards_obtained":["Writhe"]},{"cards_removed":["Writhe"],"damage_healed":0,"gold_gain":0,"player_choice":"Removed Curses","damage_taken":0,"max_hp_gain":0,"max_hp_loss":0,"event_name":"Fountain of Cleansing","floor":22,"gold_loss":0}],"is_beta":false,"boss_relics":[{"not_picked":["Coffee Dripper","White Beast Statue"],"picked":"Runic Cube"}],"items_purged_floors":[4],"is_endless":false,"potions_floor_spawned":[1,11,12,18,19,24],"killed_by":"Cultist and Chosen","ascension_level":0}