{"gold_per_floor":[113,38,57,57,67,67,95,95,95,170,196,196],"floor_reached":12,"playtime":515,"items_purged":[],"score":76,"play_id":"dc80a8ed-d2e2-42f2-b305-97e0b0589e08","local_time":"20190421214542","is_ascension_mode":false,"campfire_choices":[{"data":"Noxious Fumes","floor":6,"key":"SMITH"},{"data":"Caltrops","floor":8,"key":"SMITH"}],"neow_cost":"NONE","seed_source_timestamp":780294444986479,"circlet_count":0,"master_deck":["Defend_G","Defend_G","Defend_G","Defend_G","Defend_G+1","Strike_G","Strike_G","Strike_G+1","Strike_G","Strike_G","Survivor","Neutralize","Blind","Caltrops+1","Noxious Fumes+1","Deadly Poison","Acrobatics"],"relics":["Ring of the Snake","Tough Bandages","Tingsha","Odd Mushroom"],"potions_floor_usage":[7,7],"damage_taken":[{"damage":1,"enemies":"Cultist","floor":1,"turns":5},{"damage":2,"enemies":"2 Louse","floor":3,"turns":4},{"damage":0,"enemies":"Jaw Worm","floor":5,"turns":4},{"damage":16,"enemies":"3 Sentries","floor":7,"turns":7},{"damage":20,"enemies":"The Mushroom Lair","floor":11,"turns":4},{"damage":13,"enemies":"Lagavulin","floor":12,"turns":2}],"seed_played":"-1365933043704594331","potions_obtained":[{"floor":1,"key":"Poison Potion"},{"floor":5,"key":"SkillPotion"},{"floor":7,"key":"Fire Potion"}],"is_trial":false,"path_per_floor":["M","$","M","?","M","R","E","R","T","?","?","E"],"character_chosen":"THE_SILENT","items_purchased":["Noxious Fumes"],"campfire_rested":0,"item_purchase_floors":[2],"current_hp_per_floor":[69,69,67,53,53,53,37,37,37,26,6,0],"gold":196,"neow_bonus":"RANDOM_COLORLESS","is_prod":false,"is_daily":false,"chose_seed":false,"campfire_upgraded":2,"win_rate":0,"timestamp":1555897542,"path_taken":["M","?","M","?","?","R","E","R","T","?","?","E"],"build_version":"2019-01-23","purchased_purges":0,"victory":false,"max_hp_per_floor":[70,70,70,70,70,70,70,70,70,70,70,70],"card_choices":[{"not_picked":["Deflect","Deadly Poison"],"picked":"Caltrops","floor":1},{"not_picked":["Masterful Stab","Dagger Throw","Slice"],"picked":"SKIP","floor":3},{"not_picked":["Quick Slash","Expertise","Poisoned Stab"],"picked":"SKIP","floor":5},{"not_picked":["Leg Sweep","Cloak And Dagger"],"picked":"Deadly Poison","floor":7},{"not_picked":["Slice","Bane"],"picked":"Acrobatics","floor":11}],"player_experience":116844,"relics_obtained":[{"floor":7,"key":"Tough Bandages"},{"floor":9,"key":"Tingsha"},{"floor":11,"key":"Odd Mushroom"}],"event_choices":[{"damage_healed":0,"gold_gain":0,"player_choice":"Entered Light","damage_taken":14,"max_hp_gain":0,"max_hp_loss":0,"event_name":"Shining Light","floor":4,"gold_loss":0,"cards_upgraded":["Strike_G","Defend_G"]},{"damage_healed":0,"gold_gain":75,"player_choice":"Gather Gold","damage_taken":11,"max_hp_gain":0,"max_hp_loss":0,"event_name":"World of Goop","floor":10,"gold_loss":0},{"damage_healed":0,"gold_gain":0,"player_choice":"Fought Mushrooms","damage_taken":0,"max_hp_gain":0,"max_hp_loss":0,"event_name":"Mushrooms","floor":11,"gold_loss":0}],"is_beta":false,"boss_relics":[],"items_purged_floors":[],"is_endless":false,"potions_floor_spawned":[1,5,7],"killed_by":"Lagavulin","ascension_level":0}