{"gold_per_floor":[114,130,145,161,178,178,209,96,119,119,138,138,154,165,165,265,265,281,300,300,399,417,417,447,447,474,474,474,491,491,511,511,511],"floor_reached":33,"playtime":1780,"items_purged":["Sunder"],"score":271,"play_id":"09f8a7b8-cbcc-4bad-9dd2-8c93dc3f9235","local_time":"20190418200332","is_ascension_mode":false,"campfire_choices":[{"floor":6,"key":"REST"},{"floor":10,"key":"REST"},{"floor":15,"key":"REST"},{"data":"Creative AI","floor":23,"key":"SMITH"},{"floor":25,"key":"REST"},{"floor":30,"key":"REST"},{"floor":32,"key":"REST"}],"neow_cost":"NONE","seed_source_timestamp":198316344281896,"circlet_count":0,"master_deck":["Strike_B","Strike_B","Defend_B","Defend_B","Defend_B","Defend_B","Zap","Dualcast","Compile Driver","White Noise","FTL","Conserve Battery","Rip and Tear","BootSequence","FTL","Beam Cell","Creative AI+1","Coolheaded+1","Conserve Battery+1","Barrage","Barrage","Go for the Eyes+1","Glacier+1","Rebound","Rip and Tear+1","Aggregate+1","Melter"],"relics":["Cracked Core","Juzu Bracelet","Ancient Tea Set","Velvet Choker","Dream Catcher","Bag of Marbles"],"potions_floor_usage":[22,29,29,29,33],"damage_taken":[{"damage":1,"enemies":"Cultist","floor":1,"turns":3},{"damage":0,"enemies":"Small Slimes","floor":2,"turns":3},{"damage":1,"enemies":"2 Louse","floor":3,"turns":2},{"damage":1,"enemies":"2 Fungi Beasts","floor":4,"turns":3},{"damage":52,"enemies":"Exordium Thugs","floor":5,"turns":5},{"damage":14,"enemies":"Gremlin Nob","floor":7,"turns":3},{"damage":0,"enemies":"Exordium Wildlife","floor":11,"turns":2},{"damage":11,"enemies":"3 Louse","floor":13,"turns":3},{"damage":0,"enemies":"Red Slaver","floor":14,"turns":3},{"damage":56,"enemies":"Hexaghost","floor":16,"turns":9},{"damage":19,"enemies":"2 Thieves","floor":18,"turns":4},{"damage":3,"enemies":"Spheric Guardian","floor":19,"turns":3},{"damage":12,"enemies":"Centurion and Healer","floor":22,"turns":8},{"damage":43,"enemies":"Slavers","floor":24,"turns":5},{"damage":6,"enemies":"Colosseum Slavers","floor":27,"turns":5},{"damage":12,"enemies":"Shelled Parasite and Fungi","floor":29,"turns":4},{"damage":7,"enemies":"3 Cultists","floor":31,"turns":6},{"damage":50,"enemies":"Collector","floor":33,"turns":5}],"seed_played":"2186506886208803317","potions_obtained":[{"floor":2,"key":"Regen Potion"},{"floor":3,"key":"Fire Potion"},{"floor":4,"key":"Explosive Potion"},{"floor":28,"key":"Fire Potion"},{"floor":29,"key":"AttackPotion"},{"floor":31,"key":"Ancient Potion"}],"is_trial":false,"path_per_floor":["M","M","M","M","M","R","E","$","T","R","M","?","M","M","R","B",null,"M","M","?","?","M","R","E","R","T","?","?","M","R","M","R","B"],"character_chosen":"DEFECT","items_purchased":["BootSequence"],"campfire_rested":6,"item_purchase_floors":[8],"current_hp_per_floor":[74,74,73,72,20,42,28,28,28,50,50,50,39,39,61,5,75,56,53,53,53,50,50,7,29,29,23,23,11,33,26,48,0],"gold":511,"neow_bonus":"THREE_CARDS","is_prod":false,"is_daily":false,"chose_seed":false,"campfire_upgraded":1,"win_rate":0.0,"timestamp":1555598012,"path_taken":["M","M","M","M","?","R","E","$","T","R","M","?","M","M","R","BOSS","M","M","?","?","M","R","E","R","T","?","?","M","R","M","R","BOSS"],"build_version":"2019-01-23","purchased_purges":1,"victory":false,"max_hp_per_floor":[75,75,75,75,75,75,75,75,75,75,75,75,75,75,75,75,75,75,75,75,75,75,75,75,75,75,75,75,75,75,75,75,75],"card_choices":[{"not_picked":["Chaos","Gash"],"picked":"Compile Driver","floor":0},{"not_picked":["Turbo","Gash"],"picked":"White Noise","floor":1},{"not_picked":["Gash","Auto Shields"],"picked":"Sunder","floor":2},{"not_picked":["Force Field","Skim"],"picked":"FTL","floor":3},{"not_picked":["Hologram","Compile Driver","Aggregate"],"picked":"SKIP","floor":4},{"not_picked":["Redo","Static Discharge"],"picked":"Conserve Battery","floor":5},{"not_picked":["Storm","Biased Cognition"],"picked":"Rip and Tear","floor":7},{"not_picked":["Leap","Fusion"],"picked":"FTL","floor":11},{"not_picked":["Reinforced Body","Rebound"],"picked":"Beam Cell","floor":13},{"not_picked":["Leap","FTL","Beam Cell"],"picked":"SKIP","floor":14},{"not_picked":["Meteor Strike","Core Surge"],"picked":"Creative AI","floor":16},{"not_picked":["Stack","Go for the Eyes"],"picked":"Coolheaded+1","floor":18},{"not_picked":["Cold Snap+1","Reprogram"],"picked":"Conserve Battery+1","floor":19},{"not_picked":["Rebound","Recycle"],"picked":"Go for the Eyes+1","floor":22},{"not_picked":["Barrage+1","Scrape"],"picked":"Glacier+1","floor":24},{"not_picked":["Compile Driver","Hologram"],"picked":"Rebound","floor":29},{"not_picked":["Ball Lightning","Storm"],"picked":"Rip and Tear+1","floor":30},{"not_picked":["BootSequence+1","Turbo"],"picked":"Aggregate+1","floor":31},{"not_picked":["Barrage+1","Loop"],"picked":"Melter","floor":32}],"player_experience":54539,"relics_obtained":[{"floor":7,"key":"Juzu Bracelet"},{"floor":9,"key":"Ancient Tea Set"},{"floor":24,"key":"Dream Catcher"},{"floor":26,"key":"Bag of Marbles"}],"event_choices":[{"damage_healed":0,"gold_gain":0,"player_choice":"Ignored","damage_taken":0,"max_hp_gain":0,"max_hp_loss":0,"event_name":"Liars Game","floor":12,"gold_loss":0},{"damage_healed":0,"gold_gain":0,"cards_transformed":["Strike_B","Strike_B"],"player_choice":"Became Test Subject","damage_taken":0,"max_hp_gain":0,"max_hp_loss":0,"event_name":"Drug Dealer","floor":20,"gold_loss":0,"cards_obtained":["Barrage","Barrage"]},{"damage_healed":0,"gold_gain":99,"player_choice":"Stole From Cult","damage_taken":0,"max_hp_gain":0,"max_hp_loss":0,"event_name":"Nest","floor":21,"gold_loss":0},{"damage_healed":0,"gold_gain":0,"player_choice":"Fight","damage_taken":0,"max_hp_gain":0,"max_hp_loss":0,"event_name":"Colosseum","floor":27,"gold_loss":0},{"damage_healed":0,"gold_gain":0,"player_choice":"Fled From Nobs","damage_taken":0,"max_hp_gain":0,"max_hp_loss":0,"event_name":"Colosseum","floor":27,"gold_loss":0},{"damage_healed":0,"gold_gain":0,"player_choice":"Got Potions","damage_taken":0,"max_hp_gain":0,"max_hp_loss":0,"event_name":"Lab","floor":28,"gold_loss":0}],"is_beta":false,"boss_relics":[{"not_picked":["Empty Cage","Runic Pyramid"],"picked":"Velvet Choker"}],"items_purged_floors":[8],"is_endless":false,"potions_floor_spawned":[2,3,4,7,13,18,27,29,31],"killed_by":"Collector","ascension_level":0}