{"gold_per_floor":[113,129,139,214,225,225,235,268,268,418,418,105,105,143,143,143],"floor_reached":16,"playtime":520,"items_purged":["Doubt"],"score":270,"play_id":"71416a62-51d5-413a-a3b7-62a8be031725","local_time":"20190207215034","is_ascension_mode":true,"campfire_choices":[{"floor":6,"key":"REST"},{"data":"Sunder","floor":11,"key":"SMITH"},{"floor":15,"key":"REST"}],"neow_cost":"NONE","seed_source_timestamp":1313910758099637,"circlet_count":0,"master_deck":["AscendersBane","Strike_B","Strike_B","Strike_B","Strike_B","Defend_B","Defend_B","Defend_B","Defend_B","Zap","Dualcast","Go for the Eyes","Sweeping Beam","Sunder+1","Core Surge","Glacier+1","Secret Weapon+1","Glacier+1"],"relics":["Cracked Core","Toxic Egg 2","Du-Vu Doll","Golden Idol","Gremlin Horn"],"potions_floor_usage":[8],"damage_taken":[{"damage":0,"enemies":"Cultist","floor":1,"turns":3},{"damage":0,"enemies":"2 Louse","floor":2,"turns":4},{"damage":7,"enemies":"Jaw Worm","floor":3,"turns":3},{"damage":39,"enemies":"Exordium Wildlife","floor":5,"turns":6},{"damage":8,"enemies":"3 Louse","floor":7,"turns":3},{"damage":24,"enemies":"Lagavulin","floor":8,"turns":8},{"damage":0,"enemies":"3 Sentries","floor":14,"turns":4},{"damage":39,"enemies":"The Guardian","floor":16,"turns":9}],"seed_played":"-7056945544228032440","potions_obtained":[{"floor":1,"key":"Ancient Potion"},{"floor":7,"key":"Regen Potion"},{"floor":14,"key":"EssenceOfSteel"}],"is_trial":false,"path_per_floor":["M","M","M","?","M","R","M","E","T","?","R","$","?","E","R","B"],"character_chosen":"DEFECT","items_purchased":["Glacier+1","Secret Weapon+1"],"campfire_rested":2,"item_purchase_floors":[12,12],"current_hp_per_floor":[71,71,64,53,14,37,29,20,20,20,20,20,20,20,41,2],"gold":143,"neow_bonus":"TEN_PERCENT_HP_BONUS","is_prod":false,"is_daily":false,"chose_seed":false,"campfire_upgraded":1,"win_rate":0,"timestamp":1549605034,"path_taken":["M","M","M","?","M","R","M","E","T","?","R","$","?","E","R","BOSS"],"build_version":"2019-02-06","purchased_purges":1,"victory":false,"max_hp_per_floor":[78,78,78,78,78,78,78,78,78,78,78,78,71,71,71,71],"card_choices":[{"not_picked":["Melter","Barrage","Reprogram"],"picked":"SKIP","floor":1},{"not_picked":["Steam","Turbo"],"picked":"Go for the Eyes","floor":2},{"not_picked":["FTL","Undo"],"picked":"Sweeping Beam","floor":3},{"not_picked":["Beam Cell","Leap","Rebound"],"picked":"SKIP","floor":5},{"not_picked":["Undo","Go for the Eyes"],"picked":"Sunder","floor":7},{"not_picked":["Streamline","Tempest"],"picked":"Core Surge","floor":8},{"not_picked":["Melter","Stack+1"],"picked":"Glacier+1","floor":14}],"player_experience":1101869,"relics_obtained":[{"floor":8,"key":"Toxic Egg 2"},{"floor":9,"key":"Du-Vu Doll"},{"floor":14,"key":"Gremlin Horn"}],"event_choices":[{"damage_healed":0,"gold_gain":75,"player_choice":"Gather Gold","damage_taken":11,"max_hp_gain":0,"max_hp_loss":0,"event_name":"World of Goop","floor":4,"gold_loss":0},{"damage_healed":0,"gold_gain":150,"player_choice":"AGREE","damage_taken":0,"max_hp_gain":0,"max_hp_loss":0,"event_name":"Liars Game","floor":10,"gold_loss":0,"cards_obtained":["Doubt"]},{"damage_healed":0,"gold_gain":0,"player_choice":"Lose Max HP","damage_taken":0,"relics_obtained":["Golden Idol"],"max_hp_gain":0,"max_hp_loss":7,"event_name":"Golden Idol","floor":13,"gold_loss":0}],"is_beta":true,"boss_relics":[],"items_purged_floors":[12],"is_endless":false,"potions_floor_spawned":[1,7,14],"killed_by":"The Guardian","ascension_level":20}