{"gold_per_floor":[119,119,130,142,162,162,217,229,253,264,264,19,19,19,19,120,120,134,148,33,133,33,33,46,73,73,73,73],"floor_reached":28,"playtime":1486,"items_purged":["Strike_B","Strike_B"],"score":228,"play_id":"aefaa701-de42-4d2f-9c0d-e39c261e785f","local_time":"20190418192034","is_ascension_mode":false,"campfire_choices":[{"data":"Conserve Battery","floor":6,"key":"SMITH"},{"data":"Zap","floor":11,"key":"SMITH"},{"data":"Go for the Eyes","floor":13,"key":"SMITH"},{"floor":15,"key":"REST"},{"data":"Rainbow","floor":23,"key":"SMITH"}],"neow_cost":"NONE","seed_source_timestamp":196031440240757,"circlet_count":0,"master_deck":["Strike_B","Defend_B","Defend_B","Defend_B","Defend_B+1","Zap+1","Dualcast","Go for the Eyes+1","Cold Snap","Conserve Battery+1","Blizzard","Ball Lightning","Leap+1","Melter","Rainbow+1","Sweeping Beam+1","Loop+1","Defragment+1","Self Repair+1","Conserve Battery","Hologram+1","Defragment+1"],"relics":["Cracked Core","NeowsBlessing","Pen Nib","War Paint","Frozen Egg 2","Runic Dome","Mango","Mercury Hourglass","Vajra","Kunai"],"potions_floor_usage":[],"damage_taken":[{"damage":0,"enemies":"Jaw Worm","floor":1,"turns":1},{"damage":0,"enemies":"Cultist","floor":3,"turns":1},{"damage":0,"enemies":"Small Slimes","floor":4,"turns":1},{"damage":1,"enemies":"Exordium Wildlife","floor":5,"turns":4},{"damage":13,"enemies":"Lagavulin Event","floor":7,"turns":9},{"damage":2,"enemies":"2 Fungi Beasts","floor":8,"turns":3},{"damage":8,"enemies":"Lots of Slimes","floor":10,"turns":4},{"damage":15,"enemies":"The Guardian","floor":16,"turns":11},{"damage":0,"enemies":"Shell Parasite","floor":18,"turns":3},{"damage":0,"enemies":"3 Byrds","floor":19,"turns":4},{"damage":17,"enemies":"Colosseum Slavers","floor":21,"turns":4},{"damage":25,"enemies":"Colosseum Nobs","floor":21,"turns":5},{"damage":7,"enemies":"Centurion and Healer","floor":24,"turns":5},{"damage":48,"enemies":"Gremlin Leader","floor":25,"turns":7},{"damage":13,"enemies":"Shelled Parasite and Fungi","floor":28,"turns":2}],"seed_played":"-2074363425390124746","potions_obtained":[{"floor":4,"key":"Swift Potion"},{"floor":5,"key":"SpeedPotion"},{"floor":7,"key":"FocusPotion"},{"floor":18,"key":"Weak Potion"}],"is_trial":false,"path_per_floor":["M","?","M","M","M","R","?","M","T","M","R","$","R","$","R","B",null,"M","M","$","?","$","R","M","E","T","?","M"],"character_chosen":"DEFECT","items_purchased":["Frozen Egg 2","Defragment+1"],"campfire_rested":1,"item_purchase_floors":[12,20],"current_hp_per_floor":[75,68,68,68,67,67,54,52,52,44,44,44,44,44,66,51,75,75,75,75,47,47,47,50,12,12,12,0],"gold":73,"neow_bonus":"THREE_ENEMY_KILL","is_prod":false,"is_daily":false,"chose_seed":false,"campfire_upgraded":4,"win_rate":0.0,"timestamp":1555595434,"path_taken":["M","?","M","M","M","R","?","M","T","M","R","$","R","?","R","BOSS","M","M","$","?","$","R","M","E","T","?","M"],"build_version":"2019-01-23","purchased_purges":2,"victory":false,"max_hp_per_floor":[75,75,75,75,75,75,75,75,75,75,75,75,75,75,75,75,75,75,75,75,89,89,89,89,89,89,89,89],"card_choices":[{"not_picked":["Hologram","Double Energy"],"picked":"Go for the Eyes","floor":1},{"not_picked":["Redo","Undo"],"picked":"Cold Snap","floor":3},{"not_picked":["Fission","Storm"],"picked":"Conserve Battery","floor":4},{"not_picked":["Compile Driver","Go for the Eyes"],"picked":"Blizzard","floor":5},{"not_picked":["Compile Driver","Streamline"],"picked":"Ball Lightning","floor":7},{"not_picked":["Compile Driver","Beam Cell"],"picked":"Leap","floor":8},{"not_picked":["Redo","Force Field"],"picked":"Melter","floor":10},{"not_picked":["Amplify","Biased Cognition+1"],"picked":"Rainbow","floor":16},{"not_picked":["Gash+1","Reinforced Body"],"picked":"Sweeping Beam+1","floor":18},{"not_picked":["Darkness","Reprogram"],"picked":"Loop+1","floor":19},{"not_picked":["Skim","Gash+1"],"picked":"Self Repair+1","floor":21},{"not_picked":["BootSequence+1","White Noise"],"picked":"Conserve Battery","floor":24},{"not_picked":["Streamline","Steam Power+1"],"picked":"Hologram+1","floor":25}],"player_experience":52284,"relics_obtained":[{"floor":7,"key":"Pen Nib"},{"floor":9,"key":"War Paint"},{"floor":21,"key":"Mango"},{"floor":21,"key":"Mercury Hourglass"},{"floor":25,"key":"Vajra"},{"floor":26,"key":"Kunai"}],"event_choices":[{"cards_removed":["Strike_B"],"damage_healed":0,"gold_gain":0,"player_choice":"Card Removal","damage_taken":7,"max_hp_gain":0,"max_hp_loss":0,"event_name":"Golden Wing","floor":2,"gold_loss":0},{"damage_healed":0,"gold_gain":0,"player_choice":"Searched \u00271\u0027 times","damage_taken":0,"max_hp_gain":0,"max_hp_loss":0,"event_name":"Dead Adventurer","floor":7,"gold_loss":0},{"damage_healed":0,"gold_gain":0,"player_choice":"Fight","damage_taken":0,"max_hp_gain":0,"max_hp_loss":0,"event_name":"Colosseum","floor":21,"gold_loss":0},{"damage_healed":0,"gold_gain":0,"player_choice":"Fought Nobs","damage_taken":0,"max_hp_gain":0,"max_hp_loss":0,"event_name":"Colosseum","floor":21,"gold_loss":0},{"damage_healed":0,"gold_gain":0,"player_choice":"Copied","damage_taken":0,"max_hp_gain":0,"max_hp_loss":0,"event_name":"Duplicator","floor":27,"gold_loss":0,"cards_obtained":["Defragment"]}],"is_beta":false,"boss_relics":[{"not_picked":["Lizard Tail","Tiny House"],"picked":"Runic Dome"}],"items_purged_floors":[20,22],"is_endless":false,"potions_floor_spawned":[4,5,7,18,21],"killed_by":"Shelled Parasite and Fungi","ascension_level":0}