{"gold_per_floor":[115,215,231,242,259,275,308,323,323,339,356,356,371,384,384,488,488,498,498,508,508,518,518,552,252,252,266,266,276,296,296],"floor_reached":31,"playtime":4866,"items_purged":["Hologram"],"score":267,"play_id":"47adcae1-e01a-429e-969a-aead25e5636f","local_time":"20190420160911","is_ascension_mode":false,"campfire_choices":[{"floor":12.0,"key":"REST"},{"floor":15.0,"key":"REST"},{"floor":23.0,"key":"REST"},{"floor":28,"key":"REST"}],"neow_cost":"NONE","seed_source_timestamp":0,"circlet_count":0,"master_deck":["Strike_B","Strike_B","Strike_B","Strike_B","Defend_B","Defend_B","Defend_B","Defend_B","Zap","Dualcast","Cold Snap","FTL","Chaos","Melter","Leap","Streamline","Ball Lightning","Redo","White Noise","Seek+1","Sweeping Beam","Auto Shields","Storm+1"],"special_seed":0,"relics":["Cracked Core","Regal Pillow","Question Card","Busted Crown","Nilry\u0027s Codex","StoneCalendar","Lantern","Nunchaku"],"potions_floor_usage":[27,31],"damage_taken":[{"damage":12.0,"enemies":"Small Slimes","floor":1.0,"turns":3.0},{"damage":0.0,"enemies":"Cultist","floor":3.0,"turns":3.0},{"damage":3.0,"enemies":"Jaw Worm","floor":4.0,"turns":3.0},{"damage":26.0,"enemies":"Gremlin Gang","floor":5.0,"turns":4.0},{"damage":10.0,"enemies":"Blue Slaver","floor":6.0,"turns":3.0},{"damage":23.0,"enemies":"Lagavulin","floor":7.0,"turns":6.0},{"damage":7.0,"enemies":"Large Slime","floor":8.0,"turns":5.0},{"damage":0.0,"enemies":"2 Fungi Beasts","floor":10.0,"turns":3.0},{"damage":7.0,"enemies":"3 Louse","floor":11.0,"turns":2.0},{"damage":0.0,"enemies":"Large Slime","floor":13.0,"turns":6.0},{"damage":12.0,"enemies":"Blue Slaver","floor":14.0,"turns":2.0},{"damage":51.0,"enemies":"Slime Boss","floor":16.0,"turns":14.0},{"damage":2.0,"enemies":"Chosen","floor":18.0,"turns":5.0},{"damage":30.0,"enemies":"2 Thieves","floor":20.0,"turns":4.0},{"damage":36.0,"enemies":"Centurion and Healer","floor":22.0,"turns":4.0},{"damage":31.0,"enemies":"Book of Stabbing","floor":24.0,"turns":6.0},{"damage":13,"enemies":"Snake Plant","floor":27,"turns":4},{"damage":35,"enemies":"Shelled Parasite and Fungi","floor":29,"turns":5},{"damage":8,"enemies":"Snecko","floor":30,"turns":6},{"damage":1,"enemies":"3 Cultists","floor":31,"turns":2}],"seed_played":"5248014204626691947","potions_obtained":[{"floor":1.0,"key":"SteroidPotion"},{"floor":5.0,"key":"FairyPotion"},{"floor":8.0,"key":"Swift Potion"},{"floor":13.0,"key":"AttackPotion"},{"floor":14.0,"key":"Regen Potion"},{"floor":16.0,"key":"SpeedPotion"},{"floor":20.0,"key":"SteroidPotion"},{"floor":27,"key":"SteroidPotion"}],"is_trial":false,"path_per_floor":["M","?","M","M","M","M","E","M","T","M","M","R","M","M","R","B",null,"M","?","M","?","M","R","E","$","T","M","R","M","M","M"],"character_chosen":"DEFECT","items_purchased":["Lantern","EssenceOfSteel"],"campfire_rested":4,"item_purchase_floors":[25,25],"current_hp_per_floor":[70,70,70,67,41,31,8,1,1,1,3,42,42,30,69,18,82,80,64,46,46,10,49,18,18,18,5,44,9,1,0],"gold":296,"neow_bonus":"TEN_PERCENT_HP_BONUS","is_prod":false,"is_daily":false,"chose_seed":false,"campfire_upgraded":0,"win_rate":0.0,"timestamp":1555790951,"path_taken":["M","?","M","M","M","M","E","?","T","M","M","R","M","M","R","BOSS","M","?","M","?","?","R","E","$","T","M","R","M","M","M"],"build_version":"2019-01-23","purchased_purges":1,"victory":false,"max_hp_per_floor":[82,82,82,82,82,82,82,82,82,82,82,82,82,82,82,82,82,82,82,82,82,82,82,82,82,82,82,82,82,82,82],"card_choices":[{"not_picked":["Skim","Coolheaded"],"picked":"Cold Snap","floor":1.0},{"not_picked":["Force Field","Steam","Double Energy"],"picked":"SKIP","floor":3.0},{"not_picked":["Compile Driver","Doom and Gloom"],"picked":"FTL","floor":4.0},{"not_picked":["Go for the Eyes","Glacier"],"picked":"Chaos","floor":5.0},{"not_picked":["Static Discharge","Lockon"],"picked":"Melter","floor":6.0},{"not_picked":["Sweeping Beam","Compile Driver"],"picked":"Leap","floor":7.0},{"not_picked":["Tempest","Compile Driver"],"picked":"Streamline","floor":8.0},{"not_picked":["Conserve Battery","Storm","Gash"],"picked":"Ball Lightning","floor":10.0},{"not_picked":["Streamline","Doom and Gloom","Stack"],"picked":"Redo","floor":11.0},{"not_picked":["Stack","Coolheaded","Gash"],"picked":"Hologram","floor":13.0},{"not_picked":["Hello World","Redo","Conserve Battery"],"picked":"White Noise","floor":14.0},{"not_picked":["Thunder Strike","Rainbow","All For One"],"picked":"Seek","floor":16.0},{"not_picked":["Streamline+1","Hologram"],"picked":"SKIP","floor":18.0},{"not_picked":["Barrage+1","Compile Driver"],"picked":"SKIP","floor":20.0},{"not_picked":["Barrage","Tempest"],"picked":"SKIP","floor":22.0},{"not_picked":["Streamline+1","Conserve Battery"],"picked":"SKIP","floor":24.0},{"not_picked":["Force Field"],"picked":"Sweeping Beam","floor":27},{"not_picked":["Fusion+1"],"picked":"Auto Shields","floor":29},{"not_picked":["Compile Driver"],"picked":"Storm+1","floor":30}],"player_experience":16187,"relics_obtained":[{"floor":7.0,"key":"Regal Pillow"},{"floor":9.0,"key":"Question Card"},{"floor":19.0,"key":"Nilry\u0027s Codex"},{"floor":24.0,"key":"StoneCalendar"},{"floor":26,"key":"Nunchaku"}],"event_choices":[{"damage_healed":0.0,"max_hp_gain":0.0,"max_hp_loss":0.0,"gold_gain":100.0,"event_name":"Golden Shrine","player_choice":"Pray","floor":2.0,"gold_loss":0.0,"damage_taken":0.0},{"damage_healed":0.0,"max_hp_gain":0.0,"max_hp_loss":0.0,"gold_gain":0.0,"event_name":"Cursed Tome","player_choice":"Obtained Book","floor":19.0,"gold_loss":0.0,"damage_taken":16.0},{"damage_healed":0.0,"max_hp_gain":0.0,"max_hp_loss":0.0,"gold_gain":0.0,"event_name":"Accursed Blacksmith","player_choice":"Forge","floor":21.0,"gold_loss":0.0,"damage_taken":0.0,"cards_upgraded":["Seek"]}],"is_beta":false,"boss_relics":[{"not_picked":["Philosopher\u0027s Stone","Sozu"],"picked":"Busted Crown"}],"items_purged_floors":[25],"is_endless":false,"potions_floor_spawned":[1,5,8,13,14,16,20,27],"killed_by":"3 Cultists","ascension_level":0}