{"gold_per_floor":[114,114,114,133,133,158,158,183,183,199,231,231,241,261,261,336,336,348,42,42,42,52,52,70,70,143,212,230,230],"floor_reached":29,"playtime":996,"items_purged":[],"score":536,"play_id":"1665ed8f-56e8-414a-8bf7-27c8fe5a8694","local_time":"20181027234508","is_ascension_mode":true,"campfire_choices":[{"floor":7.0,"key":"REST"},{"floor":12.0,"key":"REST"},{"floor":15,"key":"REST"},{"data":"A Thousand Cuts","floor":23,"key":"SMITH"},{"data":"Cloak And Dagger","floor":25,"key":"SMITH"}],"neow_cost":"NONE","seed_source_timestamp":87758153603931,"circlet_count":0,"master_deck":["Defend_G","Defend_G","Defend_G","Defend_G+1","Defend_G+1","Strike_G","Strike_G","Strike_G","Strike_G","Survivor","Neutralize","AscendersBane","Cloak And Dagger+1","Setup","Bouncing Flask","A Thousand Cuts+1","Dagger Spray","Poisoned Stab","Blade Dance","A Thousand Cuts","Backflip","Malaise","Blade Dance","Accuracy","Bouncing Flask+1","Acrobatics","Clumsy","Writhe"],"special_seed":0,"relics":["Ring of the Snake","Pantograph","Snake Skull","Strawberry","Gremlin Horn","Lantern","Cursed Key","Medical Kit","MutagenicStrength","Nloth\u0027s Gift","Bottled Tornado","Letter Opener"],"potions_floor_usage":[14,29,29],"damage_taken":[{"damage":0.0,"enemies":"Jaw Worm","floor":1.0,"turns":1.0},{"damage":0.0,"enemies":"Cultist","floor":4.0,"turns":1.0},{"damage":0.0,"enemies":"Gremlin Nob","floor":6.0,"turns":1.0},{"damage":8.0,"enemies":"Lagavulin","floor":8.0,"turns":7.0},{"damage":0.0,"enemies":"Small Slimes","floor":10.0,"turns":3.0},{"damage":43.0,"enemies":"3 Sentries","floor":11.0,"turns":9.0},{"damage":0,"enemies":"2 Fungi Beasts","floor":13,"turns":4},{"damage":0,"enemies":"Gremlin Gang","floor":14,"turns":1},{"damage":51,"enemies":"Slime Boss","floor":16,"turns":7},{"damage":7,"enemies":"Shell Parasite","floor":18,"turns":5},{"damage":6,"enemies":"Chosen","floor":22,"turns":4},{"damage":23,"enemies":"Centurion and Healer","floor":24,"turns":6},{"damage":23,"enemies":"Shelled Parasite and Fungi","floor":28,"turns":6},{"damage":1,"enemies":"3 Cultists","floor":29,"turns":2}],"seed_played":"-1976817189919018070","potions_obtained":[{"floor":6.0,"key":"Block Potion"},{"floor":11.0,"key":"SkillPotion"},{"floor":13,"key":"Poison Potion"},{"floor":14,"key":"Poison Potion"}],"is_trial":false,"path_per_floor":["M","?","?","M","?","E","R","E","T","M","E","R","M","M","R","B",null,"M","$","?","?","M","R","M","R","T","T","M"],"character_chosen":"THE_SILENT","items_purchased":["Medical Kit","Accuracy"],"campfire_rested":3,"item_purchase_floors":[19,19],"current_hp_per_floor":[59,59,39,39,28,28,47,46,46,46,3,24,24,24,45,19,60,53,53,53,53,47,47,24,24,24,24,1,0],"gold":230,"neow_bonus":"THREE_ENEMY_KILL","is_prod":false,"is_daily":false,"chose_seed":false,"campfire_upgraded":2,"win_rate":0,"timestamp":1540709108,"path_taken":["M","?","?","M","?","E","R","E","T","?","E","R","M","M","R","BOSS","M","$","?","?","M","R","?","R","T","?","M","M"],"build_version":"2018-10-25v2","purchased_purges":0,"victory":false,"max_hp_per_floor":[66,66,66,66,66,66,66,73,73,73,73,73,73,73,73,73,73,73,73,73,73,73,73,73,73,73,73,73,73],"card_choices":[{"not_picked":["Bane","Slice"],"picked":"Cloak And Dagger","floor":1.0},{"not_picked":["Setup","Bane"],"picked":"Bouncing Flask","floor":4.0},{"not_picked":["Acrobatics","Caltrops"],"picked":"A Thousand Cuts","floor":6.0},{"not_picked":["Quick Slash","Riddle With Holes"],"picked":"Dagger Spray","floor":8.0},{"not_picked":["Deadly Poison","Outmaneuver"],"picked":"Poisoned Stab","floor":10.0},{"not_picked":["Dash","Caltrops"],"picked":"Blade Dance","floor":11.0},{"not_picked":["Heel Hook","Poisoned Stab"],"picked":"A Thousand Cuts","floor":13},{"not_picked":["Deflect","Flying Knee"],"picked":"Backflip","floor":14},{"not_picked":["Phantasmal Killer","Venomology"],"picked":"Malaise","floor":16},{"not_picked":["Slice","Quick Slash"],"picked":"Blade Dance","floor":18},{"not_picked":["Distraction","Dagger Spray+1"],"picked":"Bouncing Flask+1","floor":22},{"not_picked":["Backstab","Phantasmal Killer"],"picked":"Acrobatics","floor":24},{"not_picked":["Unload","Storm of Steel","Dagger Throw"],"picked":"SKIP","floor":28}],"player_experience":668128,"relics_obtained":[{"floor":6.0,"key":"Snake Skull"},{"floor":8.0,"key":"Strawberry"},{"floor":9.0,"key":"Gremlin Horn"},{"floor":11.0,"key":"Lantern"},{"floor":26,"key":"Bottled Tornado"},{"floor":27,"key":"Letter Opener"}],"event_choices":[{"damage_healed":0.0,"max_hp_gain":0.0,"max_hp_loss":0.0,"gold_gain":0.0,"cards_transformed":["Strike_G"],"event_name":"Transmorgrifier","player_choice":"Transformed","floor":2.0,"gold_loss":0.0,"damage_taken":0.0,"cards_obtained":["Setup"]},{"damage_healed":0.0,"max_hp_gain":0.0,"max_hp_loss":0.0,"gold_gain":0.0,"event_name":"Shining Light","player_choice":"Entered Light","floor":3.0,"gold_loss":0.0,"damage_taken":20.0,"cards_upgraded":["Defend_G","Defend_G"]},{"damage_healed":0.0,"max_hp_gain":0.0,"max_hp_loss":0.0,"gold_gain":0.0,"event_name":"Scrap Ooze","player_choice":"Success","floor":5.0,"gold_loss":0.0,"damage_taken":11.0,"relics_obtained":["Pantograph"]},{"damage_healed":0,"gold_gain":0,"player_choice":"Inject Mutagens","damage_taken":0,"relics_obtained":["MutagenicStrength"],"max_hp_gain":0,"max_hp_loss":0,"event_name":"Drug Dealer","floor":20,"gold_loss":0},{"damage_healed":0,"gold_gain":0,"player_choice":"Traded Relic","damage_taken":0,"relics_obtained":["Nloth\u0027s Gift"],"max_hp_gain":0,"max_hp_loss":0,"event_name":"N\u0027loth","floor":21,"relics_lost":["NeowsBlessing"],"gold_loss":0}],"is_beta":false,"boss_relics":[{"not_picked":["Orrery","Philosopher\u0027s Stone"],"picked":"Cursed Key"}],"items_purged_floors":[],"is_endless":false,"potions_floor_spawned":[6,11,13,14,16,24,28],"killed_by":"3 Cultists","ascension_level":20}