{"gold_per_floor":[19,34,34,46,58,70,94,106,118,158,170,201,243,265,277,362,374,403,340,368,395,194,194,228,57,105,139,139,164,164,164,164,242,242,260,30,48,59,107,139,139,154,177,193,228,228,245,245,245,245,245,245,245,37,63,63],"floor_reached":57,"playtime":3346,"items_purged":["Strike_R","Strike_R"],"score":2781,"play_id":"7a27b543-43d6-4bfd-9ad8-f51f0cc653ce","local_time":"20190225000631","is_ascension_mode":true,"campfire_choices":[{"data":"Bash","floor":6.0,"key":"SMITH"},{"data":"Anger","floor":8.0,"key":"SMITH"},{"data":"Spot Weakness","floor":11.0,"key":"SMITH"},{"data":"Whirlwind","floor":15.0,"key":"SMITH"},{"data":"True Grit","floor":23.0,"key":"SMITH"},{"data":"Sword Boomerang","floor":30.0,"key":"SMITH"},{"data":"Exhume","floor":32.0,"key":"SMITH"},{"data":"Fiend Fire","floor":41.0,"key":"SMITH"},{"floor":46.0,"key":"RECALL"},{"data":"Inflame","floor":49.0,"key":"SMITH"},{"floor":53.0,"key":"REST"}],"neow_cost":"NO_GOLD","seed_source_timestamp":0,"circlet_count":0,"master_deck":["AscendersBane","Defend_R","Defend_R","Defend_R","Defend_R","Bash+1","Shockwave+1","Shrug It Off+1","Anger+1","Spot Weakness+1","Whirlwind+1","Reaper","Battle Trance+1","Exhume+1","Headbutt","Exhume","True Grit+1","Sword Boomerang+1","Double Tap","Shrug It Off+1","Bludgeon","Inflame+1","Inflame","Fiend Fire+1","Havoc","Dark Embrace","Armaments","True Grit+1","Corruption"],"special_seed":0,"relics":["Burning Blood","Charon\u0027s Ashes","MawBank","Pen Nib","Self Forming Clay","PreservedInsect","Velvet Choker","Dodecahedron","Bag of Preparation","War Paint","Potion Belt","Meat on the Bone","Blood Vial","Blue Candle","Snecko Eye","Dead Branch","Du-Vu Doll","Question Card","Happy Flower"],"potions_floor_usage":[56,56,56,56,56,56,56,56],"damage_taken":[{"damage":1.0,"enemies":"Cultist","floor":1.0,"turns":3.0},{"damage":4.0,"enemies":"Jaw Worm","floor":2.0,"turns":6.0},{"damage":9.0,"enemies":"Small Slimes","floor":7.0,"turns":3.0},{"damage":29.0,"enemies":"Gremlin Nob","floor":10.0,"turns":4.0},{"damage":3.0,"enemies":"Blue Slaver","floor":12.0,"turns":4.0},{"damage":14.0,"enemies":"Lagavulin","floor":13.0,"turns":6.0},{"damage":3.0,"enemies":"Red Slaver","floor":14.0,"turns":4.0},{"damage":14.0,"enemies":"Slime Boss","floor":16.0,"turns":7.0},{"damage":19.0,"enemies":"Spheric Guardian","floor":18.0,"turns":5.0},{"damage":9.0,"enemies":"Chosen","floor":20.0,"turns":6.0},{"damage":30.0,"enemies":"Shelled Parasite and Fungi","floor":21.0,"turns":6.0},{"damage":9.0,"enemies":"Gremlin Leader","floor":24.0,"turns":4.0},{"damage":6.0,"enemies":"Book of Stabbing","floor":27.0,"turns":3.0},{"damage":7.0,"enemies":"Slavers","floor":29.0,"turns":2.0},{"damage":88.0,"enemies":"Collector","floor":33.0,"turns":10.0},{"damage":0.0,"enemies":"Orb Walker","floor":35.0,"turns":3.0},{"damage":0.0,"enemies":"3 Darklings","floor":37.0,"turns":1.0},{"damage":61.0,"enemies":"Sphere and 2 Shapes","floor":38.0,"turns":7.0},{"damage":44.0,"enemies":"2 Orb Walkers","floor":39.0,"turns":5.0},{"damage":7.0,"enemies":"Giant Head","floor":40.0,"turns":4.0},{"damage":1.0,"enemies":"Maw","floor":42.0,"turns":2.0},{"damage":3.0,"enemies":"4 Shapes","floor":44.0,"turns":3.0},{"damage":2.0,"enemies":"Nemesis","floor":45.0,"turns":3.0},{"damage":0.0,"enemies":"Sphere and 2 Shapes","floor":47.0,"turns":2.0},{"damage":48.0,"enemies":"Awakened One","floor":50.0,"turns":9.0},{"damage":14.0,"enemies":"Donu and Deca","floor":51.0,"turns":5.0},{"damage":0,"enemies":"Shield and Spear","floor":55,"turns":3},{"damage":62,"enemies":"The Heart","floor":56,"turns":6}],"seed_played":"4844251283129125091","potions_obtained":[{"floor":7.0,"key":"Block Potion"},{"floor":10.0,"key":"Energy Potion"},{"floor":13.0,"key":"PowerPotion"},{"floor":29.0,"key":"Swift Potion"},{"floor":35.0,"key":"Swift Potion"},{"floor":37.0,"key":"EssenceOfSteel"},{"floor":42.0,"key":"PowerPotion"},{"floor":44.0,"key":"Energy Potion"},{"floor":55,"key":"SkillPotion"}],"is_trial":false,"path_per_floor":["M","M","?","?","?","R","M","R","T","E","R","M","E","M","R","B",null,"M","?","M","M","$","R","E","$","T","E","T","E","R","?","R","B",null,"M","$","M","M","?","E","R","M","T","M","E","R","M","?","R","B","B",null,"R","$","E","B",null],"character_chosen":"IRONCLAD","items_purchased":["Exhume","True Grit","Bag of Preparation","Bludgeon","Inflame","EntropicBrew"],"campfire_rested":1,"item_purchase_floors":[22,22,25,36,36,54],"current_hp_per_floor":[73,75,75,75,68,68,65,65,65,42,42,45,37,40,40,32,64,51,51,57,67,67,67,70,70,70,70,70,69,69,69,69,45,68,75,75,75,50,44,52,52,59,59,64,75,75,75,75,75,45,65,73,75,75,75,31],"gold":63,"neow_bonus":"ONE_RARE_RELIC","is_prod":false,"is_daily":false,"chose_seed":false,"campfire_upgraded":9,"win_rate":0,"timestamp":1551081991,"path_taken":["M","M","?","?","?","R","M","R","T","E","R","M","E","M","R","BOSS","M","?","M","?","$","R","E","$","T","E","?","E","R","?","R","BOSS","M","$","M","M","?","E","R","M","T","M","E","R","M","?","R","BOSS","BOSS","R","$","E","BOSS"],"build_version":"2019-02-06","purchased_purges":2,"victory":true,"max_hp_per_floor":[75,75,75,75,75,75,75,75,75,75,75,75,75,75,75,75,75,75,75,75,75,75,75,75,75,75,75,75,75,75,75,75,75,75,75,75,75,75,75,75,75,75,75,75,75,75,75,75,75,75,75,75,75,75,75,75],"card_choices":[{"not_picked":["Pommel Strike","Thunderclap"],"picked":"Shockwave","floor":1.0},{"not_picked":["Seeing Red","Anger"],"picked":"Shrug It Off","floor":2.0},{"not_picked":["Twin Strike","Pommel Strike"],"picked":"Anger","floor":7.0},{"not_picked":["Berserk","Wild Strike"],"picked":"Spot Weakness","floor":10.0},{"not_picked":["Fire Breathing","Uppercut"],"picked":"Whirlwind","floor":12.0},{"not_picked":["Clothesline","Second Wind","Ghostly Armor"],"picked":"SKIP","floor":13.0},{"not_picked":["Pommel Strike","Fire Breathing","Burning Pact"],"picked":"SKIP","floor":14.0},{"not_picked":["Brutality","Fiend Fire"],"picked":"Reaper","floor":16.0},{"not_picked":["Sword Boomerang","Anger"],"picked":"Battle Trance+1","floor":18.0},{"not_picked":["Rampage","Wild Strike","Body Slam+1"],"picked":"SKIP","floor":20.0},{"not_picked":["Shrug It Off","Sword Boomerang"],"picked":"Headbutt","floor":21.0},{"not_picked":["Dropkick","Ghostly Armor","Rupture"],"picked":"SKIP","floor":24.0},{"not_picked":["Power Through","Brutality"],"picked":"Sword Boomerang","floor":27.0},{"not_picked":["Burning Pact","Sword Boomerang","Sentinel"],"picked":"SKIP","floor":29.0},{"not_picked":["Dark Embrace","Juggernaut"],"picked":"Double Tap","floor":33.0},{"not_picked":["Sword Boomerang","True Grit+1"],"picked":"Shrug It Off+1","floor":35.0},{"not_picked":["Combust","Iron Wave+1"],"picked":"Inflame","floor":37.0},{"not_picked":["Wild Strike","Cleave"],"picked":"Fiend Fire","floor":38.0},{"not_picked":["Cleave+1","Pommel Strike"],"picked":"Havoc","floor":39.0},{"not_picked":["Sword Boomerang","Pommel Strike"],"picked":"Dark Embrace","floor":40.0},{"not_picked":["Rampage","Thunderclap"],"picked":"Armaments","floor":42.0},{"not_picked":["Spot Weakness","Havoc"],"picked":"True Grit+1","floor":44.0},{"not_picked":["Perfected Strike+1","Clash+1","Uppercut"],"picked":"SKIP","floor":45.0},{"not_picked":["Fire Breathing","Thunderclap","Pommel Strike","Intimidate+1"],"picked":"SKIP","floor":47.0},{"not_picked":["Second Wind","Clothesline","Blood for Blood"],"picked":"Corruption","floor":55}],"player_experience":1242761,"relics_obtained":[{"floor":9.0,"key":"Pen Nib"},{"floor":10.0,"key":"Self Forming Clay"},{"floor":13.0,"key":"PreservedInsect"},{"floor":24.0,"key":"Dodecahedron"},{"floor":26.0,"key":"War Paint"},{"floor":27.0,"key":"Potion Belt"},{"floor":28.0,"key":"Meat on the Bone"},{"floor":29.0,"key":"Blood Vial"},{"floor":39.0,"key":"Dead Branch"},{"floor":40.0,"key":"Du-Vu Doll"},{"floor":45.0,"key":"Question Card"},{"floor":55,"key":"Happy Flower"}],"event_choices":[{"damage_healed":0.0,"max_hp_gain":0.0,"max_hp_loss":0.0,"gold_gain":0.0,"event_name":"Big Fish","player_choice":"Box","floor":3.0,"gold_loss":0.0,"damage_taken":0.0,"relics_obtained":["MawBank"],"cards_obtained":["Regret"]},{"cards_removed":["Regret"],"damage_healed":0.0,"max_hp_gain":0.0,"max_hp_loss":0.0,"gold_gain":0.0,"event_name":"Living Wall","player_choice":"Forget","floor":4.0,"gold_loss":0.0,"damage_taken":0.0},{"cards_removed":["Strike_R"],"damage_healed":0.0,"max_hp_gain":0.0,"max_hp_loss":0.0,"gold_gain":0.0,"event_name":"Golden Wing","player_choice":"Card Removal","floor":5.0,"gold_loss":0.0,"damage_taken":7.0},{"damage_healed":0.0,"max_hp_gain":0.0,"max_hp_loss":0.0,"gold_gain":0.0,"cards_transformed":["Strike_R","Strike_R"],"event_name":"Designer","player_choice":"Transformed Cards","floor":19.0,"gold_loss":75.0,"damage_taken":0.0,"cards_obtained":["Intimidate","Exhume"]},{"damage_healed":0.0,"max_hp_gain":0.0,"max_hp_loss":0.0,"gold_gain":0.0,"event_name":"WeMeetAgain","player_choice":"Gave Potion","floor":31.0,"gold_loss":0.0,"damage_taken":0.0,"relics_obtained":["Blue Candle"]},{"damage_healed":0.0,"max_hp_gain":0.0,"max_hp_loss":0.0,"gold_gain":0.0,"event_name":"Mysterious Sphere","player_choice":"Fight","floor":39.0,"gold_loss":0.0,"damage_taken":0.0},{"cards_removed":["Intimidate"],"damage_healed":0.0,"max_hp_gain":0.0,"max_hp_loss":0.0,"gold_gain":0.0,"event_name":"Falling","player_choice":"Removed Skill","floor":48.0,"gold_loss":0.0,"damage_taken":0.0}],"is_beta":true,"boss_relics":[{"not_picked":["Orrery","Eternal Feather"],"picked":"Velvet Choker"},{"not_picked":["Coffee Dripper","Astrolabe"],"picked":"Snecko Eye"}],"items_purged_floors":[22,54],"is_endless":false,"potions_floor_spawned":[7,10,13,14,18,21,29,35,37,42,44,55],"ascension_level":20}