{"path_per_floor":["M","?","$","?","M","M","M","E","T","E","M","?","$","M","R"],"character_chosen":"IRONCLAD","items_purchased":[],"gold_per_floor":[110,110,35,35,46,57,74,108,108,138,154,209,109,129,129],"floor_reached":16,"campfire_rested":0,"playtime":1132,"current_hp_per_floor":[76,76,76,76,73,80,69,53,53,34,36,14,14,22,22],"items_purged":["Strike_R","Regret"],"gold":129,"score":112,"play_id":"9bb79053-2299-433d-9828-0cb7c9cc1ad3","local_time":"20180313012110","is_prod":false,"is_daily":false,"is_ascension_mode":false,"campfire_upgraded":1,"timestamp":1520918470,"path_taken":["M","?","?","?","M","M","M","E","T","E","?","?","?","M","R","BOSS"],"build_version":"2018-03-09","purchased_purges":2,"victory":false,"master_deck":["Strike_R","Strike_R","Strike_R","Strike_R","Defend_R","Defend_R","Defend_R","Defend_R","Bash","Pommel Strike+1","Normality","Whirlwind","True Grit","Armaments+1","Battle Trance"],"max_hp_per_floor":[80,80,80,80,80,80,80,80,80,87,87,87,87,87,87],"relics":["Burning Blood","Calipers","Blood Vial","Bag of Preparation","Ginger","Strawberry","Omamori"],"card_choices":[{"not_picked":["Clothesline","Body Slam"],"picked":"Pommel Strike"},{"not_picked":["Corruption","Wild Strike"],"picked":"Whirlwind"},{"not_picked":["Wild Strike","Demon Form"],"picked":"True Grit"},{"not_picked":["Sword Boomerang","Pommel Strike"],"picked":"Armaments"},{"not_picked":["Pommel Strike","Clash"],"picked":"Battle Trance"}],"player_experience":64536,"potions_floor_usage":[8,8,12,12,16],"damage_taken":[{"damage":10,"enemies":"Jaw Worm","floor":1,"turns":6},{"damage":11,"enemies":"Cultist","floor":5,"turns":4},{"damage":0,"enemies":"2 Louse","floor":6,"turns":2},{"damage":17,"enemies":"Exordium Thugs","floor":7,"turns":4},{"damage":24,"enemies":"Gremlin Nob","floor":8,"turns":4},{"damage":34,"enemies":"3 Sentries","floor":10,"turns":5},{"damage":6,"enemies":"3 Louse","floor":11,"turns":4},{"damage":30,"enemies":"Gremlin Nob","floor":12,"turns":4},{"damage":0,"enemies":"Lots of Slimes","floor":14,"turns":1},{"damage":49,"enemies":"Slime Boss","floor":16,"turns":11}],"event_choices":[{"event_name":"Upgrade Shrine","player_choice":"Upgraded","floor":2,"damage_taken":0},{"event_name":"Accursed Blacksmith","player_choice":"Rummage","floor":4,"damage_taken":0},{"event_name":"Dead Adventurer","player_choice":"Searched \u00271\u0027 times","floor":12,"damage_taken":0}],"boss_relics":[],"potions_floor_spawned":[6,7,10,11,12],"seed_played":"-5173626211378022509","killed_by":"Slime Boss","ascension_level":0,"is_trial":false}