{"gold_per_floor":[118,131,3,3,78,78,109,127,150,175,187,218,257,284,296,381,393,415,197,197,215,215,215,235,252,275,275],"floor_reached":27,"playtime":1206,"items_purged":[],"score":616,"play_id":"2359a94b-d46a-495c-b11f-f73a3489bffa","local_time":"20190228193100","is_ascension_mode":true,"campfire_choices":[{"data":"Consume","floor":6.0,"key":"SMITH"},{"floor":15.0,"key":"REST"},{"data":"Defragment","floor":23.0,"key":"SMITH"}],"neow_cost":"NONE","seed_source_timestamp":2647701209483915,"circlet_count":0,"master_deck":["AscendersBane","Strike_B","Strike_B","Defend_B","Defend_B+1","Defend_B","Defend_B","Zap","Dualcast","Cold Snap","Hologram","Consume+1","Conserve Battery+1","Genetic Algorithm","Defragment+1","Conserve Battery","Capacitor","Undo","Reinforced Body","Cold Snap","Defragment","Shame"],"special_seed":0,"relics":["Cracked Core","Oddly Smooth Stone","Strawberry","War Paint","MawBank","FossilizedHelix","Cursed Key","OrangePellets"],"potions_floor_usage":[27,27],"damage_taken":[{"damage":0.0,"enemies":"Jaw Worm","floor":1.0,"turns":3.0},{"damage":0.0,"enemies":"2 Louse","floor":2.0,"turns":3.0},{"damage":24.0,"enemies":"Lagavulin","floor":7.0,"turns":7.0},{"damage":0.0,"enemies":"Cultist","floor":8.0,"turns":3.0},{"damage":36.0,"enemies":"Gremlin Nob","floor":10.0,"turns":4.0},{"damage":0.0,"enemies":"Large Slime","floor":12.0,"turns":7.0},{"damage":0.0,"enemies":"3 Sentries","floor":13.0,"turns":8.0},{"damage":1.0,"enemies":"Exordium Wildlife","floor":14.0,"turns":4.0},{"damage":0.0,"enemies":"Slime Boss","floor":16.0,"turns":12.0},{"damage":0.0,"enemies":"Spheric Guardian","floor":18.0,"turns":6.0},{"damage":0.0,"enemies":"Colosseum Slavers","floor":20.0,"turns":7.0},{"damage":14.0,"enemies":"Chosen","floor":21.0,"turns":6.0},{"damage":35.0,"enemies":"3 Cultists","floor":24.0,"turns":8.0},{"damage":3.0,"enemies":"Cultist and Chosen","floor":25.0,"turns":7.0},{"damage":23,"enemies":"Slavers","floor":27,"turns":7}],"seed_played":"414485496717759497","potions_obtained":[{"floor":2.0,"key":"SkillPotion"},{"floor":10.0,"key":"Ancient Potion"},{"floor":12.0,"key":"Block Potion"},{"floor":18.0,"key":"GamblersBrew"},{"floor":24.0,"key":"PowerPotion"}],"is_trial":false,"path_per_floor":["M","M","$","?","?","R","E","M","T","E","?","M","E","M","R","B",null,"M","$","?","M","?","R","M","M","T","E"],"character_chosen":"DEFECT","items_purchased":["Consume","PowerPotion","OrangePellets"],"campfire_rested":1,"item_purchase_floors":[3,3,19],"current_hp_per_floor":[64,64,64,69,58,58,41,41,41,5,5,5,5,4,28,28,69,69,69,69,55,55,55,20,17,17,0],"gold":275,"neow_bonus":"RANDOM_COMMON_RELIC","is_prod":false,"is_daily":false,"chose_seed":false,"campfire_upgraded":2,"win_rate":0,"timestamp":1551411060,"path_taken":["M","M","$","?","?","R","E","M","T","E","?","M","E","?","R","BOSS","M","$","?","M","?","R","M","M","T","E"],"build_version":"2019-02-06","purchased_purges":0,"victory":false,"max_hp_per_floor":[71,71,71,76,76,76,83,83,83,83,83,83,83,83,83,83,83,83,83,83,83,83,83,83,83,83,83],"card_choices":[{"not_picked":["Steam","Leap"],"picked":"Cold Snap","floor":1.0},{"not_picked":["Go for the Eyes","Sweeping Beam"],"picked":"Hologram","floor":2.0},{"not_picked":["Turbo","Leap","Lockon"],"picked":"SKIP","floor":7.0},{"not_picked":["Rainbow","Steam"],"picked":"Conserve Battery","floor":8.0},{"not_picked":["Go for the Eyes","Sweeping Beam"],"picked":"Genetic Algorithm","floor":10.0},{"not_picked":["Lockon","Heatsinks"],"picked":"Conserve Battery","floor":12.0},{"not_picked":["Meteor Strike","Hologram"],"picked":"Capacitor","floor":13.0},{"not_picked":["Turbo","Gash"],"picked":"Undo","floor":14.0},{"not_picked":["Go for the Eyes","Leap"],"picked":"Reinforced Body","floor":18.0},{"not_picked":["Conserve Battery","Undo","Compile Driver"],"picked":"SKIP","floor":21.0},{"not_picked":["Ball Lightning","Reprogram"],"picked":"Cold Snap","floor":24.0},{"not_picked":["Barrage","Hologram"],"picked":"Defragment","floor":25.0}],"player_experience":1287841,"relics_obtained":[{"floor":7.0,"key":"Strawberry"},{"floor":9.0,"key":"War Paint"},{"floor":10.0,"key":"MawBank"},{"floor":13.0,"key":"FossilizedHelix"}],"event_choices":[{"damage_healed":0.0,"max_hp_gain":5.0,"max_hp_loss":0.0,"gold_gain":0.0,"event_name":"Big Fish","player_choice":"Donut","floor":4.0,"gold_loss":0.0,"damage_taken":0.0},{"damage_healed":0.0,"max_hp_gain":0.0,"max_hp_loss":0.0,"gold_gain":75.0,"event_name":"World of Goop","player_choice":"Gather Gold","floor":5.0,"gold_loss":0.0,"damage_taken":11.0},{"damage_healed":0.0,"max_hp_gain":0.0,"max_hp_loss":0.0,"gold_gain":0.0,"cards_transformed":["Strike_B"],"event_name":"Transmorgrifier","player_choice":"Transformed","floor":11.0,"gold_loss":0.0,"damage_taken":0.0,"cards_obtained":["Defragment"]},{"damage_healed":0.0,"max_hp_gain":0.0,"max_hp_loss":0.0,"gold_gain":0.0,"event_name":"Colosseum","player_choice":"Fight","floor":20.0,"gold_loss":0.0,"damage_taken":0.0},{"damage_healed":0.0,"max_hp_gain":0.0,"max_hp_loss":0.0,"gold_gain":0.0,"event_name":"Colosseum","player_choice":"Fled From Nobs","floor":20.0,"gold_loss":0.0,"damage_taken":0.0},{"cards_removed":["Strike_B"],"damage_healed":0.0,"max_hp_gain":0.0,"max_hp_loss":0.0,"gold_gain":0.0,"event_name":"Purifier","player_choice":"Purged","floor":22.0,"gold_loss":0.0,"damage_taken":0.0}],"is_beta":true,"boss_relics":[{"not_picked":["Ectoplasm","FrozenCore"],"picked":"Cursed Key"}],"items_purged_floors":[],"is_endless":false,"potions_floor_spawned":[2,10,12,18,24],"killed_by":"Slavers","ascension_level":20}