{"gold_per_floor":[214,232,247,247,167,167,202,202,202,237,237,237,260,299,299,388,388,401,401,417,20,41,41,79,79,79,122,142,142,142,97,97,97],"floor_reached":33,"playtime":887,"items_purged":["Decay"],"score":702,"play_id":"d67f5e89-2f81-41f1-940e-b0f3dd7a75e3","local_time":"20190206234628","is_ascension_mode":true,"campfire_choices":[{"data":"Perfected Strike","floor":6.0,"key":"SMITH"},{"data":"Perfected Strike","floor":8.0,"key":"SMITH"},{"data":"Perfected Strike","floor":15,"key":"SMITH"},{"data":"Bludgeon","floor":23,"key":"SMITH"},{"floor":25,"key":"REST"},{"floor":30,"key":"REST"},{"data":"Offering","floor":32,"key":"SMITH"}],"neow_cost":"NONE","seed_source_timestamp":1237058910173502,"circlet_count":0,"master_deck":["AscendersBane","Strike_R+1","Strike_R+1","Strike_R+1","Strike_R+1","Strike_R+1","Defend_R+1","Defend_R+1","Defend_R+1","Defend_R+1","Bash","Perfected Strike+1","Perfected Strike+1","Shrug It Off","Thunderclap+1","Perfected Strike+1","Shrug It Off","Seeing Red","Offering+1","Bludgeon+1","Corruption","Disarm","Feed+1","Disarm","Inflame"],"special_seed":0,"relics":["Burning Blood","Golden Idol","Letter Opener","Pen Nib","Smiling Mask","Bronze Scales","Self Forming Clay","Philosopher\u0027s Stone","Pantograph","Whetstone","Molten Egg 2"],"potions_floor_usage":[24,27],"damage_taken":[{"damage":4.0,"enemies":"2 Louse","floor":1.0,"turns":3.0},{"damage":7.0,"enemies":"Jaw Worm","floor":2.0,"turns":2.0},{"damage":0.0,"enemies":"Cultist","floor":3.0,"turns":2.0},{"damage":32.0,"enemies":"Gremlin Nob","floor":7.0,"turns":4.0},{"damage":20.0,"enemies":"3 Sentries","floor":10.0,"turns":9.0},{"damage":0,"enemies":"Blue Slaver","floor":13,"turns":1},{"damage":14,"enemies":"Lagavulin","floor":14,"turns":6},{"damage":6,"enemies":"Slime Boss","floor":16,"turns":3},{"damage":6,"enemies":"Spheric Guardian","floor":18,"turns":1},{"damage":11,"enemies":"3 Byrds","floor":20,"turns":2},{"damage":10,"enemies":"3 Cultists","floor":22,"turns":4},{"damage":39,"enemies":"Slavers","floor":24,"turns":5},{"damage":15,"enemies":"Gremlin Leader","floor":27,"turns":4},{"damage":13,"enemies":"Chosen and Byrds","floor":28,"turns":3},{"damage":82,"enemies":"Automaton","floor":33,"turns":8}],"seed_played":"-628796606519049836","potions_obtained":[{"floor":3.0,"key":"EssenceOfSteel"},{"floor":13,"key":"Energy Potion"},{"floor":20,"key":"Energy Potion"},{"floor":24,"key":"FairyPotion"},{"floor":27,"key":"EssenceOfSteel"}],"is_trial":false,"path_per_floor":["M","M","M","?","$","R","E","R","T","E","?","?","M","E","R","B",null,"M","?","M","$","M","R","E","R","T","E","M","?","R","$","R","B"],"character_chosen":"IRONCLAD","items_purchased":["Shrug It Off","Thunderclap","Pantograph","Corruption","Inflame"],"campfire_rested":2,"item_purchase_floors":[5,5,21,21,31],"current_hp_per_floor":[70,69,75,68,68,68,42,42,42,28,17,17,23,15,15,15,55,55,55,50,50,46,46,13,33,33,24,17,17,37,37,37,0],"gold":97,"neow_bonus":"HUNDRED_GOLD","is_prod":false,"is_daily":false,"chose_seed":false,"campfire_upgraded":5,"win_rate":0,"timestamp":1549525588,"path_taken":["M","M","M","?","$","R","E","R","T","E","?","?","?","E","R","BOSS","M","?","?","$","M","R","E","R","T","E","?","?","R","$","R","BOSS"],"build_version":"2019-01-23","purchased_purges":1,"victory":false,"max_hp_per_floor":[75,75,75,68,68,68,68,68,68,68,68,68,68,68,68,68,68,68,68,68,68,68,68,68,68,68,68,68,68,68,68,68,68],"card_choices":[{"not_picked":["Thunderclap","Pummel"],"picked":"Perfected Strike","floor":1.0},{"not_picked":["Cleave","Clothesline"],"picked":"Perfected Strike","floor":2.0},{"not_picked":["Cleave","Rage","Wild Strike"],"picked":"SKIP","floor":3.0},{"not_picked":["Carnage","Havoc"],"picked":"Perfected Strike","floor":7.0},{"not_picked":["Dark Embrace","Cleave"],"picked":"Shrug It Off","floor":10.0},{"not_picked":["Sword Boomerang","Flame Barrier"],"picked":"Seeing Red","floor":13},{"not_picked":["Evolve","Havoc"],"picked":"Offering","floor":14},{"not_picked":["Barricade","Brutality"],"picked":"Bludgeon","floor":16},{"not_picked":["Uppercut+1","Havoc","Wild Strike"],"picked":"SKIP","floor":18},{"not_picked":["Body Slam","Wild Strike","Havoc"],"picked":"SKIP","floor":20},{"not_picked":["Headbutt","Flex","Clash"],"picked":"SKIP","floor":22},{"not_picked":["Cleave+1","Combust"],"picked":"Disarm","floor":24},{"not_picked":["Reckless Charge+1","Twin Strike+1"],"picked":"Feed+1","floor":27},{"not_picked":["Headbutt+1","Uppercut+1"],"picked":"Disarm","floor":28}],"player_experience":1096815,"relics_obtained":[{"floor":7.0,"key":"Letter Opener"},{"floor":9.0,"key":"Pen Nib"},{"floor":10.0,"key":"Smiling Mask"},{"floor":14,"key":"Self Forming Clay"},{"floor":24,"key":"Whetstone"},{"floor":26,"key":"Molten Egg 2"}],"event_choices":[{"damage_healed":0.0,"max_hp_gain":0.0,"max_hp_loss":7.0,"gold_gain":0.0,"event_name":"Golden Idol","player_choice":"Lose Max HP","floor":4.0,"gold_loss":0.0,"damage_taken":0.0,"relics_obtained":["Golden Idol"]},{"damage_healed":0.0,"max_hp_gain":0.0,"max_hp_loss":0.0,"gold_gain":0.0,"event_name":"Scrap Ooze","player_choice":"Success","floor":11.0,"gold_loss":0.0,"damage_taken":11.0,"relics_obtained":["Bronze Scales"]},{"damage_healed":0,"gold_gain":0,"player_choice":"0 cards matched","damage_taken":0,"max_hp_gain":0,"max_hp_loss":0,"event_name":"Match and Keep!","floor":12,"gold_loss":0,"cards_obtained":[]},{"damage_healed":0,"gold_gain":0,"player_choice":"Cursed","damage_taken":0,"max_hp_gain":0,"max_hp_loss":0,"event_name":"Wheel of Change","floor":19,"gold_loss":0,"cards_obtained":["Decay"]},{"damage_healed":0,"gold_gain":0,"player_choice":"Simplicity","damage_taken":0,"max_hp_gain":0,"max_hp_loss":0,"event_name":"Back to Basics","floor":29,"gold_loss":0,"cards_upgraded":["Strike_R","Strike_R","Strike_R","Strike_R","Defend_R","Defend_R","Defend_R","Defend_R"]}],"is_beta":true,"boss_relics":[{"not_picked":["Orrery","Astrolabe"],"picked":"Philosopher\u0027s Stone"}],"items_purged_floors":[21],"is_endless":false,"potions_floor_spawned":[3,13,20,24,27],"killed_by":"Automaton","ascension_level":20}