{"gold_per_floor":[15,31,31,306,326,326,352,352,376,301,301],"floor_reached":11,"playtime":297,"items_purged":[],"score":142,"play_id":"c3e85552-09ea-43dd-8be1-1ec6284d8b73","local_time":"20190226204032","is_ascension_mode":true,"campfire_choices":[{"data":"Bash","floor":6.0,"key":"SMITH"},{"data":"Armaments","floor":8,"key":"SMITH"}],"neow_cost":"NO_GOLD","seed_source_timestamp":2497323216663499,"circlet_count":0,"master_deck":["AscendersBane","Strike_R","Strike_R","Strike_R","Strike_R","Strike_R","Defend_R","Defend_R","Defend_R","Defend_R","Bash+1","Feed","Armaments+1","Iron Wave","Shockwave","Shrug It Off"],"special_seed":0,"relics":["Burning Blood","Boot","Shuriken","Art of War"],"potions_floor_usage":[7,7,7],"damage_taken":[{"damage":12.0,"enemies":"Small Slimes","floor":1.0,"turns":4.0},{"damage":8.0,"enemies":"2 Louse","floor":2.0,"turns":6.0},{"damage":4.0,"enemies":"Cultist","floor":5.0,"turns":4.0},{"damage":30,"enemies":"Lagavulin","floor":7,"turns":7},{"damage":45,"enemies":"Gremlin Nob","floor":11,"turns":4}],"seed_played":"-2145490559186296000","potions_obtained":[{"floor":5.0,"key":"EntropicBrew"}],"is_trial":false,"path_per_floor":["M","M","?","?","M","R","E","R","T","?","E"],"character_chosen":"IRONCLAD","items_purchased":[],"campfire_rested":0,"item_purchase_floors":[],"current_hp_per_floor":[65,67,49,49,55,55,31,31,31,31,0],"gold":301,"neow_bonus":"THREE_RARE_CARDS","is_prod":false,"is_daily":false,"chose_seed":false,"campfire_upgraded":2,"win_rate":0,"timestamp":1551242432,"path_taken":["M","M","?","?","?","R","E","R","T","?","E"],"build_version":"2019-02-06","purchased_purges":0,"victory":false,"max_hp_per_floor":[78,82,82,82,86,86,86,86,86,86,86],"card_choices":[{"not_picked":["Impervious","Double Tap"],"picked":"Feed","floor":0.0},{"not_picked":["Searing Blow","Cleave"],"picked":"Armaments","floor":1.0},{"not_picked":["Sword Boomerang","Entrench"],"picked":"Iron Wave","floor":2.0},{"not_picked":["Searing Blow","Bloodletting"],"picked":"Shockwave","floor":5.0},{"not_picked":["True Grit","Evolve"],"picked":"Shrug It Off","floor":7}],"player_experience":1262289,"relics_obtained":[{"floor":7,"key":"Shuriken"},{"floor":9,"key":"Art of War"}],"event_choices":[{"damage_healed":0.0,"max_hp_gain":0.0,"max_hp_loss":0.0,"gold_gain":0.0,"event_name":"Scrap Ooze","player_choice":"Success","floor":3.0,"gold_loss":0.0,"damage_taken":18.0,"relics_obtained":["Boot"]},{"damage_healed":0.0,"max_hp_gain":0.0,"max_hp_loss":0.0,"gold_gain":275.0,"event_name":"Golden Shrine","player_choice":"Desecrate","floor":4.0,"gold_loss":0.0,"damage_taken":0.0,"cards_obtained":["Regret"]},{"cards_removed":["Regret"],"damage_healed":0,"gold_gain":0,"player_choice":"Card Removal","damage_taken":0,"max_hp_gain":0,"max_hp_loss":0,"event_name":"The Cleric","floor":10,"gold_loss":75}],"is_beta":true,"boss_relics":[],"items_purged_floors":[],"is_endless":false,"potions_floor_spawned":[5],"killed_by":"Gremlin Nob","ascension_level":20}