{"gold_per_floor":[111,111,124,135,146,181,181,194,194,34,59,39,39,51,51,126,126,144,163,60,77,90,123,135,167,190,10,45,77,119,141,153,165],"floor_reached":33,"playtime":1368,"items_purged":["Strike_R"],"score":782,"play_id":"3eef34f3-a227-4d33-b9aa-a4467c526088","local_time":"20190226233224","is_ascension_mode":true,"campfire_choices":[{"floor":7.0,"key":"REST"},{"data":"Immolate","floor":13.0,"key":"SMITH"},{"data":"Fiend Fire","floor":15.0,"key":"SMITH"},{"floor":32,"key":"REST"}],"neow_cost":"PERCENT_DAMAGE","seed_source_timestamp":2506168593517056,"circlet_count":0,"master_deck":["AscendersBane","Strike_R","Strike_R","Strike_R","Defend_R","Defend_R","Defend_R","Defend_R","Bash+1","Immolate+1","Thunderclap+1","Shrug It Off","Battle Trance","Feel No Pain","Fiend Fire+1","Battle Trance+1","Headbutt","Feed","Shrug It Off+1","Inflame","True Grit+1","Shrug It Off+1","Shrug It Off+1","Armaments+1","Offering+1","Feel No Pain","Shrug It Off+1","Battle Trance+1"],"special_seed":0,"relics":["Burning Blood","Whetstone","Toxic Egg 2","The Courier","Runic Dome","Letter Opener","Kunai","Strawberry","Pen Nib","MawBank","Mummified Hand"],"potions_floor_usage":[30],"damage_taken":[{"damage":4.0,"enemies":"Jaw Worm","floor":1.0,"turns":4.0},{"damage":0.0,"enemies":"Cultist","floor":3.0,"turns":3.0},{"damage":9.0,"enemies":"2 Louse","floor":4.0,"turns":3.0},{"damage":3.0,"enemies":"Exordium Thugs","floor":5.0,"turns":3.0},{"damage":56.0,"enemies":"Lagavulin","floor":6.0,"turns":9.0},{"damage":7.0,"enemies":"Lots of Slimes","floor":8.0,"turns":2.0},{"damage":11.0,"enemies":"Gremlin Nob","floor":11.0,"turns":3.0},{"damage":0.0,"enemies":"Large Slime","floor":14.0,"turns":3.0},{"damage":25.0,"enemies":"Hexaghost","floor":16.0,"turns":9.0},{"damage":12.0,"enemies":"Chosen","floor":18.0,"turns":4.0},{"damage":3.0,"enemies":"Shell Parasite","floor":19.0,"turns":2.0},{"damage":6.0,"enemies":"Cultist and Chosen","floor":21.0,"turns":5.0},{"damage":24.0,"enemies":"Sentry and Sphere","floor":22.0,"turns":6.0},{"damage":0.0,"enemies":"Gremlin Leader","floor":23.0,"turns":4.0},{"damage":23.0,"enemies":"Snake Plant","floor":24.0,"turns":5.0},{"damage":13.0,"enemies":"Book of Stabbing","floor":25.0,"turns":3.0},{"damage":21.0,"enemies":"Slavers","floor":28.0,"turns":3.0},{"damage":11.0,"enemies":"Chosen and Byrds","floor":29.0,"turns":5.0},{"damage":9,"enemies":"Book of Stabbing","floor":30,"turns":2},{"damage":0,"enemies":"3 Cultists","floor":31,"turns":4},{"damage":69,"enemies":"Collector","floor":33,"turns":7}],"seed_played":"-6344268055341864374","potions_obtained":[{"floor":3.0,"key":"SkillPotion"},{"floor":8.0,"key":"Explosive Potion"},{"floor":11.0,"key":"Block Potion"},{"floor":16.0,"key":"GamblersBrew"},{"floor":19.0,"key":"SteroidPotion"}],"is_trial":false,"path_per_floor":["M","?","M","M","M","E","R","M","T","$","E","?","R","M","R","B",null,"M","M","?","M","M","E","M","E","T","$","E","M","E","M","R","B"],"character_chosen":"IRONCLAD","items_purchased":["Battle Trance+1","Offering+1","Strength Potion"],"campfire_rested":2,"item_purchase_floors":[10,27,27],"current_hp_per_floor":[52,52,58,55,58,8,30,29,29,29,24,24,24,30,30,11,59,56,59,59,62,47,53,39,39,39,39,27,25,25,34,65,0],"gold":165,"neow_bonus":"THREE_RARE_CARDS","is_prod":false,"is_daily":false,"chose_seed":false,"campfire_upgraded":2,"win_rate":0,"timestamp":1551252744,"path_taken":["M","?","M","?","M","E","R","M","T","$","E","?","R","M","R","BOSS","M","M","?","M","M","E","M","E","T","$","E","?","E","M","R","BOSS"],"build_version":"2019-02-06","purchased_purges":1,"victory":false,"max_hp_per_floor":[75,75,75,75,75,75,75,75,75,75,75,75,75,75,75,75,75,78,78,78,81,84,84,87,94,94,94,97,100,103,106,106,106],"card_choices":[{"not_picked":["Barricade","Reaper"],"picked":"Immolate","floor":0.0},{"not_picked":["Anger","Twin Strike"],"picked":"Thunderclap","floor":1.0},{"not_picked":["Sentinel","Thunderclap"],"picked":"Shrug It Off","floor":3.0},{"not_picked":["Searing Blow","Body Slam"],"picked":"Battle Trance","floor":4.0},{"not_picked":["Brutality","Clash","Heavy Blade"],"picked":"SKIP","floor":5.0},{"not_picked":["Wild Strike","Heavy Blade"],"picked":"Feel No Pain","floor":6.0},{"not_picked":["Bloodletting","Pommel Strike"],"picked":"Fiend Fire","floor":8.0},{"not_picked":["Body Slam","Clothesline","Pommel Strike"],"picked":"SKIP","floor":11.0},{"not_picked":["Entrench+1","Cleave"],"picked":"Headbutt","floor":14.0},{"not_picked":["Juggernaut","Barricade"],"picked":"Feed","floor":16.0},{"not_picked":["Cleave","Second Wind+1","Pummel"],"picked":"SKIP","floor":18.0},{"not_picked":["Wild Strike","Pommel Strike"],"picked":"Shrug It Off+1","floor":19.0},{"not_picked":["Pommel Strike","Havoc+1"],"picked":"Inflame","floor":21.0},{"not_picked":["Perfected Strike","Headbutt"],"picked":"True Grit+1","floor":22.0},{"not_picked":["Reckless Charge","Feed"],"picked":"Shrug It Off+1","floor":23.0},{"not_picked":["Clothesline","Anger"],"picked":"Shrug It Off+1","floor":24.0},{"not_picked":["Iron Wave","Rupture"],"picked":"Armaments+1","floor":25.0},{"not_picked":["Armaments+1","Barricade"],"picked":"Feel No Pain","floor":28.0},{"not_picked":["Wild Strike","Flex+1","Blood for Blood"],"picked":"SKIP","floor":29.0},{"not_picked":["Ghostly Armor+1","Sever Soul"],"picked":"Shrug It Off+1","floor":30},{"not_picked":["True Grit+1","Sever Soul"],"picked":"Battle Trance+1","floor":31}],"player_experience":1270406,"relics_obtained":[{"floor":6.0,"key":"Whetstone"},{"floor":9.0,"key":"Toxic Egg 2"},{"floor":11.0,"key":"The Courier"},{"floor":23.0,"key":"Kunai"},{"floor":25.0,"key":"Strawberry"},{"floor":26.0,"key":"Pen Nib"},{"floor":28.0,"key":"MawBank"},{"floor":30,"key":"Mummified Hand"}],"event_choices":[{"cards_removed":["Strike_R"],"damage_healed":0.0,"max_hp_gain":0.0,"max_hp_loss":0.0,"gold_gain":0.0,"event_name":"Purifier","player_choice":"Purged","floor":2.0,"gold_loss":0.0,"damage_taken":0.0},{"damage_healed":0.0,"max_hp_gain":0.0,"max_hp_loss":0.0,"gold_gain":0.0,"event_name":"The Woman in Blue","player_choice":"Bought 1 Potion","floor":12.0,"gold_loss":0.0,"damage_taken":0.0},{"damage_healed":0.0,"max_hp_gain":0.0,"max_hp_loss":0.0,"gold_gain":0.0,"event_name":"WeMeetAgain","player_choice":"Paid Gold","floor":20.0,"gold_loss":103.0,"damage_taken":0.0,"relics_obtained":["Letter Opener"]}],"is_beta":true,"boss_relics":[{"not_picked":["Sozu","Black Blood"],"picked":"Runic Dome"}],"items_purged_floors":[10],"is_endless":false,"potions_floor_spawned":[3,8,11,16,19,22,23,28],"killed_by":"Collector","ascension_level":20}