{"gold_per_floor":[109,109,128,24,44,44,62,88,88,0,18,46,46,11,11,86,86,106,106,122,64,82,82,82,117,117,117,167,199,211,239,239,312,312,324,12,112,112,123,152,171,171,171,171,200,48,80,93,93,93,93,93,93,13,46,46],"floor_reached":57,"playtime":3971,"items_purged":["Regret"],"score":3262,"play_id":"f8fa0831-4dbe-4705-9c5b-f535fb830f66","local_time":"20190224014136","is_ascension_mode":true,"campfire_choices":[{"data":"Beam Cell","floor":6.0,"key":"SMITH"},{"data":"Defragment","floor":13.0,"key":"SMITH"},{"data":"Blizzard","floor":15.0,"key":"SMITH"},{"data":"Coolheaded","floor":23.0,"key":"SMITH"},{"floor":27.0,"key":"REST"},{"data":"Rainbow","floor":32.0,"key":"SMITH"},{"floor":42.0,"key":"RECALL"},{"floor":49.0,"key":"REST"},{"floor":53.0,"key":"REST"}],"neow_cost":"TEN_PERCENT_HP_LOSS","seed_source_timestamp":2345296202247454,"circlet_count":0,"master_deck":["AscendersBane","Strike_B","Strike_B","Defend_B","Defend_B","Defend_B","Defend_B","Zap+1","Dualcast","Conserve Battery","Beam Cell+1","Ball Lightning","Cold Snap","Coolheaded+1","Compile Driver","Rainbow+1","Blizzard+1","Defragment+1","Fission+1","Coolheaded+1","Zap+1","Chill+1","Turbo+1","Coolheaded+1","Coolheaded+1","Glacier+1","Undo+1","Turbo+1","Creative AI+1","Coolheaded+1","Defragment+1","Glacier+1","Go for the Eyes+1","Amplify+1","Steam+1","Doubt","Hologram+1","Blizzard","Steam+1"],"special_seed":0,"relics":["Cracked Core","Art of War","Toxic Egg 2","Frozen Egg 2","Cursed Key","Blue Candle","Calipers","Meat on the Bone","Regal Pillow","Fusion Hammer","DollysMirror","Du-Vu Doll","Anchor","Omamori","Pocketwatch","StoneCalendar"],"potions_floor_usage":[56,56],"damage_taken":[{"damage":0.0,"enemies":"Small Slimes","floor":1.0,"turns":4.0},{"damage":0.0,"enemies":"Cultist","floor":3.0,"turns":3.0},{"damage":0.0,"enemies":"Jaw Worm","floor":5.0,"turns":3.0},{"damage":11.0,"enemies":"Gremlin Gang","floor":7.0,"turns":3.0},{"damage":3.0,"enemies":"3 Sentries","floor":8.0,"turns":7.0},{"damage":4.0,"enemies":"2 Fungi Beasts","floor":11.0,"turns":2.0},{"damage":23.0,"enemies":"Lagavulin","floor":12.0,"turns":6.0},{"damage":1.0,"enemies":"The Guardian","floor":16.0,"turns":12.0},{"damage":0.0,"enemies":"Spheric Guardian","floor":18.0,"turns":3.0},{"damage":1.0,"enemies":"Chosen","floor":20.0,"turns":4.0},{"damage":12.0,"enemies":"Snake Plant","floor":22.0,"turns":3.0},{"damage":21.0,"enemies":"Gremlin Leader","floor":25.0,"turns":6.0},{"damage":1.0,"enemies":"Slavers","floor":29.0,"turns":5.0},{"damage":1.0,"enemies":"Centurion and Healer","floor":30.0,"turns":3.0},{"damage":1.0,"enemies":"Gremlin Leader","floor":31.0,"turns":7.0},{"damage":25.0,"enemies":"Collector","floor":33.0,"turns":14.0},{"damage":1.0,"enemies":"3 Darklings","floor":35.0,"turns":4.0},{"damage":1.0,"enemies":"Mind Bloom Boss Battle","floor":37.0,"turns":8.0},{"damage":1.0,"enemies":"3 Shapes","floor":39.0,"turns":5.0},{"damage":1.0,"enemies":"Nemesis","floor":40.0,"turns":9.0},{"damage":3.0,"enemies":"Writhing Mass","floor":41.0,"turns":8.0},{"damage":2.0,"enemies":"Reptomancer","floor":45.0,"turns":6.0},{"damage":0.0,"enemies":"Nemesis","floor":47.0,"turns":7.0},{"damage":17.0,"enemies":"3 Darklings","floor":48.0,"turns":13.0},{"damage":1.0,"enemies":"Awakened One","floor":50.0,"turns":11.0},{"damage":0.0,"enemies":"Donu and Deca","floor":51.0,"turns":16.0},{"damage":31.0,"enemies":"Shield and Spear","floor":55.0,"turns":11.0},{"damage":30,"enemies":"The Heart","floor":56,"turns":16}],"seed_played":"2385648164420818254","potions_obtained":[{"floor":3.0,"key":"Swift Potion"},{"floor":12.0,"key":"FairyPotion"},{"floor":18.0,"key":"SteroidPotion"},{"floor":22.0,"key":"PowerPotion"},{"floor":29.0,"key":"Fire Potion"},{"floor":45.0,"key":"Dexterity Potion"}],"is_trial":false,"path_per_floor":["M","?","M","$","M","R","M","E","T","$","M","E","R","?","R","B",null,"M","?","M","$","M","R","?","E","T","R","?","E","M","E","R","B",null,"M","$","?","?","M","E","M","R","T","?","E","$","E","M","R","B","B",null,"R","$","E","B",null],"character_chosen":"DEFECT","items_purchased":["Cold Snap","Coolheaded","Blizzard","Turbo+1","DollysMirror","Glacier+1","Blizzard","Ancient Potion"],"campfire_rested":3,"item_purchase_floors":[4,4,10,21,36,36,46,54],"current_hp_per_floor":[64,64,64,64,64,64,53,50,50,50,46,23,23,39,39,38,58,58,58,57,57,45,45,45,24,24,43,43,42,41,40,40,27,55,54,54,53,53,52,51,48,48,48,48,46,46,46,41,61,60,60,61,61,61,42,24],"gold":46,"neow_bonus":"TRANSFORM_TWO_CARDS","is_prod":false,"is_daily":false,"chose_seed":false,"campfire_upgraded":5,"win_rate":0,"timestamp":1551001296,"path_taken":["M","?","M","?","M","R","M","E","T","$","M","E","R","?","R","BOSS","M","?","M","$","?","R","?","E","T","R","?","E","M","E","R","BOSS","M","$","?","?","M","E","M","R","T","?","E","?","E","?","R","BOSS","BOSS","R","$","E","BOSS"],"build_version":"2019-02-06","purchased_purges":1,"victory":true,"max_hp_per_floor":[64,64,64,64,64,64,64,64,64,64,64,64,64,64,64,64,64,64,64,64,64,64,64,64,64,64,64,64,64,64,64,64,64,64,64,64,64,64,64,64,64,64,64,61,61,61,61,61,61,61,61,61,61,61,61,61],"card_choices":[{"not_picked":["Stack","Sweeping Beam","Streamline"],"picked":"SKIP","floor":1.0},{"not_picked":["Fusion","Stack"],"picked":"Ball Lightning","floor":3.0},{"not_picked":["Gash","Sunder","Aggregate"],"picked":"SKIP","floor":5.0},{"not_picked":["Hello World","Leap"],"picked":"Compile Driver","floor":7.0},{"not_picked":["Hello World","Coolheaded"],"picked":"Rainbow","floor":8.0},{"not_picked":["Aggregate+1","Darkness+1"],"picked":"Defragment","floor":11.0},{"not_picked":["Beam Cell","Doom and Gloom"],"picked":"Compile Driver","floor":12.0},{"not_picked":["Thunder Strike","All For One"],"picked":"Fission+1","floor":16.0},{"not_picked":["Leap+1","White Noise+1"],"picked":"Coolheaded+1","floor":18.0},{"not_picked":["Hello World+1","Coolheaded+1"],"picked":"Chill+1","floor":20.0},{"not_picked":["Cold Snap","Sweeping Beam"],"picked":"Coolheaded+1","floor":22.0},{"not_picked":["Tempest+1","Multi-Cast+1"],"picked":"Glacier+1","floor":25.0},{"not_picked":["Tempest+1","Lockon"],"picked":"Undo+1","floor":29.0},{"not_picked":["Beam Cell","Compile Driver"],"picked":"Turbo+1","floor":30.0},{"not_picked":["Force Field+1","Beam Cell+1","Streamline"],"picked":"SKIP","floor":31.0},{"not_picked":["Multi-Cast+1","Buffer+1"],"picked":"Creative AI+1","floor":33.0},{"not_picked":["Go for the Eyes","Cold Snap"],"picked":"Coolheaded+1","floor":35.0},{"not_picked":["Compile Driver","Conserve Battery+1"],"picked":"Go for the Eyes+1","floor":37.0},{"not_picked":["Streamline","Go for the Eyes","Redo+1"],"picked":"SKIP","floor":39.0},{"not_picked":["Self Repair+1","Melter+1"],"picked":"Amplify+1","floor":40.0},{"not_picked":["Loop+1","Hello World+1"],"picked":"Steam+1","floor":41.0},{"not_picked":["Capacitor+1","Beam Cell+1"],"picked":"Hologram+1","floor":45.0},{"not_picked":["Blizzard","Barrage"],"picked":"Steam+1","floor":47.0},{"not_picked":["Ball Lightning","Chaos+1","Gash"],"picked":"SKIP","floor":48.0},{"not_picked":["Conserve Battery+1","Cold Snap","Steam+1"],"picked":"SKIP","floor":55.0}],"player_experience":1232502,"relics_obtained":[{"floor":8.0,"key":"Art of War"},{"floor":9.0,"key":"Toxic Egg 2"},{"floor":12.0,"key":"Frozen Egg 2"},{"floor":25.0,"key":"Blue Candle"},{"floor":26.0,"key":"Calipers"},{"floor":29.0,"key":"Meat on the Bone"},{"floor":31.0,"key":"Regal Pillow"},{"floor":37.0,"key":"Du-Vu Doll"},{"floor":40.0,"key":"Anchor"},{"floor":45.0,"key":"Omamori"},{"floor":47.0,"key":"Pocketwatch"},{"floor":55.0,"key":"StoneCalendar"}],"event_choices":[{"damage_healed":0.0,"max_hp_gain":0.0,"max_hp_loss":0.0,"gold_gain":0.0,"event_name":"Upgrade Shrine","player_choice":"Upgraded","floor":2.0,"gold_loss":0.0,"damage_taken":0.0,"cards_upgraded":["Zap"]},{"damage_healed":16.0,"max_hp_gain":0.0,"max_hp_loss":0.0,"gold_gain":0.0,"event_name":"The Cleric","player_choice":"Healed","floor":14.0,"gold_loss":35.0,"damage_taken":0.0},{"damage_healed":0.0,"max_hp_gain":0.0,"max_hp_loss":0.0,"gold_gain":0.0,"event_name":"Match and Keep!","player_choice":"1 cards matched","floor":19.0,"gold_loss":0.0,"damage_taken":0.0,"cards_obtained":["Zap"]},{"damage_healed":0.0,"max_hp_gain":0.0,"max_hp_loss":0.0,"gold_gain":0.0,"event_name":"The Library","player_choice":"Read","floor":24.0,"gold_loss":0.0,"damage_taken":0.0,"cards_obtained":["Coolheaded"]},{"damage_healed":0.0,"max_hp_gain":0.0,"max_hp_loss":0.0,"gold_gain":50.0,"event_name":"Nest","player_choice":"Stole From Cult","floor":28.0,"gold_loss":0.0,"damage_taken":0.0},{"damage_healed":0.0,"max_hp_gain":0.0,"max_hp_loss":0.0,"gold_gain":0.0,"event_name":"MindBloom","player_choice":"Fight","floor":37.0,"gold_loss":0.0,"damage_taken":0.0},{"cards_removed":["Compile Driver"],"damage_healed":0.0,"max_hp_gain":0.0,"max_hp_loss":0.0,"gold_gain":0.0,"event_name":"Falling","player_choice":"Removed Attack","floor":38.0,"gold_loss":0.0,"damage_taken":0.0},{"damage_healed":0.0,"max_hp_gain":0.0,"max_hp_loss":3.0,"gold_gain":0.0,"event_name":"Winding Halls","player_choice":"Max HP","floor":44.0,"gold_loss":0.0,"damage_taken":0.0}],"is_beta":true,"boss_relics":[{"not_picked":["Lizard Tail","Pandora\u0027s Box"],"picked":"Cursed Key"},{"not_picked":["Busted Crown","Nuclear Battery"],"picked":"Fusion Hammer"}],"items_purged_floors":[46],"is_endless":false,"potions_floor_spawned":[3,12,16,18,22,25,29,37,39,45,47,55],"ascension_level":20}