{"gold_per_floor":[119,138,29,40,40,74,74,105,105,105,105,145,145],"floor_reached":13,"playtime":491,"items_purged":[],"score":202,"play_id":"f9fee856-49ce-45c6-af6e-c14878d76438","local_time":"20190215154622","is_ascension_mode":true,"campfire_choices":[{"data":"Defragment","floor":7.0,"key":"SMITH"},{"floor":10,"key":"REST"}],"neow_cost":"TEN_PERCENT_HP_LOSS","seed_source_timestamp":1822596639191260,"circlet_count":0,"master_deck":["AscendersBane","Strike_B","Strike_B","Strike_B","Strike_B","Defend_B","Defend_B","Defend_B","Defend_B","Zap+1","Dualcast","Undo","Doom and Gloom","Ball Lightning","Defragment+1","Turbo","Creative AI"],"special_seed":0,"relics":["Cracked Core","Ice Cream","Boot","Symbiotic Virus","DataDisk","Golden Idol","Omamori"],"potions_floor_usage":[8,8],"damage_taken":[{"damage":9.0,"enemies":"Small Slimes","floor":1.0,"turns":4.0},{"damage":0.0,"enemies":"Jaw Worm","floor":2.0,"turns":3.0},{"damage":0.0,"enemies":"2 Louse","floor":4.0,"turns":2.0},{"damage":25.0,"enemies":"3 Sentries","floor":6.0,"turns":6.0},{"damage":20,"enemies":"Gremlin Nob","floor":8,"turns":4},{"damage":10,"enemies":"3 Sentries","floor":12,"turns":5},{"damage":18,"enemies":"Exordium Thugs","floor":13,"turns":3}],"seed_played":"-2694032722058011928","potions_obtained":[{"floor":1.0,"key":"Ancient Potion"},{"floor":6.0,"key":"FearPotion"}],"is_trial":false,"path_per_floor":["M","M","$","M","?","E","R","E","T","R","?","E","M"],"character_chosen":"DEFECT","items_purchased":["Ball Lightning","Defragment"],"campfire_rested":1,"item_purchase_floors":[3,3],"current_hp_per_floor":[55,55,55,55,55,30,30,10,10,29,29,19,1],"gold":145,"neow_bonus":"ONE_RARE_RELIC","is_prod":false,"is_daily":false,"chose_seed":false,"campfire_upgraded":1,"win_rate":0,"timestamp":1550274382,"path_taken":["M","M","$","M","?","E","R","E","T","R","?","E","?"],"build_version":"2019-02-06","purchased_purges":0,"victory":false,"max_hp_per_floor":[64,64,64,64,64,64,64,64,64,64,58,58,58],"card_choices":[{"not_picked":["Static Discharge","Leap"],"picked":"Undo","floor":1.0},{"not_picked":["Reprogram","Barrage"],"picked":"Doom and Gloom","floor":2.0},{"not_picked":["Gash","Fusion","Hologram"],"picked":"SKIP","floor":4.0},{"not_picked":["Lockon","FTL"],"picked":"Turbo","floor":6.0},{"not_picked":["Steam","Leap","Rebound"],"picked":"SKIP","floor":8},{"not_picked":["Reinforced Body","Sweeping Beam"],"picked":"Creative AI","floor":12}],"player_experience":1176299,"relics_obtained":[{"floor":6.0,"key":"Boot"},{"floor":8,"key":"Symbiotic Virus"},{"floor":9,"key":"DataDisk"},{"floor":12,"key":"Omamori"}],"event_choices":[{"damage_healed":0.0,"max_hp_gain":0.0,"max_hp_loss":0.0,"gold_gain":0.0,"event_name":"Living Wall","player_choice":"Grow","floor":5.0,"gold_loss":0.0,"damage_taken":0.0,"cards_upgraded":["Zap"]},{"damage_healed":0,"gold_gain":0,"player_choice":"Lose Max HP","damage_taken":0,"relics_obtained":["Golden Idol"],"max_hp_gain":0,"max_hp_loss":6,"event_name":"Golden Idol","floor":11,"gold_loss":0}],"is_beta":true,"boss_relics":[],"items_purged_floors":[],"is_endless":false,"potions_floor_spawned":[1,6],"killed_by":"Exordium Thugs","ascension_level":20}