{"gold_per_floor":[211,85,260,260,210,210,236,298,325,325,343,343,355,430,430,529,529,542,568,568,479,492,523,538,538,538,153,153,183,383,409,409,511,511,531,544,246,468,485,485,516,70,70,400,284,284,301,313,313,313],"floor_reached":50,"playtime":1318,"items_purged":["Strike_B","Blind+1"],"score":687,"play_id":"afe21e7f-6154-4073-b66e-4d961ab1e95c","local_time":"20190409084206","is_ascension_mode":true,"campfire_choices":[{"data":"Zap","floor":6,"key":"SMITH"},{"floor":10,"key":"REST"},{"data":"Biased Cognition","floor":12,"key":"SMITH"},{"floor":15,"key":"REST"},{"floor":25,"key":"REST"},{"data":"Electrodynamics","floor":28,"key":"SMITH"},{"floor":32,"key":"REST"},{"data":"Lockon","floor":40,"key":"SMITH"},{"floor":49,"key":"REST"}],"neow_cost":"NONE","seed_source_timestamp":208993073649127,"circlet_count":0,"master_deck":["Strike_B","Strike_B","Defend_B","Defend_B","Defend_B","Zap+1","Dualcast","Ball Lightning","Sweeping Beam","Biased Cognition+1","Conserve Battery","Electrodynamics+1","Tempest","Bandage Up","Leap","Reinforced Body","Dark Shackles","Machine Learning","Ball Lightning","Apotheosis+1","Lockon+1","Loop","Multi-Cast+1","Capacitor","Redo+1","Zap+1","Core Surge","Reinforced Body+1"],"relics":["Cracked Core","Omamori","Pear","Vajra","Lizard Tail","Red Mask","Gremlin Horn","Bottled Lightning","DataDisk","Membership Card","Mummified Hand","Meat on the Bone","Cursed Key","Toxic Egg 2","Blood Vial","Chemical X","FossilizedHelix","Thread and Needle","Centennial Puzzle","Old Coin"],"potions_floor_usage":[7,16,18,19,23,23,29,41,50,50,50],"damage_taken":[{"damage":0,"enemies":"2 Louse","floor":1,"turns":3},{"damage":25,"enemies":"Lagavulin","floor":7,"turns":4},{"damage":30,"enemies":"3 Sentries","floor":8,"turns":6},{"damage":2,"enemies":"Jaw Worm","floor":11,"turns":2},{"damage":8,"enemies":"Small Slimes","floor":13,"turns":2},{"damage":28,"enemies":"The Guardian","floor":16,"turns":9},{"damage":18,"enemies":"Shell Parasite","floor":18,"turns":3},{"damage":5,"enemies":"Masked Bandits","floor":19,"turns":2},{"damage":8,"enemies":"Chosen","floor":22,"turns":3},{"damage":11,"enemies":"Gremlin Leader","floor":23,"turns":4},{"damage":13,"enemies":"Snake Plant","floor":24,"turns":3},{"damage":29,"enemies":"Slavers","floor":29,"turns":3},{"damage":11,"enemies":"Gremlin Leader","floor":31,"turns":4},{"damage":120,"enemies":"Automaton","floor":33,"turns":12},{"damage":16,"enemies":"3 Darklings","floor":35,"turns":3},{"damage":9,"enemies":"3 Shapes","floor":36,"turns":3},{"damage":29,"enemies":"3 Darklings","floor":39,"turns":3},{"damage":2,"enemies":"Reptomancer","floor":41,"turns":4},{"damage":3,"enemies":"Nemesis","floor":44,"turns":7},{"damage":18,"enemies":"4 Shapes","floor":47,"turns":2},{"damage":13,"enemies":"Sphere and 2 Shapes","floor":48,"turns":4},{"damage":90,"enemies":"Awakened One","floor":50,"turns":8}],"seed_played":"2119779105361213260","potions_obtained":[{"floor":1,"key":"SkillPotion"},{"floor":7,"key":"Ancient Potion"},{"floor":13,"key":"Dexterity Potion"},{"floor":16,"key":"Energy Potion"},{"floor":19,"key":"Block Potion"},{"floor":22,"key":"Strength Potion"},{"floor":23,"key":"Explosive Potion"},{"floor":33,"key":"Strength Potion"},{"floor":39,"key":"Block Potion"},{"floor":41,"key":"Fire Potion"},{"floor":47,"key":"Weak Potion"}],"is_trial":false,"path_per_floor":["M","$","?","?","?","R","E","?","T","R","M","R","M","?","R","B",null,"M","?","?","$","M","E","M","R","T","$","R","E","?","E","R","B",null,"M","M","$","?","M","R","E","$","T","E","$","?","M","M","R","B"],"character_chosen":"DEFECT","items_purchased":["Sweeping Beam","Bandage Up","DataDisk","Membership Card","Dark Shackles","Toxic Egg 2","Apotheosis+1","Lockon","Blind+1","Chemical X","FossilizedHelix","Thread and Needle","Multi-Cast+1","Capacitor","Redo+1"],"campfire_rested":5,"item_purchase_floors":[2,21,27,27,27,37,37,37,37,42,42,42,45,45,45],"current_hp_per_floor":[75,75,75,75,75,75,50,30,30,55,53,53,45,34,59,31,85,67,62,62,62,58,51,42,67,67,67,67,42,42,35,60,18,85,69,64,64,64,53,53,55,55,55,60,60,60,48,43,68,0],"gold":313,"neow_bonus":"HUNDRED_GOLD","is_prod":false,"is_daily":false,"chose_seed":false,"campfire_upgraded":4,"win_rate":0,"timestamp":1554795726,"path_taken":["M","$","?","?","?","R","E","?","T","R","M","R","M","?","R","BOSS","M","?","?","$","M","E","?","R","T","?","R","E","?","E","R","BOSS","M","?","$","?","M","R","E","$","T","E","$","?","M","M","R","BOSS"],"build_version":"2019-01-23","purchased_purges":2,"victory":false,"max_hp_per_floor":[75,75,75,75,75,75,75,85,85,85,85,85,85,85,85,85,85,85,85,85,85,85,85,85,85,85,85,85,85,85,85,85,85,85,85,85,85,85,85,85,85,85,85,85,85,85,85,85,85,85],"card_choices":[{"not_picked":["Reinforced Body","Blizzard"],"picked":"Ball Lightning","floor":1},{"not_picked":["Turbo","Darkness","Beam Cell"],"picked":"SKIP","floor":7},{"not_picked":["Chaos","Reinforced Body"],"picked":"Biased Cognition","floor":11},{"not_picked":["Coolheaded","Beam Cell"],"picked":"Conserve Battery","floor":13},{"not_picked":["Rainbow","Machine Learning"],"picked":"Electrodynamics","floor":16},{"not_picked":["FTL","Compile Driver","Streamline"],"picked":"SKIP","floor":18},{"not_picked":["Leap","Stack+1"],"picked":"Tempest","floor":19},{"not_picked":["Fusion","FTL","Barrage"],"picked":"SKIP","floor":22},{"not_picked":["Rainbow","Gash"],"picked":"Leap","floor":23},{"not_picked":["Turbo","Consume"],"picked":"Reinforced Body","floor":24},{"not_picked":["Cold Snap","Stack","Auto Shields"],"picked":"SKIP","floor":29},{"not_picked":["Rebound","Hyperbeam","Melter"],"picked":"SKIP","floor":31},{"not_picked":["All For One","Hyperbeam"],"picked":"Machine Learning","floor":33},{"not_picked":["Compile Driver+1","Stack+1"],"picked":"Ball Lightning","floor":35},{"not_picked":["Steam+1","Streamline+1","Compile Driver"],"picked":"SKIP","floor":36},{"not_picked":["Cold Snap+1","Stack+1","Beam Cell+1"],"picked":"SKIP","floor":39},{"not_picked":["Force Field+1","Sweeping Beam"],"picked":"Loop","floor":41},{"not_picked":["Aggregate+1","Darkness+1","Rebound+1"],"picked":"SKIP","floor":44},{"not_picked":["FTL","Gash+1"],"picked":"Reinforced Body+1","floor":47},{"not_picked":["Streamline","Aggregate+1","Auto Shields+1"],"picked":"SKIP","floor":48}],"player_experience":409933,"relics_obtained":[{"floor":7,"key":"Omamori"},{"floor":8,"key":"Pear"},{"floor":9,"key":"Vajra"},{"floor":19,"key":"Red Mask"},{"floor":23,"key":"Gremlin Horn"},{"floor":26,"key":"Bottled Lightning"},{"floor":29,"key":"Mummified Hand"},{"floor":31,"key":"Meat on the Bone"},{"floor":41,"key":"Blood Vial"},{"floor":43,"key":"Centennial Puzzle"},{"floor":44,"key":"Old Coin"}],"event_choices":[{"damage_healed":0,"gold_gain":175,"player_choice":"AGREE","damage_taken":0,"max_hp_gain":0,"max_hp_loss":0,"event_name":"Liars Game","floor":3,"gold_loss":0,"cards_obtained":["Doubt"]},{"cards_removed":["Doubt"],"damage_healed":0,"gold_gain":0,"player_choice":"Forget","damage_taken":0,"max_hp_gain":0,"max_hp_loss":0,"event_name":"Living Wall","floor":4,"gold_loss":0},{"cards_removed":["Defend_B"],"damage_healed":0,"gold_gain":0,"player_choice":"Card Removal","damage_taken":0,"max_hp_gain":0,"max_hp_loss":0,"event_name":"The Cleric","floor":5,"gold_loss":50},{"damage_healed":0,"gold_gain":0,"player_choice":"Searched \u00272\u0027 times","damage_taken":0,"max_hp_gain":0,"max_hp_loss":0,"event_name":"Dead Adventurer","floor":8,"gold_loss":0},{"damage_healed":0,"gold_gain":75,"player_choice":"Gather Gold","damage_taken":11,"max_hp_gain":0,"max_hp_loss":0,"event_name":"World of Goop","floor":14,"gold_loss":0},{"damage_healed":0,"gold_gain":0,"player_choice":"Fought Bandits","damage_taken":0,"max_hp_gain":0,"max_hp_loss":0,"event_name":"Masked Bandits","floor":19,"gold_loss":0},{"cards_removed":["Strike_B"],"damage_healed":0,"gold_gain":0,"player_choice":"Offered Basic","damage_taken":0,"max_hp_gain":0,"max_hp_loss":0,"event_name":"Bonfire Elementals","floor":20,"gold_loss":0},{"damage_healed":0,"gold_gain":250,"player_choice":"Bet on Owner","damage_taken":0,"max_hp_gain":0,"max_hp_loss":0,"event_name":"The Joust","floor":30,"gold_loss":50},{"damage_healed":0,"gold_gain":222,"player_choice":"Wore Mask","damage_taken":0,"max_hp_gain":0,"max_hp_loss":0,"event_name":"Tomb of Lord Red Mask","floor":38,"gold_loss":0},{"damage_healed":0,"gold_gain":0,"player_choice":"2 cards matched","damage_taken":0,"max_hp_gain":0,"max_hp_loss":0,"event_name":"Match and Keep!","floor":46,"gold_loss":0,"cards_obtained":["Zap","Core Surge"]}],"is_beta":false,"boss_relics":[{"not_picked":["FrozenCore","Fusion Hammer"],"picked":"Lizard Tail"},{"not_picked":["Empty Cage","Snecko Eye"],"picked":"Cursed Key"}],"items_purged_floors":[2,42],"is_endless":false,"potions_floor_spawned":[1,7,13,16,19,22,23,33,39,41,47],"killed_by":"Awakened One","ascension_level":4}