{"gold_per_floor":[14,88,238,254,274,274,145,177,203,231,231,105,125,200,200,276,276,296,296,82,92,7,34,34,34,57,74,74,105,105,121,121,121],"floor_reached":33,"playtime":1081,"items_purged":["Doubt","Strike_B","Writhe"],"score":582,"play_id":"7a66c97a-1e2c-4b44-a0a6-4554f9c2d55e","local_time":"20190211043833","is_ascension_mode":true,"campfire_choices":[{"data":"Hyperbeam","floor":6.0,"key":"SMITH"},{"data":"Hologram","floor":11.0,"key":"SMITH"},{"data":"Defragment","floor":15.0,"key":"SMITH"},{"data":"Force Field","floor":24.0,"key":"SMITH"},{"data":"Conserve Battery","floor":28,"key":"SMITH"},{"data":"Hologram","floor":32,"key":"SMITH"}],"neow_cost":"NO_GOLD","seed_source_timestamp":1553732179476189,"circlet_count":0,"master_deck":["AscendersBane","Strike_B+1","Defend_B+1","Defend_B+1","Defend_B+1","Defend_B+1","Zap","Dualcast","Core Surge","Auto Shields","Hyperbeam+1","Cold Snap","Gash","Hologram+1","Conserve Battery+1","Defragment+1","Creative AI","Self Repair+1","Force Field+1","All For One","Hologram+1"],"special_seed":0,"relics":["Cracked Core","Orichalcum","Art of War","Cables","Snecko Eye","Happy Flower","Bronze Scales","Sundial","Bag of Marbles","FossilizedHelix"],"potions_floor_usage":[33],"damage_taken":[{"damage":0.0,"enemies":"2 Louse","floor":1.0,"turns":2.0},{"damage":7.0,"enemies":"Jaw Worm","floor":4.0,"turns":2.0},{"damage":4.0,"enemies":"Small Slimes","floor":5.0,"turns":4.0},{"damage":4.0,"enemies":"Gremlin Nob","floor":8.0,"turns":3.0},{"damage":14.0,"enemies":"Lagavulin","floor":10.0,"turns":6.0},{"damage":2.0,"enemies":"Blue Slaver","floor":13.0,"turns":4.0},{"damage":3.0,"enemies":"The Guardian","floor":16.0,"turns":12.0},{"damage":0.0,"enemies":"3 Byrds","floor":18.0,"turns":1.0},{"damage":15.0,"enemies":"2 Thieves","floor":21.0,"turns":4.0},{"damage":7.0,"enemies":"Slavers","floor":23.0,"turns":3.0},{"damage":1,"enemies":"Cultist and Chosen","floor":27,"turns":4},{"damage":10,"enemies":"Book of Stabbing","floor":29,"turns":4},{"damage":8,"enemies":"Centurion and Healer","floor":31,"turns":7},{"damage":63,"enemies":"Automaton","floor":33,"turns":6}],"seed_played":"-8584568581542178104","potions_obtained":[{"floor":4.0,"key":"FocusPotion"},{"floor":10.0,"key":"AttackPotion"},{"floor":13.0,"key":"Fire Potion"},{"floor":18.0,"key":"Explosive Potion"},{"floor":23.0,"key":"Fruit Juice"},{"floor":27,"key":"EssenceOfSteel"}],"is_trial":false,"path_per_floor":["M","?","?","M","M","R","$","E","T","E","R","$","M","?","R","B",null,"M","?","$","M","?","E","R","?","T","M","R","E","?","M","R","B"],"character_chosen":"DEFECT","items_purchased":["Cold Snap","Conserve Battery","Force Field"],"campfire_rested":0,"item_purchase_floors":[7,12,20],"current_hp_per_floor":[64,64,64,57,53,53,53,49,49,35,35,35,33,22,22,19,58,58,58,58,53,53,51,51,51,51,60,60,60,60,62,62,0],"gold":121,"neow_bonus":"TRANSFORM_TWO_CARDS","is_prod":false,"is_daily":false,"chose_seed":false,"campfire_upgraded":6,"win_rate":0,"timestamp":1549888713,"path_taken":["M","?","?","M","M","R","$","E","T","E","R","?","M","?","R","BOSS","M","?","$","M","?","E","R","?","T","?","R","E","?","M","R","BOSS"],"build_version":"2019-02-06","purchased_purges":3,"victory":false,"max_hp_per_floor":[71,71,71,71,71,71,71,71,71,71,71,71,71,71,71,71,71,71,71,71,71,71,76,76,76,76,76,76,76,76,76,76,76],"card_choices":[{"not_picked":["Stack","Turbo","Sunder"],"picked":"SKIP","floor":1.0},{"not_picked":["Rebound","Undo","BootSequence"],"picked":"SKIP","floor":4.0},{"not_picked":["Chill","Capacitor"],"picked":"Hyperbeam","floor":5.0},{"not_picked":["Darkness","Double Energy"],"picked":"Gash","floor":8.0},{"not_picked":["Self Repair","Scrape"],"picked":"Hologram","floor":10.0},{"not_picked":["Go for the Eyes","Steam"],"picked":"Defragment","floor":13.0},{"not_picked":["Rainbow","Fission"],"picked":"Creative AI","floor":16.0},{"not_picked":["Rebound","Hologram"],"picked":"Self Repair+1","floor":18.0},{"not_picked":["Darkness","Ball Lightning","Leap"],"picked":"SKIP","floor":21.0},{"not_picked":["Ball Lightning","Beam Cell","Sweeping Beam"],"picked":"SKIP","floor":23.0},{"not_picked":["Streamline","Ball Lightning","Turbo"],"picked":"SKIP","floor":27},{"not_picked":["Redo","Static Discharge","Leap"],"picked":"SKIP","floor":29},{"not_picked":["Leap","Cold Snap"],"picked":"Hologram","floor":31}],"player_experience":1133450,"relics_obtained":[{"floor":8.0,"key":"Orichalcum"},{"floor":9.0,"key":"Art of War"},{"floor":10.0,"key":"Cables"},{"floor":23.0,"key":"Sundial"},{"floor":26,"key":"Bag of Marbles"},{"floor":29,"key":"FossilizedHelix"}],"event_choices":[{"damage_healed":0.0,"max_hp_gain":0.0,"max_hp_loss":0.0,"gold_gain":74.0,"event_name":"Golden Wing","player_choice":"Gained Gold","floor":2.0,"gold_loss":0.0,"damage_taken":0.0},{"damage_healed":0.0,"max_hp_gain":0.0,"max_hp_loss":0.0,"gold_gain":150.0,"event_name":"Liars Game","player_choice":"AGREE","floor":3.0,"gold_loss":0.0,"damage_taken":0.0,"cards_obtained":["Doubt"]},{"damage_healed":0.0,"max_hp_gain":0.0,"max_hp_loss":0.0,"gold_gain":75.0,"event_name":"World of Goop","player_choice":"Gather Gold","floor":14.0,"gold_loss":0.0,"damage_taken":11.0},{"damage_healed":0.0,"max_hp_gain":0.0,"max_hp_loss":0.0,"gold_gain":0.0,"event_name":"The Mausoleum","player_choice":"Opened","floor":19.0,"gold_loss":0.0,"damage_taken":0.0,"relics_obtained":["Happy Flower"],"cards_obtained":["Writhe"]},{"damage_healed":0.0,"max_hp_gain":0.0,"max_hp_loss":0.0,"gold_gain":0.0,"event_name":"Addict","player_choice":"Obtained Relic","floor":22.0,"gold_loss":85.0,"damage_taken":0.0,"relics_obtained":["Bronze Scales"]},{"damage_healed":0,"gold_gain":0,"player_choice":"1 cards matched","damage_taken":0,"max_hp_gain":0,"max_hp_loss":0,"event_name":"Match and Keep!","floor":25,"gold_loss":0,"cards_obtained":["All For One"]},{"damage_healed":0,"gold_gain":0,"player_choice":"Simplicity","damage_taken":0,"max_hp_gain":0,"max_hp_loss":0,"event_name":"Back to Basics","floor":30,"gold_loss":0,"cards_upgraded":["Strike_B","Defend_B","Defend_B","Defend_B","Defend_B"]}],"is_beta":true,"boss_relics":[{"not_picked":["Ectoplasm","Runic Dome"],"picked":"Snecko Eye"}],"items_purged_floors":[7,12,20],"is_endless":false,"potions_floor_spawned":[4,10,13,16,18,23,27,31],"killed_by":"Automaton","ascension_level":20}