{"gold_per_floor":[362,70,90,90,105,140,140,160,160,160,140],"floor_reached":11,"playtime":350,"items_purged":["Strike_B"],"score":146,"play_id":"169c28eb-e622-4db6-8f18-267e9482c8de","local_time":"20190117180726","is_ascension_mode":true,"campfire_choices":[{"data":"Defragment","floor":10,"key":"SMITH"}],"neow_cost":"TEN_PERCENT_HP_LOSS","seed_source_timestamp":76828455932812,"circlet_count":0,"master_deck":["AscendersBane","Strike_B","Strike_B","Strike_B","Defend_B","Defend_B","Defend_B","Defend_B","Zap","Dualcast","Defragment+1","Capacitor","Glacier","Cold Snap","Coolheaded","Ball Lightning","Glacier","Ball Lightning"],"special_seed":0,"relics":["Cracked Core","Golden Idol","Girya","Darkstone Periapt","Ornamental Fan"],"potions_floor_usage":[8],"damage_taken":[{"damage":0.0,"enemies":"2 Louse","floor":1.0,"turns":2.0},{"damage":5.0,"enemies":"Cultist","floor":3.0,"turns":4.0},{"damage":10.0,"enemies":"Jaw Worm","floor":5.0,"turns":2.0},{"damage":11.0,"enemies":"3 Sentries","floor":6.0,"turns":10.0},{"damage":11,"enemies":"Large Slime","floor":8,"turns":6},{"damage":7,"enemies":"Exordium Thugs","floor":11,"turns":1}],"seed_played":"-7862453451363812094","potions_obtained":[{"floor":1.0,"key":"LiquidBronze"},{"floor":5.0,"key":"LiquidBronze"},{"floor":6.0,"key":"Swift Potion"}],"is_trial":false,"path_per_floor":["M","$","M","?","M","E","?","M","T","R","M"],"character_chosen":"DEFECT","items_purchased":["Capacitor","Glacier","Cold Snap"],"campfire_rested":0,"item_purchase_floors":[2,2,2],"current_hp_per_floor":[64,64,59,37,27,16,16,5,5,5,0],"gold":140,"neow_bonus":"TWO_FIFTY_GOLD","is_prod":false,"is_daily":false,"chose_seed":false,"campfire_upgraded":1,"win_rate":0,"timestamp":1547777246,"path_taken":["M","$","M","?","M","E","?","M","T","R","?"],"build_version":"2019-01-16","purchased_purges":1,"victory":false,"max_hp_per_floor":[64,64,64,64,64,64,64,64,64,64,64],"card_choices":[{"not_picked":["Chill","Heatsinks"],"picked":"Defragment","floor":1.0},{"not_picked":["Turbo","Hologram"],"picked":"Coolheaded","floor":3.0},{"not_picked":["Skim","Hologram"],"picked":"Ball Lightning","floor":5.0},{"not_picked":["Recycle","Turbo"],"picked":"Glacier","floor":6.0},{"not_picked":["Ball Lightning","Stack","Recycle"],"picked":"SKIP","floor":8},{"not_picked":["Stack","Recycle"],"picked":"Ball Lightning","floor":8}],"player_experience":973765,"relics_obtained":[{"floor":6.0,"key":"Girya"},{"floor":9,"key":"Ornamental Fan"}],"event_choices":[{"damage_healed":0.0,"max_hp_gain":0.0,"max_hp_loss":0.0,"gold_gain":0.0,"event_name":"Golden Idol","player_choice":"Take Damage","floor":4.0,"gold_loss":0.0,"damage_taken":22.0,"relics_obtained":["Golden Idol"]},{"damage_healed":0,"gold_gain":0,"player_choice":"Gave Potion","damage_taken":0,"relics_obtained":["Darkstone Periapt"],"max_hp_gain":0,"max_hp_loss":0,"event_name":"WeMeetAgain","floor":7,"gold_loss":0}],"is_beta":true,"boss_relics":[],"items_purged_floors":[2],"is_endless":false,"potions_floor_spawned":[1,5,6],"killed_by":"Exordium Thugs","ascension_level":20}