{"gold_per_floor":[216,71,91,91,103,132,162,62,62,62,96,22,39,55,55,151,151,166,186,200,200,210,210],"floor_reached":23,"playtime":2497,"items_purged":["Strike_G","Strike_G"],"score":213,"play_id":"10a1fcdc-900a-40ac-a115-72f1061b5136","local_time":"20190420121049","is_ascension_mode":true,"campfire_choices":[{"floor":10,"key":"REST"},{"floor":15,"key":"REST"}],"neow_cost":"NONE","seed_source_timestamp":342043255333233,"circlet_count":0,"master_deck":["Defend_G","Defend_G","Defend_G+1","Defend_G","Defend_G+1","Strike_G","Strike_G","Survivor","Neutralize","Backflip","Noxious Fumes","Blur","Caltrops","Backflip","Backflip","Infinite Blades","Dodge and Roll","Tools of the Trade","Crippling Poison+1","Terror","Sucker Punch+1","After Image"],"relics":["Ring of the Snake","Question Card","Gremlin Horn","War Paint","Runic Pyramid"],"potions_floor_usage":[23],"damage_taken":[{"damage":2,"enemies":"Small Slimes","floor":1,"turns":4},{"damage":1,"enemies":"Cultist","floor":3,"turns":4},{"damage":1,"enemies":"Jaw Worm","floor":5,"turns":5},{"damage":45,"enemies":"Gremlin Nob","floor":6,"turns":6},{"damage":13,"enemies":"Lagavulin","floor":11,"turns":11},{"damage":0,"enemies":"Exordium Wildlife","floor":13,"turns":5},{"damage":0,"enemies":"Exordium Thugs","floor":14,"turns":6},{"damage":29,"enemies":"Hexaghost","floor":16,"turns":13},{"damage":3,"enemies":"Chosen","floor":18,"turns":8},{"damage":6,"enemies":"Spheric Guardian","floor":19,"turns":8},{"damage":6,"enemies":"Centurion and Healer","floor":20,"turns":9},{"damage":10,"enemies":"Cultist and Chosen","floor":22,"turns":7},{"damage":47,"enemies":"Slavers","floor":23,"turns":4}],"seed_played":"-2570998977375173825","potions_obtained":[{"floor":4,"key":"SpeedPotion"},{"floor":4,"key":"SteroidPotion"},{"floor":4,"key":"PowerPotion"},{"floor":5,"key":"GhostInAJar"}],"is_trial":false,"path_per_floor":["M","$","M","?","M","E","?","$","T","R","E","$","M","M","R","B",null,"M","M","M","?","M","E"],"character_chosen":"THE_SILENT","items_purchased":["Noxious Fumes","Infinite Blades"],"campfire_rested":2,"item_purchase_floors":[2,12],"current_hp_per_floor":[68,68,67,67,66,21,21,21,21,42,29,29,29,29,50,21,70,67,61,55,55,45,0],"gold":210,"neow_bonus":"HUNDRED_GOLD","is_prod":false,"is_daily":false,"chose_seed":false,"campfire_upgraded":0,"win_rate":0,"timestamp":1555742449,"path_taken":["M","$","M","?","?","E","?","$","T","R","E","?","M","?","R","BOSS","M","M","M","?","?","E"],"build_version":"2019-01-23","purchased_purges":2,"victory":false,"max_hp_per_floor":[70,70,70,70,70,70,70,70,70,70,70,70,70,70,70,70,70,70,70,70,70,70,70],"card_choices":[{"not_picked":["Poisoned Stab","Dodge and Roll"],"picked":"Backflip","floor":1},{"not_picked":["Bullet Time","Slice"],"picked":"Blur","floor":3},{"not_picked":["Finisher","Backstab"],"picked":"Caltrops","floor":5},{"not_picked":["Dagger Throw","Doppelganger"],"picked":"Backflip","floor":6},{"not_picked":["Sucker Punch","Dagger Spray","Predator"],"picked":"Backflip","floor":11},{"not_picked":["Reflex","Underhanded Strike","Dagger Throw"],"picked":"Dodge and Roll","floor":13},{"not_picked":["Backflip","Slice","Dash","Bouncing Flask"],"picked":"SKIP","floor":14},{"not_picked":["Venomology","Bullet Time","Envenom"],"picked":"Tools of the Trade","floor":16},{"not_picked":["Quick Slash","Acrobatics","Outmaneuver"],"picked":"Crippling Poison+1","floor":18},{"not_picked":["Predator","Acrobatics","Backflip"],"picked":"Terror","floor":19},{"not_picked":["Quick Slash+1","Bane","PiercingWail"],"picked":"Sucker Punch+1","floor":20},{"not_picked":["Finisher","Escape Plan","Sucker Punch","All Out Attack"],"picked":"SKIP","floor":22}],"player_experience":75869,"relics_obtained":[{"floor":6,"key":"Question Card"},{"floor":9,"key":"Gremlin Horn"},{"floor":11,"key":"War Paint"}],"event_choices":[{"damage_healed":0,"gold_gain":0,"player_choice":"Got Potions","damage_taken":0,"max_hp_gain":0,"max_hp_loss":0,"event_name":"Lab","floor":4,"gold_loss":0},{"damage_healed":0,"gold_gain":30,"player_choice":"Searched \u00271\u0027 times","damage_taken":0,"max_hp_gain":0,"max_hp_loss":0,"event_name":"Dead Adventurer","floor":7,"gold_loss":0},{"damage_healed":0,"gold_gain":0,"cards_transformed":["Strike_G"],"player_choice":"Transformed","damage_taken":0,"max_hp_gain":0,"max_hp_loss":0,"event_name":"Transmorgrifier","floor":21,"gold_loss":0,"cards_obtained":["After Image"]}],"is_beta":false,"boss_relics":[{"not_picked":["HoveringKite","Snecko Eye"],"picked":"Runic Pyramid"}],"items_purged_floors":[2,8],"is_endless":false,"potions_floor_spawned":[5,11,13,14],"killed_by":"Slavers","ascension_level":1}