{"gold_per_floor":[110,110,57,72,72,105,105,105,130,147,162,162],"floor_reached":12,"playtime":357,"items_purged":[],"score":155,"play_id":"2c5a95fb-3565-483b-8d00-9679ef1827ff","local_time":"20190119184034","is_ascension_mode":true,"campfire_choices":[{"data":"Genetic Algorithm","floor":7,"key":"SMITH"}],"neow_cost":"CURSE","seed_source_timestamp":176003104951623,"circlet_count":0,"master_deck":["AscendersBane","Strike_B+1","Strike_B+1","Defend_B","Defend_B","Defend_B","Defend_B","Zap","Dualcast","Steam Power","Glacier","Streamline","Hologram","Ball Lightning","Genetic Algorithm+1","Conserve Battery"],"special_seed":0,"relics":["Cracked Core","Spirit Poop","Bronze Scales","Whetstone","Unceasing Top","Bag of Preparation"],"potions_floor_usage":[],"damage_taken":[{"damage":17,"enemies":"Jaw Worm","floor":1,"turns":6},{"damage":0,"enemies":"Cultist","floor":4,"turns":4},{"damage":14,"enemies":"Lagavulin","floor":6,"turns":8},{"damage":0,"enemies":"2 Louse","floor":10,"turns":2},{"damage":2,"enemies":"Blue Slaver","floor":11,"turns":4},{"damage":19,"enemies":"3 Sentries","floor":12,"turns":5}],"seed_played":"1857204462674034706","potions_obtained":[{"floor":6,"key":"SneckoOil"},{"floor":11,"key":"Block Potion"}],"is_trial":false,"path_per_floor":["M","?","$","M","?","E","R","T","T","M","M","E"],"character_chosen":"DEFECT","items_purchased":["Hologram"],"campfire_rested":0,"item_purchase_floors":[3],"current_hp_per_floor":[47,47,47,47,29,15,15,15,15,15,13,0],"gold":162,"neow_bonus":"TRANSFORM_TWO_CARDS","is_prod":false,"is_daily":false,"chose_seed":false,"campfire_upgraded":1,"win_rate":0,"timestamp":1547952034,"path_taken":["M","?","$","?","?","E","R","?","T","M","M","E"],"build_version":"2019-01-17","purchased_purges":0,"victory":false,"max_hp_per_floor":[71,71,71,71,71,71,71,71,71,71,71,71],"card_choices":[{"not_picked":["Cold Snap","Rip and Tear"],"picked":"Streamline","floor":1},{"not_picked":["Beam Cell","Chill"],"picked":"Ball Lightning","floor":4},{"not_picked":["Conserve Battery","Gash"],"picked":"Genetic Algorithm","floor":6},{"not_picked":["Tempest","Rebound"],"picked":"Conserve Battery","floor":10},{"not_picked":["Streamline","Sweeping Beam","Cold Snap"],"picked":"SKIP","floor":11}],"player_experience":985231,"relics_obtained":[{"floor":6,"key":"Whetstone"},{"floor":8,"key":"Unceasing Top"},{"floor":9,"key":"Bag of Preparation"}],"event_choices":[{"cards_removed":["Writhe"],"damage_healed":0,"gold_gain":0,"player_choice":"Offered Curse","damage_taken":0,"relics_obtained":["Spirit Poop"],"max_hp_gain":0,"max_hp_loss":0,"event_name":"Bonfire Elementals","floor":2,"gold_loss":0},{"damage_healed":0,"gold_gain":0,"player_choice":"Success","damage_taken":18,"relics_obtained":["Bronze Scales"],"max_hp_gain":0,"max_hp_loss":0,"event_name":"Scrap Ooze","floor":5,"gold_loss":0}],"is_beta":true,"boss_relics":[],"items_purged_floors":[],"is_endless":false,"potions_floor_spawned":[6,11],"killed_by":"3 Sentries","ascension_level":20}