{"gold_per_floor":[111,111,111,123,123,151,161,161,161,177,4,64,64,84,84,158,158,171,181,181],"floor_reached":20,"playtime":552,"items_purged":[],"score":398,"play_id":"3b5e943e-0d2a-4bf5-a108-6670d9ec9918","local_time":"20190307214541","is_ascension_mode":true,"campfire_choices":[{"data":"1","floor":8.0,"key":"LIFT"},{"data":"2","floor":13.0,"key":"LIFT"},{"data":"Cloak And Dagger","floor":15.0,"key":"SMITH"}],"neow_cost":"NONE","seed_source_timestamp":3056276558440572,"circlet_count":0,"master_deck":["AscendersBane","Defend_G","Defend_G","Defend_G","Defend_G","Defend_G","Strike_G","Strike_G","Strike_G","Strike_G","Strike_G","Survivor","Neutralize+1","Quick Slash","Infinite Blades","Crippling Poison","Cloak And Dagger+1","Glass Knife","Backflip","Cloak And Dagger","A Thousand Cuts","Well Laid Plans"],"special_seed":0,"relics":["Ring of the Snake","NeowsBlessing","Girya","Sundial","Smiling Mask","WristBlade"],"potions_floor_usage":[18],"damage_taken":[{"damage":0.0,"enemies":"Small Slimes","floor":1.0,"turns":1.0},{"damage":0.0,"enemies":"2 Louse","floor":4.0,"turns":1.0},{"damage":0.0,"enemies":"Gremlin Nob","floor":6.0,"turns":1.0},{"damage":1.0,"enemies":"Cultist","floor":7.0,"turns":4.0},{"damage":2.0,"enemies":"Exordium Wildlife","floor":10.0,"turns":4.0},{"damage":24.0,"enemies":"Gremlin Nob","floor":12.0,"turns":4.0},{"damage":6.0,"enemies":"Red Slaver","floor":14.0,"turns":4.0},{"damage":25.0,"enemies":"Slime Boss","floor":16.0,"turns":10.0},{"damage":0,"enemies":"Chosen","floor":18,"turns":3},{"damage":50,"enemies":"3 Byrds","floor":19,"turns":6},{"damage":0,"enemies":"Cultist and Chosen","floor":20,"turns":3}],"seed_played":"5723506219980579676","potions_obtained":[{"floor":6.0,"key":"SteroidPotion"},{"floor":10.0,"key":"Strength Potion"},{"floor":18,"key":"Strength Potion"}],"is_trial":false,"path_per_floor":["M","?","?","M","?","E","M","R","T","M","$","?","R","M","R","B",null,"M","M","M"],"character_chosen":"THE_SILENT","items_purchased":["Glass Knife"],"campfire_rested":0,"item_purchase_floors":[11],"current_hp_per_floor":[59,59,64,64,64,64,63,63,63,61,61,37,37,31,31,6,55,55,5,5],"gold":181,"neow_bonus":"THREE_ENEMY_KILL","is_prod":false,"is_daily":false,"chose_seed":false,"campfire_upgraded":1,"win_rate":0,"timestamp":1552023941,"path_taken":["M","?","?","M","?","E","M","R","T","M","$","?","R","M","R","BOSS","M","M","M"],"build_version":"2019-02-06","purchased_purges":0,"victory":false,"max_hp_per_floor":[66,66,71,71,71,71,71,71,71,71,71,71,71,71,71,71,71,71,71,71],"card_choices":[{"not_picked":["Quick Slash","Sucker Punch","Outmaneuver"],"picked":"SKIP","floor":1.0},{"not_picked":["Terror","Infinite Blades"],"picked":"Quick Slash","floor":4.0},{"not_picked":["Expertise","Bouncing Flask"],"picked":"Infinite Blades","floor":6.0},{"not_picked":["Acrobatics","Accuracy"],"picked":"Crippling Poison","floor":7.0},{"not_picked":["Poisoned Stab","Underhanded Strike"],"picked":"Cloak And Dagger","floor":10.0},{"not_picked":["Burst","Prepared"],"picked":"Backflip","floor":12.0},{"not_picked":["Eviscerate","Quick Slash"],"picked":"Cloak And Dagger","floor":14.0},{"not_picked":["Die Die Die","Storm of Steel"],"picked":"A Thousand Cuts","floor":16.0},{"not_picked":["Setup","Dagger Spray","Finisher"],"picked":"SKIP","floor":18},{"not_picked":["Expertise","Bouncing Flask"],"picked":"Well Laid Plans","floor":19}],"player_experience":1334080,"relics_obtained":[{"floor":6.0,"key":"Girya"},{"floor":9.0,"key":"Sundial"},{"floor":12.0,"key":"Smiling Mask"}],"event_choices":[{"damage_healed":0.0,"max_hp_gain":0.0,"max_hp_loss":0.0,"gold_gain":0.0,"event_name":"The Cleric","player_choice":"Leave","floor":2.0,"gold_loss":0.0,"damage_taken":0.0},{"damage_healed":0.0,"max_hp_gain":5.0,"max_hp_loss":0.0,"gold_gain":0.0,"event_name":"Big Fish","player_choice":"Donut","floor":3.0,"gold_loss":0.0,"damage_taken":0.0},{"damage_healed":0.0,"max_hp_gain":0.0,"max_hp_loss":0.0,"gold_gain":0.0,"event_name":"Living Wall","player_choice":"Grow","floor":5.0,"gold_loss":0.0,"damage_taken":0.0,"cards_upgraded":["Neutralize"]},{"damage_healed":0.0,"max_hp_gain":0.0,"max_hp_loss":0.0,"gold_gain":0.0,"event_name":"Dead Adventurer","player_choice":"Searched \u00271\u0027 times","floor":12.0,"gold_loss":0.0,"damage_taken":0.0}],"is_beta":true,"boss_relics":[{"not_picked":["Tiny House","Coffee Dripper"],"picked":"WristBlade"}],"items_purged_floors":[],"is_endless":false,"potions_floor_spawned":[6,10,12,18],"killed_by":"Cultist and Chosen","ascension_level":20}