{"gold_per_floor":[118,118,193,8,28,59,59,85,85,85,119,119,134,144,144,244,244,261,279,279,296,312,312],"floor_reached":23,"playtime":1687,"items_purged":[],"score":247,"play_id":"d45152c1-456e-41c5-ae14-dfdaa9f5acbf","local_time":"20190419175831","is_ascension_mode":true,"campfire_choices":[{"floor":7,"key":"REST"},{"data":"Ghostly Armor","floor":10,"key":"SMITH"},{"data":"Bash","floor":12,"key":"SMITH"},{"data":"Carnage","floor":15,"key":"SMITH"}],"neow_cost":"NONE","seed_source_timestamp":277318406560756,"circlet_count":0,"master_deck":["Strike_R","Strike_R","Strike_R","Strike_R","Strike_R","Defend_R","Defend_R","Defend_R","Defend_R","Bash+1","Headbutt","Seeing Red","Ghostly Armor+1","Disarm","Disarm","Twin Strike","Carnage+1","Exhume","Shrug It Off","Flame Barrier","Anger","Burning Pact"],"relics":["Black Blood","Oddly Smooth Stone","Self Forming Clay","Dodecahedron","Pear","Vajra"],"potions_floor_usage":[21,22],"damage_taken":[{"damage":7,"enemies":"Small Slimes","floor":1,"turns":4},{"damage":0,"enemies":"2 Louse","floor":5,"turns":2},{"damage":39,"enemies":"3 Sentries","floor":6,"turns":13},{"damage":37,"enemies":"Gremlin Nob","floor":8,"turns":6},{"damage":8,"enemies":"Lagavulin","floor":11,"turns":12},{"damage":0,"enemies":"Cultist","floor":13,"turns":4},{"damage":0,"enemies":"Exordium Wildlife","floor":14,"turns":2},{"damage":26,"enemies":"Hexaghost","floor":16,"turns":13},{"damage":20,"enemies":"2 Thieves","floor":18,"turns":4},{"damage":23,"enemies":"Spheric Guardian","floor":19,"turns":6},{"damage":82,"enemies":"3 Cultists","floor":21,"turns":11},{"damage":23,"enemies":"Chosen and Byrds","floor":22,"turns":8},{"damage":22,"enemies":"Gremlin Leader","floor":23,"turns":5}],"seed_played":"-2981123841969986667","potions_obtained":[{"floor":5,"key":"Dexterity Potion"},{"floor":11,"key":"EssenceOfSteel"},{"floor":14,"key":"Regen Potion"},{"floor":20,"key":"Fruit Juice"},{"floor":20,"key":"Explosive Potion"}],"is_trial":false,"path_per_floor":["M","?","?","$","M","E","R","E","T","R","E","R","M","M","R","B",null,"M","M","?","M","M","E"],"character_chosen":"IRONCLAD","items_purchased":["Seeing Red","Oddly Smooth Stone"],"campfire_rested":1,"item_purchase_floors":[4,4],"current_hp_per_floor":[87,92,81,81,87,54,81,50,60,60,58,58,64,70,70,50,103,93,80,80,13,15,0],"gold":312,"neow_bonus":"TEN_PERCENT_HP_BONUS","is_prod":false,"is_daily":false,"chose_seed":false,"campfire_upgraded":3,"win_rate":0,"timestamp":1555676911,"path_taken":["M","?","?","$","M","E","R","E","T","R","E","R","M","M","R","BOSS","M","M","?","M","M","E"],"build_version":"2019-01-23","purchased_purges":0,"victory":false,"max_hp_per_floor":[88,93,93,93,93,93,93,93,103,103,103,103,103,103,103,103,103,103,103,103,108,108,108],"card_choices":[{"not_picked":["Clothesline","Perfected Strike"],"picked":"Headbutt","floor":1},{"not_picked":["Pummel","Twin Strike"],"picked":"Ghostly Armor","floor":5},{"not_picked":["Reckless Charge","Body Slam"],"picked":"Disarm","floor":6},{"not_picked":["Cleave","Searing Blow"],"picked":"Disarm","floor":8},{"not_picked":["Havoc","Feel No Pain"],"picked":"Twin Strike","floor":11},{"not_picked":["Clothesline","Havoc"],"picked":"Carnage","floor":13},{"not_picked":["Infernal Blade","Barricade","Iron Wave"],"picked":"SKIP","floor":14},{"not_picked":["Barricade","Bludgeon"],"picked":"Exhume","floor":16},{"not_picked":["Heavy Blade+1","Fire Breathing"],"picked":"Shrug It Off","floor":18},{"not_picked":["Twin Strike","Headbutt"],"picked":"Flame Barrier","floor":19},{"not_picked":["Intimidate+1","Bloodletting"],"picked":"Anger","floor":21},{"not_picked":["Metallicize","Headbutt"],"picked":"Burning Pact","floor":22}],"player_experience":71809,"relics_obtained":[{"floor":6,"key":"Self Forming Clay"},{"floor":8,"key":"Dodecahedron"},{"floor":9,"key":"Pear"},{"floor":11,"key":"Vajra"}],"event_choices":[{"damage_healed":0,"gold_gain":0,"player_choice":"Donut","damage_taken":0,"max_hp_gain":5,"max_hp_loss":0,"event_name":"Big Fish","floor":2,"gold_loss":0},{"damage_healed":0,"gold_gain":75,"player_choice":"Gather Gold","damage_taken":11,"max_hp_gain":0,"max_hp_loss":0,"event_name":"World of Goop","floor":3,"gold_loss":0},{"damage_healed":0,"gold_gain":0,"player_choice":"Got Potions","damage_taken":0,"max_hp_gain":0,"max_hp_loss":0,"event_name":"Lab","floor":20,"gold_loss":0}],"is_beta":false,"boss_relics":[{"not_picked":["Runic Pyramid","Philosopher\u0027s Stone"],"picked":"Black Blood"}],"items_purged_floors":[],"is_endless":false,"potions_floor_spawned":[5,11,14,18],"killed_by":"Gremlin Leader","ascension_level":1}