{"gold_per_floor":[119,138,151,169,2,2,27,55,55,66,96,96,127,138,138,215,215,227,227,241,100,120,120,133,133,204,237,162,162,180,180,180,254,254,267,267,267,284,303,303,329,100,100,100,150,150,162,190,190,190],"floor_reached":50,"playtime":2754,"items_purged":["Strike_B+1","Strike_B+1"],"score":1230,"play_id":"8c18c476-dbfc-4cf3-ba71-b4ab5f8a8581","local_time":"20190218215116","is_ascension_mode":true,"campfire_choices":[{"data":"Sunder","floor":6.0,"key":"SMITH"},{"data":"Zap","floor":12.0,"key":"SMITH"},{"data":"Fission","floor":15.0,"key":"SMITH"},{"floor":23.0,"key":"REST"},{"data":"Sweeping Beam","floor":25.0,"key":"SMITH"},{"data":"Coolheaded","floor":29.0,"key":"SMITH"},{"data":"Amplify","floor":32.0,"key":"SMITH"},{"floor":40.0,"key":"REST"},{"floor":46.0,"key":"DIG"},{"floor":49.0,"key":"RECALL"}],"neow_cost":"","seed_source_timestamp":0,"circlet_count":0,"master_deck":["AscendersBane","Strike_B+1","Defend_B+1","Defend_B+1","Defend_B+1","Defend_B+1","Zap+1","Dualcast","Sweeping Beam+1","Sunder+1","Cold Snap+1","Conserve Battery","White Noise+1","Fission+1","Loop+1","Amplify+1","Coolheaded+1","Glacier","Buffer+1","Echo Form+1","Madness+1","Madness","Gash+1","Consume+1","Doom and Gloom+1","White Noise","Loop+1"],"special_seed":0,"relics":["Cracked Core","PreservedInsect","Odd Mushroom","Sundial","Frozen Egg 2","Regal Pillow","Orichalcum","Black Star","Vajra","Molten Egg 2","Oddly Smooth Stone","Anchor","Runic Pyramid","Potion Belt","Whetstone","Shovel","Unceasing Top","War Paint","Incense Burner"],"potions_floor_usage":[50],"damage_taken":[{"damage":6.0,"enemies":"Cultist","floor":1.0,"turns":3.0},{"damage":0.0,"enemies":"2 Louse","floor":2.0,"turns":3.0},{"damage":7.0,"enemies":"Small Slimes","floor":3.0,"turns":3.0},{"damage":14.0,"enemies":"Blue Slaver","floor":4.0,"turns":4.0},{"damage":9.0,"enemies":"The Mushroom Lair","floor":7.0,"turns":4.0},{"damage":4.0,"enemies":"Gremlin Nob","floor":8.0,"turns":3.0},{"damage":0.0,"enemies":"2 Fungi Beasts","floor":10.0,"turns":3.0},{"damage":10.0,"enemies":"3 Sentries","floor":11.0,"turns":4.0},{"damage":6.0,"enemies":"Gremlin Nob","floor":13.0,"turns":3.0},{"damage":0.0,"enemies":"Large Slime","floor":14.0,"turns":9.0},{"damage":10.0,"enemies":"The Guardian","floor":16.0,"turns":15.0},{"damage":1.0,"enemies":"Spheric Guardian","floor":18.0,"turns":3.0},{"damage":21.0,"enemies":"Shell Parasite","floor":20.0,"turns":6.0},{"damage":18.0,"enemies":"Shelled Parasite and Fungi","floor":22.0,"turns":6.0},{"damage":0.0,"enemies":"3 Cultists","floor":24.0,"turns":6.0},{"damage":14.0,"enemies":"Slavers","floor":27.0,"turns":2.0},{"damage":0.0,"enemies":"Centurion and Healer","floor":30.0,"turns":11.0},{"damage":0.0,"enemies":"Champ","floor":33.0,"turns":27.0},{"damage":0.0,"enemies":"Orb Walker","floor":35.0,"turns":3.0},{"damage":22.0,"enemies":"3 Darklings","floor":38.0,"turns":5.0},{"damage":19.0,"enemies":"Writhing Mass","floor":39.0,"turns":10.0},{"damage":27.0,"enemies":"Nemesis","floor":41.0,"turns":9.0},{"damage":12.0,"enemies":"Maw","floor":47.0,"turns":9.0},{"damage":30.0,"enemies":"Reptomancer","floor":48.0,"turns":9.0},{"damage":15,"enemies":"Donu and Deca","floor":50,"turns":3}],"seed_played":"556925576007307555","potions_obtained":[{"floor":3.0,"key":"Block Potion"},{"floor":7.0,"key":"FocusPotion"},{"floor":10.0,"key":"Poison Potion"},{"floor":11.0,"key":"Regen Potion"},{"floor":16.0,"key":"PowerPotion"},{"floor":30.0,"key":"AttackPotion"},{"floor":33.0,"key":"Weak Potion"},{"floor":35.0,"key":"SneckoOil"},{"floor":41.0,"key":"GamblersBrew"},{"floor":47.0,"key":"SneckoOil"}],"is_trial":true,"path_per_floor":["M","M","M","M","$","R","?","E","T","M","E","R","E","M","R","B",null,"M","?","M","?","M","R","M","R","T","E","$","R","M","T","R","B",null,"M","?","?","M","M","R","E","$","T","?","?","R","M","E","R","B"],"character_chosen":"DEFECT","items_purchased":["PreservedInsect","PowerPotion","White Noise"],"campfire_rested":2,"item_purchase_floors":[5,42,42],"current_hp_per_floor":[58,58,51,37,37,37,28,24,24,24,14,14,8,23,23,13,57,56,56,35,35,17,53,53,53,53,39,39,39,39,39,39,39,63,63,50,50,28,9,45,18,18,18,58,53,53,41,11,11,0],"gold":190,"neow_bonus":"","is_prod":false,"is_daily":false,"chose_seed":true,"campfire_upgraded":6,"win_rate":0,"timestamp":1550555476,"path_taken":["M","M","M","M","?","R","?","E","T","M","E","R","E","M","R","BOSS","M","?","M","?","?","R","M","R","T","E","$","R","M","?","R","BOSS","M","?","?","M","M","R","E","?","T","?","?","R","?","E","R","BOSS"],"build_version":"2019-02-06","purchased_purges":2,"victory":false,"max_hp_per_floor":[71,71,71,71,71,71,71,71,71,71,71,71,71,71,71,71,71,71,71,71,71,71,71,71,71,71,71,71,71,71,71,71,71,71,71,71,71,71,71,71,71,71,71,58,58,58,58,58,58,58],"card_choices":[{"not_picked":["Beam Cell","Hologram"],"picked":"Sweeping Beam","floor":1.0},{"not_picked":["Turbo","Scrape"],"picked":"Sunder","floor":2.0},{"not_picked":["Scrape","Steam"],"picked":"Cold Snap","floor":3.0},{"not_picked":["Doom and Gloom","Turbo"],"picked":"Conserve Battery","floor":4.0},{"not_picked":["Sunder","Rainbow"],"picked":"White Noise","floor":7.0},{"not_picked":["Steam Power","Barrage","Reprogram"],"picked":"SKIP","floor":8.0},{"not_picked":["Tempest","Hello World+1","Rebound"],"picked":"SKIP","floor":10.0},{"not_picked":["Hologram","Blizzard"],"picked":"Fission","floor":11.0},{"not_picked":["Steam Power","Beam Cell","Sweeping Beam"],"picked":"SKIP","floor":13.0},{"not_picked":["Go for the Eyes","Capacitor+1"],"picked":"Loop+1","floor":14.0},{"not_picked":["Fission","Reboot"],"picked":"Amplify","floor":16.0},{"not_picked":["Steam","Tempest"],"picked":"Coolheaded","floor":18.0},{"not_picked":["Recycle","Hologram"],"picked":"Glacier","floor":20.0},{"not_picked":["Barrage","Stack"],"picked":"Buffer+1","floor":22.0},{"not_picked":["Streamline","Compile Driver","Redo"],"picked":"SKIP","floor":24.0},{"not_picked":["Reprogram","Darkness","Steam Power"],"picked":"SKIP","floor":27.0},{"not_picked":["Reprogram","Darkness","Steam Power"],"picked":"SKIP","floor":27.0},{"not_picked":["Aggregate","Steam Power","Streamline+1"],"picked":"SKIP","floor":30.0},{"not_picked":["Electrodynamics+1","All For One+1"],"picked":"Echo Form+1","floor":33.0},{"not_picked":["Rebound+1","Ball Lightning+1","Leap"],"picked":"SKIP","floor":35.0},{"not_picked":["Conserve Battery","Skim"],"picked":"Gash+1","floor":38.0},{"not_picked":["Blizzard+1","Reprogram+1"],"picked":"Consume+1","floor":39.0},{"not_picked":["Steam Power+1","Sunder+1"],"picked":"Doom and Gloom+1","floor":41.0},{"not_picked":["Streamline+1","Beam Cell+1","Conserve Battery+1"],"picked":"SKIP","floor":47.0},{"not_picked":["Beam Cell+1","Skim"],"picked":"Loop+1","floor":48.0}],"player_experience":1209338,"relics_obtained":[{"floor":7.0,"key":"Odd Mushroom"},{"floor":8.0,"key":"Sundial"},{"floor":9.0,"key":"Frozen Egg 2"},{"floor":11.0,"key":"Regal Pillow"},{"floor":13.0,"key":"Orichalcum"},{"floor":26.0,"key":"Molten Egg 2"},{"floor":27.0,"key":"Oddly Smooth Stone"},{"floor":27.0,"key":"Anchor"},{"floor":41.0,"key":"Potion Belt"},{"floor":41.0,"key":"Whetstone"},{"floor":43.0,"key":"Shovel"},{"floor":46.0,"key":"Unceasing Top"},{"floor":48.0,"key":"War Paint"},{"floor":48.0,"key":"Incense Burner"}],"event_choices":[{"damage_healed":0.0,"max_hp_gain":0.0,"max_hp_loss":0.0,"gold_gain":0.0,"event_name":"Mushrooms","player_choice":"Fought Mushrooms","floor":7.0,"gold_loss":0.0,"damage_taken":0.0},{"damage_healed":0.0,"max_hp_gain":0.0,"max_hp_loss":0.0,"gold_gain":0.0,"event_name":"Back to Basics","player_choice":"Simplicity","floor":19.0,"gold_loss":0.0,"damage_taken":0.0,"cards_upgraded":["Strike_B","Strike_B","Strike_B","Strike_B","Defend_B","Defend_B","Defend_B","Defend_B"]},{"damage_healed":0.0,"max_hp_gain":0.0,"max_hp_loss":0.0,"gold_gain":0.0,"event_name":"WeMeetAgain","player_choice":"Paid Gold","floor":21.0,"gold_loss":141.0,"damage_taken":0.0,"relics_obtained":["Vajra"]},{"damage_healed":0.0,"max_hp_gain":0.0,"max_hp_loss":0.0,"gold_gain":0.0,"event_name":"Winding Halls","player_choice":"Embrace Madness","floor":36.0,"gold_loss":0.0,"damage_taken":13.0,"cards_obtained":["Madness","Madness"]},{"cards_removed":["Strike_B"],"damage_healed":0.0,"max_hp_gain":0.0,"max_hp_loss":0.0,"gold_gain":0.0,"event_name":"Falling","player_choice":"Removed Attack","floor":37.0,"gold_loss":0.0,"damage_taken":0.0},{"damage_healed":58.0,"max_hp_gain":0.0,"max_hp_loss":13.0,"gold_gain":0.0,"event_name":"The Moai Head","player_choice":"Heal","floor":44.0,"gold_loss":0.0,"damage_taken":0.0},{"damage_healed":0.0,"max_hp_gain":0.0,"max_hp_loss":0.0,"gold_gain":50.0,"event_name":"FaceTrader","player_choice":"Touch","floor":45.0,"gold_loss":0.0,"damage_taken":5.0}],"is_beta":true,"boss_relics":[{"not_picked":["Lizard Tail","Busted Crown"],"picked":"Black Star"},{"not_picked":["White Beast Statue","Empty Cage"],"picked":"Runic Pyramid"}],"items_purged_floors":[28,42],"is_endless":false,"potions_floor_spawned":[3,7,8,10,11,16,18,30,33,35,41,47],"killed_by":"Donu and Deca","ascension_level":20}