{"gold_per_floor":[111,111,111,124,124,124,158,168,168,187,187,221,241,241],"floor_reached":14,"playtime":403,"items_purged":[],"score":175,"play_id":"cf580eec-383c-4918-9137-f079ea3d14cf","local_time":"20190312232731","is_ascension_mode":true,"campfire_choices":[{"data":"Ball Lightning","floor":6.0,"key":"SMITH"},{"data":"Consume","floor":11.0,"key":"SMITH"}],"neow_cost":"NONE","seed_source_timestamp":3397012940985940,"circlet_count":0,"master_deck":["AscendersBane","Strike_B","Strike_B","Strike_B+1","Defend_B","Defend_B","Defend_B","Defend_B+1","Zap+1","Dualcast","Cold Snap","Ball Lightning+1","Compile Driver","Consume+1","Biased Cognition","Cold Snap"],"special_seed":0,"relics":["Runic Dome","StoneCalendar","Question Card","Shovel"],"potions_floor_usage":[],"damage_taken":[{"damage":2.0,"enemies":"Jaw Worm","floor":1.0,"turns":4.0},{"damage":0.0,"enemies":"2 Louse","floor":4.0,"turns":3.0},{"damage":16.0,"enemies":"Gremlin Nob","floor":7.0,"turns":4.0},{"damage":0.0,"enemies":"Small Slimes","floor":8.0,"turns":2.0},{"damage":4.0,"enemies":"2 Fungi Beasts","floor":10.0,"turns":3.0},{"damage":18.0,"enemies":"3 Sentries","floor":12.0,"turns":7.0},{"damage":9.0,"enemies":"Exordium Wildlife","floor":13.0,"turns":3.0},{"damage":4,"enemies":"3 Louse","floor":14,"turns":1}],"seed_played":"1469452178101022940","potions_obtained":[{"floor":10.0,"key":"Regen Potion"},{"floor":12.0,"key":"SteroidPotion"}],"is_trial":false,"path_per_floor":["M","?","?","M","?","R","E","M","T","M","R","E","M","M"],"character_chosen":"DEFECT","items_purchased":[],"campfire_rested":0,"item_purchase_floors":[],"current_hp_per_floor":[62,62,55,55,34,34,18,18,18,14,14,11,2,0],"gold":241,"neow_bonus":"BOSS_RELIC","is_prod":false,"is_daily":false,"chose_seed":false,"campfire_upgraded":2,"win_rate":0,"timestamp":1552458451,"path_taken":["M","?","?","M","?","R","E","M","T","M","R","E","M","M"],"build_version":"2019-02-06","purchased_purges":0,"victory":false,"max_hp_per_floor":[71,71,71,71,71,71,71,71,71,71,71,71,71,71],"card_choices":[{"not_picked":["Redo","White Noise"],"picked":"Cold Snap","floor":1.0},{"not_picked":["Aggregate","Streamline"],"picked":"Ball Lightning","floor":4.0},{"not_picked":["Rebound","Auto Shields"],"picked":"Compile Driver","floor":7.0},{"not_picked":["Auto Shields","Self Repair"],"picked":"Consume","floor":8.0},{"not_picked":["Steam","Stack","Turbo","Lockon"],"picked":"SKIP","floor":10.0},{"not_picked":["Storm","Steam Power","Leap"],"picked":"Biased Cognition","floor":12.0},{"not_picked":["Chaos","Recycle","Fusion"],"picked":"Cold Snap","floor":13.0}],"player_experience":1356974,"relics_obtained":[{"floor":7.0,"key":"StoneCalendar"},{"floor":9.0,"key":"Question Card"},{"floor":12.0,"key":"Shovel"}],"event_choices":[{"damage_healed":0.0,"max_hp_gain":0.0,"max_hp_loss":0.0,"gold_gain":0.0,"event_name":"Living Wall","player_choice":"Grow","floor":2.0,"gold_loss":0.0,"damage_taken":0.0,"cards_upgraded":["Zap"]},{"cards_removed":["Strike_B"],"damage_healed":0.0,"max_hp_gain":0.0,"max_hp_loss":0.0,"gold_gain":0.0,"event_name":"Golden Wing","player_choice":"Card Removal","floor":3.0,"gold_loss":0.0,"damage_taken":7.0},{"damage_healed":0.0,"max_hp_gain":0.0,"max_hp_loss":0.0,"gold_gain":0.0,"event_name":"Shining Light","player_choice":"Entered Light","floor":5.0,"gold_loss":0.0,"damage_taken":21.0,"cards_upgraded":["Strike_B","Defend_B"]}],"is_beta":true,"boss_relics":[],"items_purged_floors":[],"is_endless":false,"potions_floor_spawned":[10,12],"killed_by":"3 Louse","ascension_level":15}