{"gold_per_floor":[109,128,128,144,161,192,30,64,134,146,162,312,20,55,55,131,131,148,93,113,130,46,56,75,125,125,25,25,25,59,79,79,158,158,176,176,80,94,94,94,121,121,121,154,173,204,221,239,239,239,239,239,239,57,89,89],"floor_reached":57,"playtime":3346,"items_purged":["Doubt","Strike_R","Strike_R"],"score":3418,"play_id":"7ba1d58f-a6bf-4ed9-9c27-30ccdc862b8e","local_time":"20190326235918","is_ascension_mode":true,"campfire_choices":[{"data":"Bash","floor":15.0,"key":"SMITH"},{"data":"Juggernaut","floor":29.0,"key":"SMITH"},{"data":"Demon Form","floor":32.0,"key":"SMITH"},{"data":"Disarm","floor":40.0,"key":"SMITH"},{"data":"Impervious","floor":42.0,"key":"SMITH"},{"floor":49.0,"key":"RECALL"},{"data":"Impervious","floor":53.0,"key":"SMITH"}],"neow_cost":"TEN_PERCENT_HP_LOSS","seed_source_timestamp":170800687247058,"circlet_count":0,"master_deck":["AscendersBane","Defend_R+1","Defend_R","Defend_R","Defend_R","Bash+1","Seeing Red","Infernal Blade+1","Impervious+1","Seeing Red","Seeing Red","Havoc","Impervious+1","Clothesline","Juggernaut+1","Shockwave","Demon Form+1","Metallicize+1","Juggernaut+1","Impervious","Shrug It Off+1","Ghostly Armor+1","Whirlwind+1","Flame Barrier","Disarm+1","Entrench","Shrug It Off","Corruption","Flame Barrier"],"special_seed":0,"relics":["Burning Blood","Dead Branch","Pear","PreservedInsect","Ice Cream","Matryoshka","DollysMirror","War Paint","Snecko Eye","Strawberry","Meat on the Bone","Orichalcum","Astrolabe","Incense Burner","Anchor","Potion Belt","Ornamental Fan","Self Forming Clay"],"potions_floor_usage":[55,56,56,56],"damage_taken":[{"damage":8.0,"enemies":"2 Louse","floor":1.0,"turns":3.0},{"damage":14.0,"enemies":"Cultist","floor":2.0,"turns":4.0},{"damage":0.0,"enemies":"Jaw Worm","floor":4.0,"turns":2.0},{"damage":17.0,"enemies":"Exordium Wildlife","floor":5.0,"turns":5.0},{"damage":35.0,"enemies":"Gremlin Nob","floor":6.0,"turns":5.0},{"damage":0.0,"enemies":"Lagavulin","floor":8.0,"turns":4.0},{"damage":4.0,"enemies":"3 Louse","floor":10.0,"turns":4.0},{"damage":6.0,"enemies":"Looter","floor":11.0,"turns":2.0},{"damage":0.0,"enemies":"Gremlin Nob","floor":14.0,"turns":1.0},{"damage":29.0,"enemies":"The Guardian","floor":16.0,"turns":16.0},{"damage":3.0,"enemies":"Chosen","floor":18.0,"turns":4.0},{"damage":11.0,"enemies":"2 Thieves","floor":20.0,"turns":4.0},{"damage":9.0,"enemies":"Snake Plant","floor":21.0,"turns":4.0},{"damage":19.0,"enemies":"Centurion and Healer","floor":23.0,"turns":6.0},{"damage":0.0,"enemies":"3 Cultists","floor":24.0,"turns":4.0},{"damage":3.0,"enemies":"Gremlin Leader","floor":30.0,"turns":5.0},{"damage":17.0,"enemies":"Shelled Parasite and Fungi","floor":31.0,"turns":4.0},{"damage":0.0,"enemies":"Automaton","floor":33.0,"turns":7.0},{"damage":5.0,"enemies":"Orb Walker","floor":35.0,"turns":3.0},{"damage":29.0,"enemies":"3 Darklings","floor":38.0,"turns":9.0},{"damage":0.0,"enemies":"Nemesis","floor":41.0,"turns":5.0},{"damage":63.0,"enemies":"Reptomancer","floor":44.0,"turns":7.0},{"damage":0.0,"enemies":"Maw","floor":45.0,"turns":7.0},{"damage":6.0,"enemies":"Nemesis","floor":46.0,"turns":7.0},{"damage":0.0,"enemies":"4 Shapes","floor":47.0,"turns":5.0},{"damage":0.0,"enemies":"3 Darklings","floor":48.0,"turns":5.0},{"damage":10.0,"enemies":"Donu and Deca","floor":50.0,"turns":4.0},{"damage":15.0,"enemies":"Awakened One","floor":51.0,"turns":9.0},{"damage":12,"enemies":"Shield and Spear","floor":55,"turns":2},{"damage":1,"enemies":"The Heart","floor":56,"turns":8}],"seed_played":"7919790575852024241","potions_obtained":[{"floor":2.0,"key":"Ancient Potion"},{"floor":4.0,"key":"Fruit Juice"},{"floor":10.0,"key":"AttackPotion"},{"floor":31.0,"key":"Strength Potion"},{"floor":44.0,"key":"Regen Potion"},{"floor":48.0,"key":"SteroidPotion"}],"is_trial":false,"path_per_floor":["M","M","?","M","M","E","$","E","T","M","M","?","$","E","R","B",null,"M","$","M","M","$","M","M","?","T","$","?","R","E","M","R","B",null,"M","?","$","M","$","R","E","R","T","E","M","E","M","M","R","B","B",null,"R","$","E","B",null],"character_chosen":"IRONCLAD","items_purchased":["PreservedInsect","DollysMirror","PowerPotion","Demon Form","Disarm","PowerPotion","Strength Potion"],"campfire_rested":0,"item_purchase_floors":[7,13,19,22,37,37,54],"current_hp_per_floor":[66,58,58,64,53,39,39,45,45,47,47,47,47,53,53,30,70,73,73,68,65,65,52,58,58,65,65,65,65,68,57,57,63,83,84,84,84,61,61,61,67,67,67,22,40,52,58,64,64,60,63,83,83,83,77,90],"gold":89,"neow_bonus":"ONE_RARE_RELIC","is_prod":false,"is_daily":false,"chose_seed":false,"campfire_upgraded":6,"win_rate":0,"timestamp":1553669958,"path_taken":["M","M","?","?","M","E","$","E","T","M","M","?","$","E","R","BOSS","M","$","M","M","$","M","M","?","T","$","?","R","E","M","R","BOSS","M","?","$","M","$","R","E","R","T","E","M","E","M","?","R","BOSS","BOSS","R","$","E","BOSS"],"build_version":"2019-03-15","purchased_purges":3,"victory":true,"max_hp_per_floor":[68,68,68,68,68,83,83,83,83,83,83,83,83,83,83,83,83,83,83,83,83,83,83,83,83,90,90,90,90,90,90,90,90,90,90,90,90,90,90,90,90,90,90,90,90,90,90,90,90,90,90,90,90,90,90,90],"card_choices":[{"not_picked":["Flex","Heavy Blade","Warcry"],"picked":"SKIP","floor":1.0},{"not_picked":["Rage","Flex"],"picked":"Seeing Red","floor":2.0},{"not_picked":["Entrench","Heavy Blade","Perfected Strike"],"picked":"SKIP","floor":4.0},{"not_picked":["Bloodletting","Perfected Strike"],"picked":"Seeing Red","floor":5.0},{"not_picked":["Body Slam","Clash","Rampage"],"picked":"SKIP","floor":6.0},{"not_picked":["Double Tap","Clash","Twin Strike"],"picked":"SKIP","floor":8.0},{"not_picked":["Anger","True Grit"],"picked":"Seeing Red","floor":10.0},{"not_picked":["Thunderclap","Brutality"],"picked":"Havoc","floor":11.0},{"not_picked":["Combust","Headbutt"],"picked":"Clothesline","floor":14.0},{"not_picked":["Dark Embrace","Berserk"],"picked":"Juggernaut","floor":16.0},{"not_picked":["Body Slam","Searing Blow"],"picked":"Shockwave","floor":18.0},{"not_picked":["Whirlwind","Armaments","Perfected Strike+1"],"picked":"SKIP","floor":20.0},{"not_picked":["Warcry","Wild Strike","Body Slam"],"picked":"SKIP","floor":21.0},{"not_picked":["Thunderclap","Flex","Cleave"],"picked":"SKIP","floor":23.0},{"not_picked":["Sever Soul","Iron Wave","Dual Wield+1"],"picked":"SKIP","floor":24.0},{"not_picked":["Ghostly Armor","Spot Weakness"],"picked":"Metallicize+1","floor":30.0},{"not_picked":["Headbutt","Clothesline+1"],"picked":"Juggernaut","floor":31.0},{"not_picked":["Brutality","Fiend Fire"],"picked":"Impervious","floor":33.0},{"not_picked":["Bloodletting","Searing Blow"],"picked":"Flame Barrier","floor":35.0},{"not_picked":["Cleave","Shrug It Off","Pommel Strike"],"picked":"SKIP","floor":38.0},{"not_picked":["Combust","Spot Weakness","Sentinel"],"picked":"SKIP","floor":41.0},{"not_picked":["Sever Soul+1","Pommel Strike+1","Armaments"],"picked":"SKIP","floor":44.0},{"not_picked":["Cleave","Anger"],"picked":"Entrench","floor":45.0},{"not_picked":["Sever Soul","Wild Strike"],"picked":"Shrug It Off","floor":46.0},{"not_picked":["Twin Strike+1","Perfected Strike+1","Sword Boomerang"],"picked":"SKIP","floor":47.0},{"not_picked":["Shrug It Off","Hemokinesis"],"picked":"Corruption","floor":48.0},{"not_picked":["Spot Weakness","Hemokinesis"],"picked":"Flame Barrier","floor":55}],"player_experience":1372722,"relics_obtained":[{"floor":6.0,"key":"Pear"},{"floor":8.0,"key":"Ice Cream"},{"floor":9.0,"key":"Matryoshka"},{"floor":14.0,"key":"War Paint"},{"floor":26.0,"key":"Strawberry"},{"floor":26.0,"key":"Meat on the Bone"},{"floor":30.0,"key":"Orichalcum"},{"floor":41.0,"key":"Incense Burner"},{"floor":43.0,"key":"Anchor"},{"floor":44.0,"key":"Potion Belt"},{"floor":46.0,"key":"Ornamental Fan"},{"floor":55,"key":"Self Forming Clay"}],"event_choices":[{"damage_healed":0.0,"max_hp_gain":0.0,"max_hp_loss":0.0,"gold_gain":0.0,"event_name":"Match and Keep!","player_choice":"2 cards matched","floor":3.0,"gold_loss":0.0,"damage_taken":0.0,"cards_obtained":["Infernal Blade","Impervious"]},{"damage_healed":0.0,"max_hp_gain":0.0,"max_hp_loss":0.0,"gold_gain":150.0,"event_name":"Liars Game","player_choice":"AGREE","floor":12.0,"gold_loss":0.0,"damage_taken":0.0,"cards_obtained":["Doubt"]},{"damage_healed":0.0,"max_hp_gain":0.0,"max_hp_loss":0.0,"gold_gain":50.0,"event_name":"Nest","player_choice":"Stole From Cult","floor":25.0,"gold_loss":0.0,"damage_taken":0.0},{"damage_healed":0.0,"max_hp_gain":0.0,"max_hp_loss":0.0,"gold_gain":0.0,"event_name":"Vampires","player_choice":"Ignored","floor":28.0,"gold_loss":0.0,"damage_taken":0.0},{"damage_healed":0.0,"max_hp_gain":0.0,"max_hp_loss":0.0,"gold_gain":0.0,"event_name":"Upgrade Shrine","player_choice":"Upgraded","floor":36.0,"gold_loss":0.0,"damage_taken":0.0,"cards_upgraded":["Juggernaut"]}],"is_beta":true,"boss_relics":[{"not_picked":["Runic Dome","Mark of Pain"],"picked":"Snecko Eye"},{"not_picked":["Coffee Dripper","Empty Cage"],"picked":"Astrolabe"}],"items_purged_floors":[13,27,54],"is_endless":false,"potions_floor_spawned":[2,4,10,24,30,31,33,38,44,48],"ascension_level":20}