{"gold_per_floor":[114,130,205,222,233,233,261,271,298,298,309,343,343,362,362,441,441,461,476,88,105,105,105,121,121,121,121,133,133,133,162,162,236,236,247,247,300,70,80,80,95,108,133,233,244,257,289,302,302,302,302,302,302,37,62,62],"floor_reached":57,"playtime":3868,"items_purged":["Strike_G","Strike_G"],"score":2611,"play_id":"9e0c6260-5f3c-4dec-b06b-c25527f5d666","local_time":"20190122165428","is_ascension_mode":true,"campfire_choices":[{"data":"Noxious Fumes","floor":6.0,"key":"SMITH"},{"data":"Cloak And Dagger","floor":10.0,"key":"SMITH"},{"floor":13.0,"key":"REST"},{"data":"Backstab","floor":15.0,"key":"SMITH"},{"data":"After Image","floor":23.0,"key":"SMITH"},{"data":"After Image","floor":25.0,"key":"SMITH"},{"data":"After Image","floor":30.0,"key":"SMITH"},{"floor":32.0,"key":"REST"},{"data":"A Thousand Cuts","floor":40.0,"key":"SMITH"},{"floor":49.0,"key":"RECALL"},{"floor":53,"key":"REST"}],"neow_cost":"TEN_PERCENT_HP_LOSS","seed_source_timestamp":0,"circlet_count":0,"master_deck":["AscendersBane","Defend_G","Defend_G","Defend_G","Defend_G","Defend_G","Strike_G","Strike_G","Strike_G","Survivor","Neutralize","After Image+1","Backstab+1","Noxious Fumes+1","Poisoned Stab","Cloak And Dagger+1","Infinite Blades","Finisher","Crippling Poison","Malaise","After Image+1","Tactician","Noxious Fumes","PiercingWail","After Image+1","Bullet Time","A Thousand Cuts+1","Malaise","Catalyst","Cloak And Dagger+1","Heel Hook","Deflect","Apotheosis","Backstab+1","Prepared","Deflect","Malaise"],"special_seed":0,"relics":["Ring of the Snake","Oddly Smooth Stone","Bag of Marbles","Runic Pyramid","Medical Kit","Centennial Puzzle","Mummified Hand","Nloth\u0027s Gift","MutagenicStrength","Bag of Preparation","Orrery","Incense Burner","Peace Pipe","Ancient Tea Set","Strawberry"],"potions_floor_usage":[56,56],"damage_taken":[{"damage":0.0,"enemies":"2 Louse","floor":1.0,"turns":5.0},{"damage":0.0,"enemies":"Jaw Worm","floor":2.0,"turns":5.0},{"damage":0.0,"enemies":"Cultist","floor":4.0,"turns":5.0},{"damage":0.0,"enemies":"Exordium Wildlife","floor":5.0,"turns":2.0},{"damage":18.0,"enemies":"Lagavulin","floor":7.0,"turns":8.0},{"damage":0.0,"enemies":"Looter","floor":8.0,"turns":4.0},{"damage":10.0,"enemies":"3 Louse","floor":11.0,"turns":3.0},{"damage":8.0,"enemies":"Gremlin Nob","floor":12.0,"turns":3.0},{"damage":1.0,"enemies":"Lots of Slimes","floor":14.0,"turns":4.0},{"damage":21.0,"enemies":"Slime Boss","floor":16.0,"turns":11.0},{"damage":13.0,"enemies":"2 Thieves","floor":18.0,"turns":4.0},{"damage":1.0,"enemies":"Spheric Guardian","floor":19.0,"turns":7.0},{"damage":10.0,"enemies":"Centurion and Healer","floor":21.0,"turns":9.0},{"damage":1.0,"enemies":"Snake Plant","floor":24.0,"turns":8.0},{"damage":2.0,"enemies":"Sentry and Sphere","floor":28.0,"turns":6.0},{"damage":11.0,"enemies":"Slavers","floor":31.0,"turns":5.0},{"damage":5.0,"enemies":"Automaton","floor":33.0,"turns":13.0},{"damage":0.0,"enemies":"3 Shapes","floor":35.0,"turns":5.0},{"damage":15.0,"enemies":"2 Orb Walkers","floor":37.0,"turns":6.0},{"damage":0.0,"enemies":"Orb Walker","floor":39.0,"turns":4.0},{"damage":0.0,"enemies":"4 Shapes","floor":41.0,"turns":4.0},{"damage":0.0,"enemies":"3 Darklings","floor":42.0,"turns":5.0},{"damage":0.0,"enemies":"Mind Bloom Boss Battle","floor":44.0,"turns":8.0},{"damage":0.0,"enemies":"Jaw Worm Horde","floor":45.0,"turns":4.0},{"damage":9.0,"enemies":"Writhing Mass","floor":46.0,"turns":7.0},{"damage":2.0,"enemies":"Nemesis","floor":47.0,"turns":9.0},{"damage":0.0,"enemies":"3 Darklings","floor":48.0,"turns":6.0},{"damage":4,"enemies":"Time Eater","floor":50,"turns":12},{"damage":15,"enemies":"Donu and Deca","floor":51,"turns":11},{"damage":9,"enemies":"Shield and Spear","floor":55,"turns":11},{"damage":21,"enemies":"The Heart","floor":56,"turns":11}],"seed_played":"1419552543410817829","potions_obtained":[{"floor":2.0,"key":"Explosive Potion"},{"floor":5.0,"key":"SpeedPotion"},{"floor":7.0,"key":"AttackPotion"},{"floor":21.0,"key":"Weak Potion"},{"floor":24.0,"key":"PowerPotion"},{"floor":33.0,"key":"EssenceOfSteel"},{"floor":37.0,"key":"SkillPotion"},{"floor":42.0,"key":"EssenceOfSteel"},{"floor":45.0,"key":"Block Potion"}],"is_trial":false,"path_per_floor":["?","?","?","M","?","?","?","?"],"character_chosen":"THE_SILENT","items_purchased":["PiercingWail","Dagger Throw","Medical Kit","Deflect","Apotheosis","Poison Potion","Poison Potion","Deflect"],"campfire_rested":3,"item_purchase_floors":[20,20,20,38,38,54,54,54],"current_hp_per_floor":[59,59,48,48,48,48,30,30,30,30,20,12,30,29,29,8,47,34,33,33,23,23,23,22,22,22,22,20,20,20,9,27,22,51,51,51,36,36,36,36,36,36,36,36,36,27,25,25,25,21,6,47,60,60,58,37],"gold":62,"neow_bonus":"THREE_RARE_CARDS","is_prod":false,"is_daily":false,"chose_seed":false,"campfire_upgraded":7,"win_rate":0,"timestamp":1548204868,"path_taken":["M","M","?","M","M","R","E","M","T","R","M","E","R","M","R","BOSS","M","M","$","M","?","R","M","R","T","?","?","?","R","E","R","BOSS","M","?","?","$","M","R","M","M","T","?","M","M","E","M","R","BOSS","BOSS","R","$","E","BOSS"],"build_version":"2019-01-20","purchased_purges":2,"victory":true,"max_hp_per_floor":[60,60,60,60,60,60,60,60,60,60,60,60,60,60,60,60,60,60,60,60,60,60,60,60,60,60,60,60,60,60,60,60,60,60,60,60,60,60,60,60,60,60,60,60,60,60,60,60,60,60,60,60,60,60,67,67],"card_choices":[{"not_picked":["Unload","Die Die Die"],"picked":"After Image","floor":0.0},{"not_picked":["Blade Dance","Crippling Poison"],"picked":"Backstab","floor":1.0},{"not_picked":["Reflex","Prepared"],"picked":"Noxious Fumes","floor":2.0},{"not_picked":["Flechettes","Dagger Spray"],"picked":"Poisoned Stab","floor":4.0},{"not_picked":["Prepared","Sucker Punch","Bane"],"picked":"SKIP","floor":5.0},{"not_picked":["Quick Slash","Prepared"],"picked":"Cloak And Dagger","floor":7.0},{"not_picked":["PiercingWail","Cloak And Dagger"],"picked":"Infinite Blades","floor":8.0},{"not_picked":["Noxious Fumes","Slice"],"picked":"Finisher","floor":11.0},{"not_picked":["Reflex","Sucker Punch"],"picked":"Crippling Poison","floor":12.0},{"not_picked":["Sucker Punch","Quick Slash"],"picked":"Malaise","floor":14.0},{"not_picked":["Bullet Time","Unload"],"picked":"After Image","floor":16.0},{"not_picked":["Dagger Throw","Flying Knee"],"picked":"Tactician","floor":18.0},{"not_picked":["Backflip","Dagger Spray"],"picked":"Noxious Fumes","floor":19.0},{"not_picked":["Masterful Stab","Prepared"],"picked":"After Image","floor":21.0},{"not_picked":["Sucker Punch","Acrobatics","Choke"],"picked":"SKIP","floor":24.0},{"not_picked":["Dagger Throw","Acrobatics","Bane"],"picked":"SKIP","floor":28.0},{"not_picked":["Dagger Spray","Leg Sweep"],"picked":"Bullet Time","floor":31.0},{"not_picked":["Doppelganger","After Image"],"picked":"A Thousand Cuts","floor":33.0},{"not_picked":["Deadly Poison","Acrobatics"],"picked":"Malaise","floor":34.0},{"not_picked":["PiercingWail","Phantasmal Killer"],"picked":"Catalyst","floor":34.0},{"not_picked":["Dagger Throw","Sucker Punch"],"picked":"Cloak And Dagger+1","floor":34.0},{"not_picked":["Blur","Slice+1"],"picked":"Heel Hook","floor":34.0},{"not_picked":["Tactician+1","Acrobatics+1","Deadly Poison"],"picked":"SKIP","floor":35.0},{"not_picked":["Quick Slash","Dash","Bane"],"picked":"SKIP","floor":39.0},{"not_picked":["Flying Knee","Distraction","Sucker Punch"],"picked":"SKIP","floor":41.0},{"not_picked":["Doppelganger","Bane"],"picked":"Backstab+1","floor":42.0},{"not_picked":["Flying Knee+1","Sucker Punch+1","Slice"],"picked":"SKIP","floor":45.0},{"not_picked":["Bane","Dagger Throw","Dagger Spray"],"picked":"SKIP","floor":46.0},{"not_picked":["Flechettes","Backflip+1","Finisher"],"picked":"SKIP","floor":47.0},{"not_picked":["Riddle With Holes","Flechettes"],"picked":"Prepared","floor":48.0},{"not_picked":["Cloak And Dagger","Backstab"],"picked":"Malaise","floor":55}],"player_experience":1007820,"relics_obtained":[{"floor":7.0,"key":"Oddly Smooth Stone"},{"floor":9.0,"key":"Omamori"},{"floor":12.0,"key":"Bag of Marbles"},{"floor":26.0,"key":"Mummified Hand"},{"floor":31.0,"key":"Bag of Preparation"},{"floor":37.0,"key":"Incense Burner"},{"floor":44.0,"key":"Peace Pipe"},{"floor":47.0,"key":"Ancient Tea Set"},{"floor":55,"key":"Strawberry"}],"event_choices":[{"damage_healed":0.0,"max_hp_gain":0.0,"max_hp_loss":0.0,"gold_gain":75.0,"event_name":"World of Goop","player_choice":"Gather Gold","floor":3.0,"gold_loss":0.0,"damage_taken":11.0},{"damage_healed":0.0,"max_hp_gain":0.0,"max_hp_loss":0.0,"gold_gain":0.0,"event_name":"Addict","player_choice":"Stole Relic","floor":22.0,"gold_loss":0.0,"damage_taken":0.0,"relics_obtained":["Centennial Puzzle"],"cards_obtained":["Shame"]},{"damage_healed":0.0,"max_hp_gain":0.0,"max_hp_loss":0.0,"gold_gain":0.0,"event_name":"N\u0027loth","player_choice":"Traded Relic","floor":27.0,"relics_lost":["Omamori"],"gold_loss":0.0,"damage_taken":0.0,"relics_obtained":["Nloth\u0027s Gift"]},{"damage_healed":0.0,"max_hp_gain":0.0,"max_hp_loss":0.0,"gold_gain":0.0,"event_name":"Drug Dealer","player_choice":"Inject Mutagens","floor":29.0,"gold_loss":0.0,"damage_taken":0.0,"relics_obtained":["MutagenicStrength"]},{"cards_removed":["Dagger Throw"],"damage_healed":0.0,"max_hp_gain":0.0,"max_hp_loss":0.0,"gold_gain":0.0,"event_name":"Falling","player_choice":"Removed Attack","floor":36.0,"gold_loss":0.0,"damage_taken":0.0},{"damage_healed":0.0,"max_hp_gain":0.0,"max_hp_loss":0.0,"gold_gain":0.0,"event_name":"Mysterious Sphere","player_choice":"Fight","floor":37.0,"gold_loss":0.0,"damage_taken":0.0},{"damage_healed":0.0,"max_hp_gain":0.0,"max_hp_loss":0.0,"gold_gain":0.0,"event_name":"MindBloom","player_choice":"Fight","floor":44.0,"gold_loss":0.0,"damage_taken":0.0}],"is_beta":true,"boss_relics":[{"not_picked":["Coffee Dripper","Tiny House"],"picked":"Runic Pyramid"},{"not_picked":["Empty Cage","Velvet Choker"],"picked":"Orrery"}],"items_purged_floors":[20,54],"is_endless":false,"potions_floor_spawned":[2,5,7,8,21,24,33,37,42,45,46,55],"ascension_level":20}