{"gold_per_floor":[115,127,127,277,69,119,119,149,175,239,314,314,314,400,400,504,504,499,162,162,38,38,38],"floor_reached":23,"playtime":614,"items_purged":["Strike_G"],"score":440,"play_id":"8226decc-9f33-48dd-a3ee-67fdaaeb999d","local_time":"20190120032123","is_ascension_mode":true,"campfire_choices":[{"data":"HandOfGreed","floor":7.0,"key":"SMITH"},{"floor":12.0,"key":"REST"},{"floor":15.0,"key":"REST"}],"neow_cost":"NONE","seed_source_timestamp":199652892337759,"circlet_count":0,"master_deck":["AscendersBane","Defend_G","Defend_G","Defend_G","Defend_G","Defend_G","Strike_G","Strike_G","Survivor","Neutralize","HandOfGreed+1","Malaise+1","Adrenaline+1","PiercingWail","Well Laid Plans","Noxious Fumes","Terror","All Out Attack"],"special_seed":0,"relics":["Ring of the Snake","NeowsBlessing","Art of War","The Courier","Orichalcum","Black Star","War Paint"],"potions_floor_usage":[23,23],"damage_taken":[{"damage":0.0,"enemies":"2 Louse","floor":1.0,"turns":1.0},{"damage":0.0,"enemies":"Jaw Worm","floor":2.0,"turns":1.0},{"damage":0.0,"enemies":"Lagavulin","floor":6.0,"turns":1.0},{"damage":46.0,"enemies":"Gremlin Nob","floor":8.0,"turns":5.0},{"damage":0.0,"enemies":"Small Slimes","floor":10.0,"turns":6.0},{"damage":18.0,"enemies":"3 Louse","floor":14.0,"turns":6.0},{"damage":4.0,"enemies":"Hexaghost","floor":16.0,"turns":9.0},{"damage":17.0,"enemies":"2 Thieves","floor":18.0,"turns":4.0},{"damage":54,"enemies":"Gremlin Leader","floor":23,"turns":7}],"seed_played":"-6198426887650575281","potions_obtained":[{"floor":8.0,"key":"Ancient Potion"},{"floor":10.0,"key":"SteroidPotion"},{"floor":16.0,"key":"SteroidPotion"}],"is_trial":false,"path_per_floor":["M","M","?","?","$","E","R","E","T","M","?","R","?","M","R","B",null,"M","$","?","$","?","E"],"character_chosen":"THE_SILENT","items_purchased":["HandOfGreed","Well Laid Plans","War Paint","Energy Potion","Noxious Fumes","Regen Potion","GhostInAJar"],"campfire_rested":2,"item_purchase_floors":[5,19,19,19,19,21,21],"current_hp_per_floor":[59,59,59,59,59,59,59,13,13,13,2,21,21,3,22,18,54,37,37,37,37,37,0],"gold":38,"neow_bonus":"THREE_ENEMY_KILL","is_prod":false,"is_daily":false,"chose_seed":false,"campfire_upgraded":1,"win_rate":0,"timestamp":1547983283,"path_taken":["M","M","?","?","$","E","R","E","T","M","?","R","?","M","R","BOSS","M","$","?","$","?","E"],"build_version":"2019-01-19","purchased_purges":1,"victory":false,"max_hp_per_floor":[66,66,66,66,66,66,66,66,66,66,66,66,66,66,66,66,66,66,66,66,66,66,66],"card_choices":[{"not_picked":["Quick Slash","Bane","Deflect"],"picked":"SKIP","floor":1.0},{"not_picked":["Bane","Accuracy","Setup"],"picked":"SKIP","floor":2.0},{"not_picked":["Finisher","Expertise","Setup"],"picked":"SKIP","floor":6.0},{"not_picked":["Deadly Poison","Outmaneuver"],"picked":"Malaise","floor":8.0},{"not_picked":["Bane","Flechettes","Heel Hook"],"picked":"SKIP","floor":10.0},{"not_picked":["Unload","Underhanded Strike","Infinite Blades"],"picked":"SKIP","floor":14.0},{"not_picked":["Burst","Venomology"],"picked":"Adrenaline","floor":16.0},{"not_picked":["Deflect","Deadly Poison"],"picked":"PiercingWail","floor":18.0}],"player_experience":991757,"relics_obtained":[{"floor":6.0,"key":"Art of War"},{"floor":8.0,"key":"The Courier"},{"floor":9.0,"key":"Orichalcum"}],"event_choices":[{"damage_healed":0.0,"max_hp_gain":0.0,"max_hp_loss":0.0,"gold_gain":0.0,"event_name":"The Cleric","player_choice":"Leave","floor":3.0,"gold_loss":0.0,"damage_taken":0.0},{"damage_healed":0.0,"max_hp_gain":0.0,"max_hp_loss":0.0,"gold_gain":150.0,"event_name":"Liars Game","player_choice":"AGREE","floor":4.0,"gold_loss":0.0,"damage_taken":0.0,"cards_obtained":["Doubt"]},{"damage_healed":0.0,"max_hp_gain":0.0,"max_hp_loss":0.0,"gold_gain":75.0,"event_name":"World of Goop","player_choice":"Gather Gold","floor":11.0,"gold_loss":0.0,"damage_taken":11.0},{"cards_removed":["Doubt"],"damage_healed":0.0,"max_hp_gain":0.0,"max_hp_loss":0.0,"gold_gain":0.0,"event_name":"Living Wall","player_choice":"Forget","floor":13.0,"gold_loss":0.0,"damage_taken":0.0},{"damage_healed":0.0,"max_hp_gain":0.0,"max_hp_loss":0.0,"gold_gain":0.0,"event_name":"Ghosts","player_choice":"Ignored","floor":20.0,"gold_loss":0.0,"damage_taken":0.0},{"damage_healed":0.0,"max_hp_gain":0.0,"max_hp_loss":0.0,"gold_gain":0.0,"cards_transformed":["Strike_G","Strike_G"],"event_name":"Drug Dealer","player_choice":"Became Test Subject","floor":22.0,"gold_loss":0.0,"damage_taken":0.0,"cards_obtained":["Terror","All Out Attack"]}],"is_beta":true,"boss_relics":[{"not_picked":["HoveringKite","Ectoplasm"],"picked":"Black Star"}],"items_purged_floors":[19],"is_endless":false,"potions_floor_spawned":[8,10,16],"killed_by":"Gremlin Leader","ascension_level":20}