{"gold_per_floor":[362,362,362,183,201,201,231,231,310,310,341,96,108,136,136,213,213,230,12,12,12,29,29,49,49,49,49],"floor_reached":27,"playtime":715,"items_purged":["Strike_B"],"score":554,"play_id":"badeed73-0609-4b90-a5bf-afaed8430f1e","local_time":"20190305230833","is_ascension_mode":true,"campfire_choices":[{"data":"Sweeping Beam","floor":6.0,"key":"SMITH"},{"data":"Barrage","floor":8.0,"key":"SMITH"},{"floor":10.0,"key":"REST"},{"data":"Undo","floor":15.0,"key":"SMITH"},{"data":"Coolheaded","floor":23,"key":"SMITH"}],"neow_cost":"TEN_PERCENT_HP_LOSS","seed_source_timestamp":2927172079313912,"circlet_count":0,"master_deck":["AscendersBane","Strike_B+1","Strike_B+1","Defend_B","Defend_B","Defend_B","Defend_B","Zap+1","Dualcast","Barrage+1","Hologram","Sweeping Beam+1","Cold Snap","Undo+1","Cold Snap","Conserve Battery","Echo Form","Coolheaded+1","Coolheaded","Glacier"],"special_seed":0,"relics":["Cracked Core","Letter Opener","Sundial","Happy Flower","Art of War","Bottled Lightning","Nuclear Battery","Bag of Preparation","Prayer Wheel"],"potions_floor_usage":[],"damage_taken":[{"damage":7.0,"enemies":"Jaw Worm","floor":1.0,"turns":3.0},{"damage":5.0,"enemies":"Small Slimes","floor":5.0,"turns":4.0},{"damage":11.0,"enemies":"Gremlin Nob","floor":7.0,"turns":3.0},{"damage":10.0,"enemies":"3 Sentries","floor":11.0,"turns":5.0},{"damage":0.0,"enemies":"Cultist","floor":13.0,"turns":3.0},{"damage":6.0,"enemies":"Gremlin Nob","floor":14.0,"turns":3.0},{"damage":0.0,"enemies":"Slime Boss","floor":16.0,"turns":7.0},{"damage":13.0,"enemies":"Spheric Guardian","floor":18.0,"turns":4.0},{"damage":0,"enemies":"2 Thieves","floor":22,"turns":2},{"damage":38,"enemies":"Cultist and Chosen","floor":24,"turns":6},{"damage":0,"enemies":"Snake Plant","floor":27,"turns":3}],"seed_played":"-2088250884649052588","potions_obtained":[{"floor":5.0,"key":"FearPotion"},{"floor":11.0,"key":"PowerPotion"},{"floor":16.0,"key":"Strength Potion"},{"floor":18.0,"key":"FearPotion"},{"floor":22,"key":"Block Potion"}],"is_trial":false,"path_per_floor":["M","?","?","$","M","R","E","R","T","R","E","$","M","E","R","B",null,"M","$","?","?","M","R","M","?","T","M"],"character_chosen":"DEFECT","items_purchased":["Fire Potion","Hologram","Art of War","Undo","Coolheaded","Bag of Preparation"],"campfire_rested":1,"item_purchase_floors":[4,4,12,12,19,19],"current_hp_per_floor":[57,38,38,38,33,33,22,22,22,41,31,31,31,25,25,25,54,41,41,41,41,41,41,3,3,3,3],"gold":49,"neow_bonus":"TWO_FIFTY_GOLD","is_prod":false,"is_daily":false,"chose_seed":false,"campfire_upgraded":4,"win_rate":0,"timestamp":1551856113,"path_taken":["M","?","?","$","M","R","E","R","T","R","E","$","?","E","R","BOSS","M","$","?","?","M","R","M","?","T","?"],"build_version":"2019-02-06","purchased_purges":1,"victory":false,"max_hp_per_floor":[64,64,64,64,64,64,64,64,64,64,64,64,64,64,64,64,64,64,64,64,64,64,64,64,64,64,64],"card_choices":[{"not_picked":["Streamline","Sunder"],"picked":"Barrage","floor":1.0},{"not_picked":["Hologram","Rebound"],"picked":"Sweeping Beam","floor":5.0},{"not_picked":["Fission","Recycle"],"picked":"Cold Snap","floor":7.0},{"not_picked":["Force Field","Sweeping Beam","Go for the Eyes"],"picked":"SKIP","floor":11.0},{"not_picked":["Sunder","Turbo"],"picked":"Cold Snap","floor":13.0},{"not_picked":["Gash","Stack"],"picked":"Conserve Battery","floor":14.0},{"not_picked":["Rainbow","Seek"],"picked":"Echo Form","floor":16.0},{"not_picked":["Rip and Tear","Turbo","Chaos"],"picked":"SKIP","floor":18.0},{"not_picked":["Barrage","Reinforced Body"],"picked":"Coolheaded","floor":22},{"not_picked":["Aggregate","Fusion"],"picked":"Glacier","floor":24}],"player_experience":1318718,"relics_obtained":[{"floor":7.0,"key":"Letter Opener"},{"floor":9.0,"key":"Sundial"},{"floor":11.0,"key":"Happy Flower"},{"floor":14.0,"key":"Bottled Lightning"},{"floor":26,"key":"Prayer Wheel"}],"event_choices":[{"damage_healed":0.0,"max_hp_gain":0.0,"max_hp_loss":0.0,"gold_gain":0.0,"event_name":"Shining Light","player_choice":"Entered Light","floor":2.0,"gold_loss":0.0,"damage_taken":19.0,"cards_upgraded":["Strike_B","Strike_B"]},{"damage_healed":0.0,"max_hp_gain":0.0,"max_hp_loss":0.0,"gold_gain":0.0,"event_name":"Upgrade Shrine","player_choice":"Upgraded","floor":3.0,"gold_loss":0.0,"damage_taken":0.0,"cards_upgraded":["Zap"]},{"damage_healed":0,"gold_gain":0,"player_choice":"Ignored","damage_taken":0,"max_hp_gain":0,"max_hp_loss":0,"event_name":"The Mausoleum","floor":20,"gold_loss":0},{"damage_healed":0,"gold_gain":0,"player_choice":"Ignored","damage_taken":0,"max_hp_gain":0,"max_hp_loss":0,"event_name":"Beggar","floor":21,"gold_loss":0},{"cards_removed":["Strike_B"],"damage_healed":0,"gold_gain":0,"player_choice":"Purged","damage_taken":0,"max_hp_gain":0,"max_hp_loss":0,"event_name":"Purifier","floor":25,"gold_loss":0}],"is_beta":true,"boss_relics":[{"not_picked":["White Beast Statue","Cursed Key"],"picked":"Nuclear Battery"}],"items_purged_floors":[4],"is_endless":false,"potions_floor_spawned":[5,11,16,18,22],"killed_by":"Snake Plant","ascension_level":20}