{"gold_per_floor":[218,218,228,238,238,238,37,68,68,136,164,7,26,39,39,110,110,128,142,142,142,157,157,157],"floor_reached":24,"playtime":983,"items_purged":["Strike_B","Strike_B"],"score":412,"play_id":"c56348ce-3c3e-449b-b2ce-9a19634f4608","local_time":"20190415034306","is_ascension_mode":true,"campfire_choices":[{"data":"Zap","floor":6.0,"key":"SMITH"},{"data":"Genetic Algorithm","floor":15.0,"key":"SMITH"},{"data":"Defragment","floor":23,"key":"SMITH"}],"neow_cost":"NONE","seed_source_timestamp":31583439655573,"circlet_count":0,"master_deck":["AscendersBane","Defend_B+1","Defend_B","Defend_B","Defend_B","Zap+1","Dualcast","Sweeping Beam","Ball Lightning","Ball Lightning","Capacitor","Self Repair","Cold Snap","Conserve Battery","BootSequence","Genetic Algorithm+1","Fission","Defragment+1","Glacier","Capacitor"],"special_seed":0,"relics":["Cracked Core","Pear","Blood Vial","Pantograph","StoneCalendar","Coffee Dripper"],"potions_floor_usage":[24],"damage_taken":[{"damage":2.0,"enemies":"Cultist","floor":1.0,"turns":4.0},{"damage":3.0,"enemies":"2 Louse","floor":3.0,"turns":3.0},{"damage":2.0,"enemies":"Jaw Worm","floor":4.0,"turns":3.0},{"damage":27.0,"enemies":"3 Sentries","floor":8.0,"turns":5.0},{"damage":28.0,"enemies":"Gremlin Nob","floor":11.0,"turns":4.0},{"damage":4.0,"enemies":"Lots of Slimes","floor":13.0,"turns":5.0},{"damage":1.0,"enemies":"Exordium Wildlife","floor":14.0,"turns":3.0},{"damage":18.0,"enemies":"Hexaghost","floor":16.0,"turns":9.0},{"damage":11.0,"enemies":"3 Byrds","floor":18.0,"turns":6.0},{"damage":10.0,"enemies":"Shell Parasite","floor":19.0,"turns":6.0},{"damage":20.0,"enemies":"Colosseum Slavers","floor":20.0,"turns":5.0},{"damage":0,"enemies":"Centurion and Healer","floor":22,"turns":7},{"damage":73,"enemies":"Gremlin Leader","floor":24,"turns":6}],"seed_played":"-8659311865537722409","potions_obtained":[{"floor":3.0,"key":"LiquidBronze"},{"floor":8.0,"key":"Regen Potion"},{"floor":11.0,"key":"Swift Potion"},{"floor":14.0,"key":"Swift Potion"}],"is_trial":false,"path_per_floor":["M","?","M","M","?","R","$","E","T","T","E","$","M","M","R","B",null,"M","M","?","?","M","R","E"],"character_chosen":"DEFECT","items_purchased":["Ball Lightning","Capacitor","Conserve Battery"],"campfire_rested":0,"item_purchase_floors":[7,7,12],"current_hp_per_floor":[62,62,59,57,36,36,36,19,19,19,12,12,17,18,18,34,69,67,66,55,55,64,64,0],"gold":157,"neow_bonus":"HUNDRED_GOLD","is_prod":false,"is_daily":false,"chose_seed":false,"campfire_upgraded":3,"win_rate":0,"timestamp":1555324986,"path_taken":["M","?","M","?","?","R","$","E","T","?","E","$","?","M","R","BOSS","M","M","?","?","M","R","E"],"build_version":"2019-04-04","purchased_purges":2,"victory":false,"max_hp_per_floor":[71,71,71,71,71,71,71,81,81,81,81,81,81,81,81,81,81,81,81,81,81,81,81,81],"card_choices":[{"not_picked":["Streamline","Scrape"],"picked":"Sweeping Beam","floor":1.0},{"not_picked":["Compile Driver","Core Surge"],"picked":"Ball Lightning","floor":3.0},{"not_picked":["Leap","Beam Cell","Recycle"],"picked":"SKIP","floor":4.0},{"not_picked":["Hello World","Double Energy"],"picked":"Self Repair","floor":8.0},{"not_picked":["Heatsinks","Chaos"],"picked":"Cold Snap","floor":11.0},{"not_picked":["Steam","Redo"],"picked":"BootSequence","floor":13.0},{"not_picked":["Steam","Doom and Gloom"],"picked":"Genetic Algorithm","floor":14.0},{"not_picked":["All For One","Reboot"],"picked":"Fission","floor":16.0},{"not_picked":["Beam Cell","White Noise"],"picked":"Defragment","floor":18.0},{"not_picked":["Self Repair","Coolheaded"],"picked":"Glacier","floor":19.0},{"not_picked":["Redo","Compile Driver"],"picked":"Capacitor","floor":22}],"player_experience":1405778,"relics_obtained":[{"floor":8.0,"key":"Pear"},{"floor":9.0,"key":"Blood Vial"},{"floor":10.0,"key":"Pantograph"},{"floor":11.0,"key":"StoneCalendar"}],"event_choices":[{"cards_removed":["Strike_B"],"damage_healed":0.0,"max_hp_gain":0.0,"max_hp_loss":0.0,"gold_gain":0.0,"event_name":"Purifier","player_choice":"Purged","floor":2.0,"gold_loss":0.0,"damage_taken":0.0},{"damage_healed":0.0,"max_hp_gain":0.0,"max_hp_loss":0.0,"gold_gain":0.0,"event_name":"Shining Light","player_choice":"Entered Light","floor":5.0,"gold_loss":0.0,"damage_taken":21.0,"cards_upgraded":["Defend_B","Strike_B"]},{"damage_healed":0.0,"max_hp_gain":0.0,"max_hp_loss":0.0,"gold_gain":0.0,"event_name":"Colosseum","player_choice":"Fight","floor":20.0,"gold_loss":0.0,"damage_taken":0.0},{"damage_healed":0.0,"max_hp_gain":0.0,"max_hp_loss":0.0,"gold_gain":0.0,"event_name":"Colosseum","player_choice":"Fled From Nobs","floor":20.0,"gold_loss":0.0,"damage_taken":0.0},{"cards_removed":["Strike_B"],"damage_healed":0,"gold_gain":0,"player_choice":"Elegance","damage_taken":0,"max_hp_gain":0,"max_hp_loss":0,"event_name":"Back to Basics","floor":21,"gold_loss":0}],"is_beta":true,"boss_relics":[{"not_picked":["Philosopher\u0027s Stone","Cursed Key"],"picked":"Coffee Dripper"}],"items_purged_floors":[7,12],"is_endless":false,"potions_floor_spawned":[3,8,11,14,19,20],"killed_by":"Gremlin Leader","ascension_level":20}