{"gold_per_floor":[110,73,87,107,107,107,134,147,147,147,159,170,170,22,22,121,121,121,46,46,46],"floor_reached":21,"playtime":1165,"items_purged":["Strike_B"],"score":185,"play_id":"e436197a-f6d0-4b29-829b-120590a663de","local_time":"20190418205951","is_ascension_mode":false,"campfire_choices":[{"data":"Darkness","floor":6,"key":"SMITH"},{"data":"Conserve Battery","floor":10,"key":"SMITH"},{"floor":15,"key":"REST"}],"neow_cost":"NONE","seed_source_timestamp":202307038631144,"circlet_count":0,"master_deck":["Strike_B","Strike_B","Defend_B","Defend_B","Defend_B","Defend_B","Zap","Dualcast","Conserve Battery+1","Darkness+1","Cold Snap","Doom and Gloom","Leap+1","Redo+1","Double Energy+1","Hologram+1","Self Repair","Seek+1","Chill+1","Genetic Algorithm+1","Redo+1","Barrage+1"],"relics":["Cracked Core","Centennial Puzzle","Toxic Egg 2","Thread and Needle","Sundial","Ectoplasm"],"potions_floor_usage":[],"damage_taken":[{"damage":1,"enemies":"2 Louse","floor":1,"turns":2},{"damage":0,"enemies":"Small Slimes","floor":3,"turns":3},{"damage":4,"enemies":"Jaw Worm","floor":4,"turns":3},{"damage":20,"enemies":"Gremlin Nob","floor":7,"turns":3},{"damage":0,"enemies":"Looter","floor":8,"turns":4},{"damage":0,"enemies":"2 Fungi Beasts","floor":11,"turns":3},{"damage":5,"enemies":"Lots of Slimes","floor":12,"turns":3},{"damage":7,"enemies":"Slime Boss","floor":16,"turns":7},{"damage":0,"enemies":"Shell Parasite","floor":18,"turns":4},{"damage":9,"enemies":"2 Thieves","floor":19,"turns":5},{"damage":11,"enemies":"Centurion and Healer","floor":20,"turns":6},{"damage":10,"enemies":"Snake Plant","floor":21,"turns":4}],"seed_played":"-2457820161267117942","potions_obtained":[{"floor":1,"key":"FearPotion"},{"floor":4,"key":"SkillPotion"},{"floor":7,"key":"Strength Potion"},{"floor":12,"key":"SteroidPotion"}],"is_trial":false,"path_per_floor":["M","$","M","M","?","R","E","M","T","R","M","M","?","$","R","B",null,"M","M","M","M"],"character_chosen":"DEFECT","items_purchased":["Darkness","Self Repair"],"campfire_rested":1,"item_purchase_floors":[2,14],"current_hp_per_floor":[74,74,74,70,63,63,43,43,43,43,43,38,31,31,53,53,75,75,73,69,66],"gold":46,"neow_bonus":"RANDOM_COMMON_RELIC","is_prod":false,"is_daily":false,"chose_seed":false,"campfire_upgraded":2,"win_rate":0.0,"timestamp":1555601391,"path_taken":["M","$","M","M","?","R","E","M","T","R","M","M","?","?","R","BOSS","M","M","M","M"],"build_version":"2019-01-23","purchased_purges":1,"victory":false,"max_hp_per_floor":[75,75,75,75,75,75,75,75,75,75,75,75,75,75,75,75,75,75,75,75,75],"card_choices":[{"not_picked":["Lockon","Scrape"],"picked":"Conserve Battery","floor":1},{"not_picked":["Aggregate","Recycle"],"picked":"Cold Snap","floor":3},{"not_picked":["Stack","Sweeping Beam"],"picked":"Doom and Gloom","floor":4},{"not_picked":["Reprogram+1","Scrape"],"picked":"Leap+1","floor":7},{"not_picked":["Stack+1","Conserve Battery+1"],"picked":"Redo+1","floor":8},{"not_picked":["Sweeping Beam","Streamline"],"picked":"Double Energy+1","floor":11},{"not_picked":["Beam Cell","FTL"],"picked":"Hologram+1","floor":12},{"not_picked":["Thunder Strike","All For One"],"picked":"Seek+1","floor":16},{"not_picked":["Leap+1","Go for the Eyes+1"],"picked":"Chill+1","floor":18},{"not_picked":["Skim+1","Rebound"],"picked":"Genetic Algorithm+1","floor":19},{"not_picked":["Auto Shields+1","Streamline"],"picked":"Redo+1","floor":20},{"not_picked":["Rebound+1","Recycle+1"],"picked":"Barrage+1","floor":21}],"player_experience":58057,"relics_obtained":[{"floor":7,"key":"Thread and Needle"},{"floor":9,"key":"Sundial"}],"event_choices":[{"damage_healed":0,"gold_gain":0,"player_choice":"Success","damage_taken":7,"relics_obtained":["Toxic Egg 2"],"max_hp_gain":0,"max_hp_loss":0,"event_name":"Scrap Ooze","floor":5,"gold_loss":0},{"cards_removed":["Strike_B"],"damage_healed":0,"gold_gain":0,"player_choice":"Card Removal","damage_taken":7,"max_hp_gain":0,"max_hp_loss":0,"event_name":"Golden Wing","floor":13,"gold_loss":0}],"is_beta":false,"boss_relics":[{"not_picked":["Nuclear Battery","White Beast Statue"],"picked":"Ectoplasm"}],"items_purged_floors":[14],"is_endless":false,"potions_floor_spawned":[1,4,7,12,18],"killed_by":"Snake Plant","ascension_level":0}