{"gold_per_floor":[111,88,88,88,88,88,119,133,133,166,341,341,341,357,357,453,453,466,476,75,25,25,25,35,62,62,96,96,96,111,111],"floor_reached":31,"playtime":970,"items_purged":["Doubt"],"score":335,"play_id":"e13cb757-69e7-45b3-adc6-c80b175a13db","local_time":"20190407031455","is_ascension_mode":true,"campfire_choices":[{"data":"Zap","floor":6,"key":"SMITH"},{"floor":15,"key":"REST"},{"data":"Dramatic Entrance","floor":23,"key":"SMITH"},{"floor":28,"key":"REST"}],"neow_cost":"NONE","seed_source_timestamp":16902226688478,"circlet_count":0,"master_deck":["Strike_B","Strike_B","Strike_B","Strike_B","Defend_B+1","Defend_B","Defend_B","Defend_B+1","Zap+1","Dualcast","FTL+1","Hologram+1","Go for the Eyes+1","Leap+1","Gash+1","FTL","Echo Form","Hologram+1","Rip and Tear+1","Dramatic Entrance+1","Go for the Eyes","Rebound","Genetic Algorithm+1","All For One","Beam Cell","Go for the Eyes"],"relics":["Cracked Core","Ancient Tea Set","Singing Bowl","Toxic Egg 2","Dream Catcher","Omamori","Lizard Tail","Ornamental Fan","Kunai","Bottled Flame","Whetstone"],"potions_floor_usage":[7,19,29,29],"damage_taken":[{"damage":2,"enemies":"Jaw Worm","floor":1,"turns":3},{"damage":14,"enemies":"Lagavulin","floor":7,"turns":7},{"damage":0,"enemies":"2 Louse","floor":8,"turns":3},{"damage":11,"enemies":"3 Sentries","floor":10,"turns":8},{"damage":0,"enemies":"Cultist","floor":14,"turns":3},{"damage":67,"enemies":"The Guardian","floor":16,"turns":14},{"damage":24,"enemies":"2 Thieves","floor":18,"turns":4},{"damage":25,"enemies":"Chosen","floor":19,"turns":5},{"damage":26,"enemies":"Snake Plant","floor":24,"turns":5},{"damage":40,"enemies":"Slavers","floor":25,"turns":6},{"damage":23,"enemies":"Book of Stabbing","floor":27,"turns":8},{"damage":0,"enemies":"Colosseum Slavers","floor":29,"turns":3},{"damage":0,"enemies":"Cultist and Chosen","floor":30,"turns":6},{"damage":30,"enemies":"Slavers","floor":31,"turns":2}],"seed_played":"4392358254008328073","potions_obtained":[{"floor":1,"key":"Dexterity Potion"},{"floor":10,"key":"FairyPotion"},{"floor":18,"key":"AttackPotion"},{"floor":25,"key":"Energy Potion"},{"floor":27,"key":"Explosive Potion"}],"is_trial":false,"path_per_floor":["M","$","?","?","$","R","E","M","T","E","?","T","?","M","R","B",null,"M","M","$","$","?","R","M","E","T","E","R","?","M","E"],"character_chosen":"DEFECT","items_purchased":["Hologram","Ornamental Fan","Dramatic Entrance","Go for the Eyes"],"campfire_rested":2,"item_purchase_floors":[2,20,20,21],"current_hp_per_floor":[73,73,58,58,58,58,44,46,46,35,35,35,35,35,58,2,77,53,28,28,28,53,53,27,26,26,3,26,26,26,0],"gold":111,"neow_bonus":"RANDOM_COMMON_RELIC","is_prod":false,"is_daily":false,"chose_seed":false,"campfire_upgraded":2,"win_rate":0,"timestamp":1554603295,"path_taken":["M","$","?","?","$","R","E","?","T","E","?","?","?","M","R","BOSS","M","?","?","$","?","R","M","E","T","E","R","?","M","E"],"build_version":"2019-01-23","purchased_purges":1,"victory":false,"max_hp_per_floor":[75,75,75,75,75,75,75,77,77,77,77,77,77,77,77,77,77,77,77,77,77,77,77,77,77,77,77,77,77,77,77],"card_choices":[{"not_picked":["Tempest","Streamline"],"picked":"FTL","floor":1},{"not_picked":["Rebound","Beam Cell"],"picked":"Go for the Eyes","floor":7},{"not_picked":["BootSequence","Doom and Gloom","Hologram"],"picked":"Singing Bowl","floor":8},{"not_picked":["Multi-Cast+1","Melter"],"picked":"Leap+1","floor":10},{"not_picked":["Steam+1","Compile Driver"],"picked":"Gash","floor":14},{"not_picked":["Conserve Battery+1","Coolheaded+1"],"picked":"FTL","floor":15},{"not_picked":["Buffer","Fission+1"],"picked":"Echo Form","floor":16},{"not_picked":["Sunder+1","Stack+1"],"picked":"Hologram+1","floor":18},{"not_picked":["Hologram+1","Ball Lightning"],"picked":"Rip and Tear+1","floor":19},{"not_picked":["Lockon","Streamline+1"],"picked":"Rebound","floor":24},{"not_picked":["Doom and Gloom","Double Energy+1"],"picked":"Genetic Algorithm+1","floor":25},{"not_picked":["Aggregate+1","Glacier+1"],"picked":"All For One","floor":27},{"not_picked":["Sweeping Beam","Streamline"],"picked":"Beam Cell","floor":28},{"not_picked":["Hologram+1","Turbo+1"],"picked":"Go for the Eyes","floor":30}],"player_experience":393608,"relics_obtained":[{"floor":7,"key":"Singing Bowl"},{"floor":9,"key":"Toxic Egg 2"},{"floor":10,"key":"Dream Catcher"},{"floor":12,"key":"Omamori"},{"floor":25,"key":"Kunai"},{"floor":26,"key":"Bottled Flame"},{"floor":27,"key":"Whetstone"}],"event_choices":[{"damage_healed":0,"gold_gain":0,"player_choice":"Entered Light","damage_taken":15,"max_hp_gain":0,"max_hp_loss":0,"event_name":"Shining Light","floor":3,"gold_loss":0,"cards_upgraded":["Defend_B","Defend_B"]},{"damage_healed":0,"gold_gain":0,"player_choice":"Forge","damage_taken":0,"max_hp_gain":0,"max_hp_loss":0,"event_name":"Accursed Blacksmith","floor":4,"gold_loss":0,"cards_upgraded":["Hologram"]},{"damage_healed":0,"gold_gain":175,"player_choice":"AGREE","damage_taken":0,"max_hp_gain":0,"max_hp_loss":0,"event_name":"Liars Game","floor":11,"gold_loss":0,"cards_obtained":["Doubt"]},{"damage_healed":0,"gold_gain":0,"player_choice":"Upgraded","damage_taken":0,"max_hp_gain":0,"max_hp_loss":0,"event_name":"Upgrade Shrine","floor":13,"gold_loss":0,"cards_upgraded":["Go for the Eyes"]},{"damage_healed":25,"gold_gain":0,"player_choice":"Heal","damage_taken":0,"max_hp_gain":0,"max_hp_loss":0,"event_name":"The Library","floor":22,"gold_loss":0},{"damage_healed":0,"gold_gain":0,"player_choice":"Fight","damage_taken":0,"max_hp_gain":0,"max_hp_loss":0,"event_name":"Colosseum","floor":29,"gold_loss":0},{"damage_healed":0,"gold_gain":0,"player_choice":"Fled From Nobs","damage_taken":0,"max_hp_gain":0,"max_hp_loss":0,"event_name":"Colosseum","floor":29,"gold_loss":0}],"is_beta":false,"boss_relics":[{"not_picked":["Velvet Choker","Runic Dome"],"picked":"Lizard Tail"}],"items_purged_floors":[20],"is_endless":false,"potions_floor_spawned":[1,10,18,25,27,29],"killed_by":"Slavers","ascension_level":4}