{"gold_per_floor":[219,12,12,62,100,159,219,219,242,272,303,303],"floor_reached":12,"playtime":360,"items_purged":[],"score":164,"play_id":"01be5d86-5451-4c53-ba3b-131ee82c33b9","local_time":"20190220233748","is_ascension_mode":true,"campfire_choices":[{"floor":8,"key":"REST"}],"neow_cost":"NONE","seed_source_timestamp":2168375126297415,"circlet_count":0,"master_deck":["AscendersBane","Strike_B","Strike_B","Strike_B","Strike_B","Defend_B","Defend_B","Defend_B","Defend_B","Zap","Dualcast","Coolheaded","HandOfGreed","Cold Snap","Conserve Battery","Biased Cognition"],"special_seed":0,"relics":["Cracked Core","Tiny Chest","Bag of Marbles"],"potions_floor_usage":[12],"damage_taken":[{"damage":4.0,"enemies":"Small Slimes","floor":1.0,"turns":3.0},{"damage":8,"enemies":"2 Louse","floor":4,"turns":3},{"damage":0,"enemies":"Cultist","floor":5,"turns":3},{"damage":46,"enemies":"Gremlin Nob","floor":6,"turns":5},{"damage":6,"enemies":"Exordium Wildlife","floor":7,"turns":4},{"damage":9,"enemies":"Looter","floor":10,"turns":2},{"damage":9,"enemies":"Large Slime","floor":11,"turns":7},{"damage":13,"enemies":"Lagavulin","floor":12,"turns":4}],"seed_played":"3601565749654157312","potions_obtained":[{"floor":7,"key":"SkillPotion"},{"floor":10,"key":"Dexterity Potion"}],"is_trial":false,"path_per_floor":["M","$","?","M","M","E","M","R","T","M","M","E"],"character_chosen":"DEFECT","items_purchased":["HandOfGreed"],"campfire_rested":1,"item_purchase_floors":[2],"current_hp_per_floor":[60,60,65,57,57,11,5,27,27,18,9,0],"gold":303,"neow_bonus":"HUNDRED_GOLD","is_prod":false,"is_daily":false,"chose_seed":false,"campfire_upgraded":0,"win_rate":0,"timestamp":1550734668,"path_taken":["M","$","?","M","M","E","M","R","T","M","M","E"],"build_version":"2019-02-06","purchased_purges":0,"victory":false,"max_hp_per_floor":[71,71,76,76,76,76,76,76,76,76,76,76],"card_choices":[{"not_picked":["Beam Cell","Steam"],"picked":"Coolheaded","floor":1.0},{"not_picked":["Streamline","Barrage"],"picked":"Cold Snap","floor":4},{"not_picked":["Darkness","Aggregate"],"picked":"Conserve Battery","floor":5},{"not_picked":["Core Surge","Chill"],"picked":"Biased Cognition","floor":6},{"not_picked":["Sunder","Lockon","Redo"],"picked":"SKIP","floor":7},{"not_picked":["Sunder","Lockon","Redo"],"picked":"SKIP","floor":7},{"not_picked":["Sweeping Beam","Aggregate","Scrape"],"picked":"SKIP","floor":10},{"not_picked":["Aggregate","Rip and Tear","Rebound"],"picked":"SKIP","floor":11}],"player_experience":1212827,"relics_obtained":[{"floor":6,"key":"Tiny Chest"},{"floor":9,"key":"Bag of Marbles"}],"event_choices":[{"damage_healed":0.0,"max_hp_gain":5.0,"max_hp_loss":0.0,"gold_gain":0.0,"event_name":"Big Fish","player_choice":"Donut","floor":3.0,"gold_loss":0.0,"damage_taken":0.0}],"is_beta":true,"boss_relics":[],"items_purged_floors":[],"is_endless":false,"potions_floor_spawned":[7,10],"killed_by":"Lagavulin","ascension_level":20}