{"gold_per_floor":[109,184,75,75,87,87,113,129,129,142,174,174,174,192,192,271,271,283,283,208,223,223,252,267,267,291,291],"floor_reached":27,"playtime":1150,"items_purged":["Strike_B"],"score":482,"play_id":"35dcbf67-ff3c-4909-b181-762b311e5461","local_time":"20190228190638","is_ascension_mode":true,"campfire_choices":[{"data":"Biased Cognition","floor":6.0,"key":"SMITH"},{"data":"Zap","floor":12.0,"key":"SMITH"},{"data":"Coolheaded","floor":15.0,"key":"SMITH"},{"data":"Seek","floor":25,"key":"SMITH"}],"neow_cost":"TEN_PERCENT_HP_LOSS","seed_source_timestamp":2646302559647629,"circlet_count":0,"master_deck":["AscendersBane","Strike_B","Defend_B","Defend_B","Defend_B","Defend_B","Zap+1","Dualcast","Core Surge","Biased Cognition+1","Seek+1","Self Repair","Coolheaded+1","Static Discharge","Echo Form","Conserve Battery","Coolheaded","Genetic Algorithm+1","Thunder Strike+1"],"special_seed":0,"relics":["Cracked Core","Molten Egg 2","Emotion Chip","Snecko Eye","DataDisk","Regal Pillow"],"potions_floor_usage":[23,27],"damage_taken":[{"damage":9.0,"enemies":"Jaw Worm","floor":1.0,"turns":4.0},{"damage":0.0,"enemies":"2 Louse","floor":5.0,"turns":2.0},{"damage":8.0,"enemies":"Gremlin Nob","floor":7.0,"turns":3.0},{"damage":1.0,"enemies":"Cultist","floor":8.0,"turns":3.0},{"damage":17.0,"enemies":"Gremlin Gang","floor":10.0,"turns":5.0},{"damage":8.0,"enemies":"3 Sentries","floor":11.0,"turns":11.0},{"damage":0.0,"enemies":"Large Slime","floor":14.0,"turns":5.0},{"damage":15.0,"enemies":"Hexaghost","floor":16.0,"turns":8.0},{"damage":9.0,"enemies":"Shell Parasite","floor":18.0,"turns":3.0},{"damage":16,"enemies":"2 Thieves","floor":21,"turns":4},{"damage":6,"enemies":"Gremlin Leader","floor":23,"turns":5},{"damage":19,"enemies":"Centurion and Healer","floor":24,"turns":8},{"damage":46,"enemies":"Slavers","floor":27,"turns":3}],"seed_played":"445838495610330649","potions_obtained":[{"floor":8.0,"key":"Block Potion"},{"floor":18.0,"key":"Energy Potion"}],"is_trial":false,"path_per_floor":["M","?","$","?","M","R","E","M","T","M","E","R","?","M","R","B",null,"M","?","$","M","?","E","M","R","T","E"],"character_chosen":"DEFECT","items_purchased":["PowerPotion","Fire Potion"],"campfire_rested":0,"item_purchase_floors":[3,3],"current_hp_per_floor":[55,44,44,44,44,44,36,35,35,25,24,24,24,31,31,23,54,45,45,45,43,43,51,46,46,46,0],"gold":291,"neow_bonus":"THREE_RARE_CARDS","is_prod":false,"is_daily":false,"chose_seed":false,"campfire_upgraded":4,"win_rate":0,"timestamp":1551409598,"path_taken":["M","?","$","?","?","R","E","?","T","M","E","R","?","M","R","BOSS","M","?","$","?","?","E","?","R","T","E"],"build_version":"2019-02-06","purchased_purges":1,"victory":false,"max_hp_per_floor":[64,64,64,64,64,64,64,64,64,64,64,64,64,64,64,64,64,64,64,64,64,64,64,64,64,64,64],"card_choices":[{"not_picked":["All For One","Machine Learning"],"picked":"Core Surge","floor":0.0},{"not_picked":["Streamline","Redo"],"picked":"Conserve Battery","floor":1.0},{"not_picked":["Beam Cell","Rebound","Double Energy"],"picked":"SKIP","floor":5.0},{"not_picked":["Aggregate","Redo"],"picked":"Seek","floor":7.0},{"not_picked":["Barrage+1","Steam"],"picked":"Self Repair","floor":8.0},{"not_picked":["Barrage+1","BootSequence"],"picked":"Coolheaded","floor":10.0},{"not_picked":["BootSequence","Steam Power","Stack"],"picked":"SKIP","floor":11.0},{"not_picked":["BootSequence","Beam Cell+1"],"picked":"Static Discharge","floor":14.0},{"not_picked":["All For One+1","Electrodynamics"],"picked":"Echo Form","floor":16.0},{"not_picked":["Ball Lightning+1","Steam"],"picked":"Conserve Battery","floor":18.0},{"not_picked":["Barrage+1","Redo"],"picked":"Coolheaded","floor":21},{"not_picked":["Redo","Steam"],"picked":"Genetic Algorithm+1","floor":23},{"not_picked":["White Noise","Compile Driver+1"],"picked":"Thunder Strike+1","floor":24}],"player_experience":1286691,"relics_obtained":[{"floor":7.0,"key":"Molten Egg 2"},{"floor":11.0,"key":"Emotion Chip"},{"floor":23,"key":"DataDisk"},{"floor":26,"key":"Regal Pillow"}],"event_choices":[{"damage_healed":0.0,"max_hp_gain":0.0,"max_hp_loss":0.0,"gold_gain":75.0,"event_name":"World of Goop","player_choice":"Gather Gold","floor":2.0,"gold_loss":0.0,"damage_taken":11.0},{"damage_healed":0.0,"max_hp_gain":0.0,"max_hp_loss":0.0,"gold_gain":0.0,"cards_transformed":["Conserve Battery"],"event_name":"Transmorgrifier","player_choice":"Transformed","floor":4.0,"gold_loss":0.0,"damage_taken":0.0,"cards_obtained":["Biased Cognition"]},{"damage_healed":0.0,"max_hp_gain":0.0,"max_hp_loss":0.0,"gold_gain":0.0,"event_name":"Scrap Ooze","player_choice":"Fled","floor":13.0,"gold_loss":0.0,"damage_taken":0.0},{"cards_removed":["Strike_B"],"damage_healed":0.0,"max_hp_gain":0.0,"max_hp_loss":0.0,"gold_gain":0.0,"event_name":"Bonfire Elementals","player_choice":"Offered Basic","floor":19.0,"gold_loss":0.0,"damage_taken":0.0},{"cards_removed":["Strike_B"],"damage_healed":0,"gold_gain":0,"player_choice":"Purged","damage_taken":0,"max_hp_gain":0,"max_hp_loss":0,"event_name":"Purifier","floor":22,"gold_loss":0}],"is_beta":true,"boss_relics":[{"not_picked":["Orrery","Black Star"],"picked":"Snecko Eye"}],"items_purged_floors":[20],"is_endless":false,"potions_floor_spawned":[5,8,10,18],"killed_by":"Slavers","ascension_level":20}