{"gold_per_floor":[362,362,29,39,49,84,84,111,157,177,9,9,9,23,23,94,94,111,111,190,14,24,24],"floor_reached":23,"playtime":970,"items_purged":["Pain"],"score":398,"play_id":"93207958-e679-4ea2-a00c-20df780d1177","local_time":"20190118213746","is_ascension_mode":true,"campfire_choices":[{"data":"Consume","floor":7.0,"key":"SMITH"},{"data":"Defragment","floor":12.0,"key":"SMITH"},{"floor":15.0,"key":"REST"}],"neow_cost":"CURSE","seed_source_timestamp":131683607405113,"circlet_count":0,"master_deck":["AscendersBane","Strike_B","Strike_B","Strike_B","Strike_B","Defend_B","Defend_B","Defend_B","Defend_B+1","Zap","Dualcast+1","Consume+1","Genetic Algorithm","Auto Shields","Defragment+1","Genetic Algorithm","Loop","Hyperbeam","Decay","Shame","Decay","Capacitor","Stack+1"],"special_seed":0,"relics":["Cracked Core","Thread and Needle","Bottled Lightning","Happy Flower","War Paint","Calling Bell","Dead Branch","Toxic Egg 2","Dream Catcher","Question Card"],"potions_floor_usage":[],"damage_taken":[{"damage":0.0,"enemies":"2 Louse","floor":1.0,"turns":2.0},{"damage":0.0,"enemies":"Small Slimes","floor":4.0,"turns":4.0},{"damage":8.0,"enemies":"Jaw Worm","floor":5.0,"turns":4.0},{"damage":32.0,"enemies":"3 Sentries","floor":6.0,"turns":9.0},{"damage":4.0,"enemies":"Gremlin Nob","floor":8.0,"turns":3.0},{"damage":7.0,"enemies":"Exordium Thugs","floor":10.0,"turns":6.0},{"damage":3.0,"enemies":"Exordium Wildlife","floor":14.0,"turns":5.0},{"damage":20.0,"enemies":"Slime Boss","floor":16.0,"turns":8.0},{"damage":15.0,"enemies":"3 Byrds","floor":18.0,"turns":9.0},{"damage":17.0,"enemies":"2 Thieves","floor":22.0,"turns":4.0},{"damage":24,"enemies":"Slavers","floor":23,"turns":3}],"seed_played":"-3090280285148512696","potions_obtained":[{"floor":1.0,"key":"Fire Potion"},{"floor":4.0,"key":"SkillPotion"},{"floor":6.0,"key":"SteroidPotion"},{"floor":16.0,"key":"PowerPotion"}],"is_trial":false,"path_per_floor":["M","?","$","M","M","E","R","E","T","M","$","R","?","M","R","B",null,"M","?","T","$","M","E"],"character_chosen":"DEFECT","items_purchased":["Thread and Needle","Defragment","Genetic Algorithm","Capacitor","Fire Potion"],"campfire_rested":1,"item_purchase_floors":[3,11,11,21,21],"current_hp_per_floor":[64,64,64,64,56,24,24,20,20,13,13,13,13,10,31,11,56,41,41,41,41,24,0],"gold":24,"neow_bonus":"TWO_FIFTY_GOLD","is_prod":false,"is_daily":false,"chose_seed":false,"campfire_upgraded":2,"win_rate":0,"timestamp":1547876266,"path_taken":["M","?","$","M","M","E","R","E","T","M","$","R","?","M","R","BOSS","M","?","?","?","M","E"],"build_version":"2019-01-17","purchased_purges":1,"victory":false,"max_hp_per_floor":[71,71,71,71,71,71,71,71,71,71,71,71,71,71,71,71,71,71,71,71,71,71,71],"card_choices":[{"not_picked":["Redo","Stack"],"picked":"Consume","floor":1.0},{"not_picked":["Skim","Steam Power"],"picked":"Genetic Algorithm","floor":4.0},{"not_picked":["Double Energy","Go for the Eyes"],"picked":"Auto Shields","floor":5.0},{"not_picked":["Redo","Tempest","Leap"],"picked":"SKIP","floor":6.0},{"not_picked":["Darkness","Turbo","Beam Cell"],"picked":"SKIP","floor":8.0},{"not_picked":["Lockon","Redo","Chaos"],"picked":"SKIP","floor":10.0},{"not_picked":["Conserve Battery","Gash"],"picked":"Loop","floor":14.0},{"not_picked":["Amplify","Rainbow"],"picked":"Hyperbeam","floor":16.0},{"not_picked":["Double Energy+1","Compile Driver","Scrape"],"picked":"SKIP","floor":18.0},{"not_picked":["Hello World","Ball Lightning","Rebound"],"picked":"Stack+1","floor":22.0}],"player_experience":977810,"relics_obtained":[{"floor":6.0,"key":"Bottled Lightning"},{"floor":8.0,"key":"Happy Flower"},{"floor":9.0,"key":"War Paint"},{"floor":17.0,"key":"Dead Branch"},{"floor":17.0,"key":"Toxic Egg 2"},{"floor":17.0,"key":"Dream Catcher"},{"floor":20.0,"key":"Question Card"}],"event_choices":[{"cards_removed":["Clumsy"],"damage_healed":0.0,"max_hp_gain":0.0,"max_hp_loss":0.0,"gold_gain":0.0,"event_name":"Living Wall","player_choice":"Forget","floor":2.0,"gold_loss":0.0,"damage_taken":0.0},{"damage_healed":0.0,"max_hp_gain":0.0,"max_hp_loss":0.0,"gold_gain":0.0,"event_name":"Shining Light","player_choice":"Ignored","floor":13.0,"gold_loss":0.0,"damage_taken":0.0},{"damage_healed":0.0,"max_hp_gain":0.0,"max_hp_loss":0.0,"gold_gain":0.0,"event_name":"Forgotten Altar","player_choice":"Smashed Altar","floor":19.0,"gold_loss":0.0,"damage_taken":0.0,"cards_obtained":["Decay"]}],"is_beta":true,"boss_relics":[{"not_picked":["Coffee Dripper","Lizard Tail"],"picked":"Calling Bell"}],"items_purged_floors":[21],"is_endless":false,"potions_floor_spawned":[1,4,6,16],"killed_by":"Slavers","ascension_level":20}