{"gold_per_floor":[114,114,114,114,128,155,170,184,211,231,231,249,262,282,282,355,355,370,54,73,73,73,73,102,102,128,154,154,166,197,207,207,280,280,293,311,311,329,2,2,19,19,46,56,82,99,132,147,147,147,147,147,147,18,50,50],"floor_reached":57,"playtime":2685,"items_purged":["Strike_G","Skewer"],"score":2816,"play_id":"e3524f5f-a26e-4d14-9649-4d18cf2a044a","local_time":"20190201043839","is_ascension_mode":true,"campfire_choices":[{"data":"Corpse Explosion","floor":15.0,"key":"SMITH"},{"data":"Catalyst","floor":23.0,"key":"SMITH"},{"floor":25.0,"key":"REST"},{"data":"Adrenaline","floor":28.0,"key":"SMITH"},{"floor":32.0,"key":"REST"},{"data":"Catalyst","floor":40.0,"key":"SMITH"},{"data":"Adrenaline","floor":42.0,"key":"SMITH"},{"floor":49.0,"key":"RECALL"},{"floor":53.0,"key":"REST"}],"neow_cost":"NONE","seed_source_timestamp":813784645528576,"circlet_count":0,"master_deck":["AscendersBane","Defend_G","Defend_G","Defend_G","Defend_G","Defend_G","Survivor","Neutralize+1","Flechettes","Catalyst","Backflip","PiercingWail","Corpse Explosion+1","Catalyst+1","Night Terror","Catalyst+1","Adrenaline+1","Bullet Time","Heel Hook","Adrenaline+1","Bouncing Flask","Bullet Time","Blur","Footwork+1","Backflip","Deadly Poison","PiercingWail+1","After Image+1","Dodge and Roll","PiercingWail","Noxious Fumes+1"],"special_seed":0,"relics":["Ring of the Snake","NeowsBlessing","PreservedInsect","Omamori","Dream Catcher","Snecko Eye","Whetstone","Happy Flower","Frozen Egg 2","Red Mask","Lizard Tail","Membership Card","Blood Vial","Regal Pillow","Art of War","Blue Candle"],"potions_floor_usage":[56],"damage_taken":[{"damage":0.0,"enemies":"Jaw Worm","floor":1.0,"turns":1.0},{"damage":0.0,"enemies":"2 Louse","floor":5.0,"turns":1.0},{"damage":0.0,"enemies":"Gremlin Nob","floor":6.0,"turns":1.0},{"damage":4.0,"enemies":"Small Slimes","floor":7.0,"turns":5.0},{"damage":13.0,"enemies":"Exordium Thugs","floor":8.0,"turns":5.0},{"damage":4.0,"enemies":"3 Louse","floor":10.0,"turns":6.0},{"damage":13.0,"enemies":"Large Slime","floor":12.0,"turns":5.0},{"damage":5.0,"enemies":"Blue Slaver","floor":13.0,"turns":4.0},{"damage":0.0,"enemies":"2 Fungi Beasts","floor":14.0,"turns":2.0},{"damage":14.0,"enemies":"The Guardian","floor":16.0,"turns":8.0},{"damage":21.0,"enemies":"Shell Parasite","floor":18.0,"turns":6.0},{"damage":0.0,"enemies":"Spheric Guardian","floor":20.0,"turns":3.0},{"damage":10.0,"enemies":"Gremlin Leader","floor":24.0,"turns":6.0},{"damage":16.0,"enemies":"Slavers","floor":27.0,"turns":2.0},{"damage":0.0,"enemies":"Cultist and Chosen","floor":29.0,"turns":3.0},{"damage":0.0,"enemies":"Masked Bandits","floor":30.0,"turns":2.0},{"damage":0.0,"enemies":"Shelled Parasite and Fungi","floor":31.0,"turns":2.0},{"damage":4.0,"enemies":"Automaton","floor":33.0,"turns":5.0},{"damage":0.0,"enemies":"3 Darklings","floor":35.0,"turns":2.0},{"damage":0.0,"enemies":"3 Shapes","floor":36.0,"turns":2.0},{"damage":0.0,"enemies":"Jaw Worm Horde","floor":38.0,"turns":2.0},{"damage":0.0,"enemies":"4 Shapes","floor":41.0,"turns":2.0},{"damage":2.0,"enemies":"Spire Growth","floor":44.0,"turns":2.0},{"damage":0.0,"enemies":"Reptomancer","floor":45.0,"turns":2.0},{"damage":5.0,"enemies":"3 Darklings","floor":46.0,"turns":5.0},{"damage":5.0,"enemies":"Nemesis","floor":47.0,"turns":3.0},{"damage":1.0,"enemies":"4 Shapes","floor":48.0,"turns":5.0},{"damage":22.0,"enemies":"Donu and Deca","floor":50.0,"turns":4.0},{"damage":33.0,"enemies":"Awakened One","floor":51.0,"turns":13.0},{"damage":5,"enemies":"Shield and Spear","floor":55,"turns":3},{"damage":46,"enemies":"The Heart","floor":56,"turns":7}],"seed_played":"-7134463573382350013","potions_obtained":[{"floor":1.0,"key":"EssenceOfSteel"},{"floor":8.0,"key":"Energy Potion"},{"floor":12.0,"key":"Swift Potion"},{"floor":13.0,"key":"Poison Potion"},{"floor":16.0,"key":"FairyPotion"},{"floor":20.0,"key":"Dexterity Potion"},{"floor":27.0,"key":"Weak Potion"},{"floor":38.0,"key":"Block Potion"},{"floor":47.0,"key":"Explosive Potion"},{"floor":48.0,"key":"Swift Potion"},{"floor":55,"key":"SpeedPotion"}],"is_trial":false,"path_per_floor":["M","?","?","?","M","E","M","M","T","M","?","M","M","M","R","B",null,"M","$","M","$","?","R","E","R","T","E","R","M","?","M","R","B",null,"M","M","?","M","$","R","M","R","T","M","E","M","E","M","R","B","B",null,"R","$","E","B",null],"character_chosen":"THE_SILENT","items_purchased":["Catalyst","Adrenaline","Membership Card","Footwork+1","Backflip","PiercingWail","Noxious Fumes+1","Art of War"],"campfire_rested":3,"item_purchase_floors":[19,19,39,39,39,54,54,54],"current_hp_per_floor":[59,54,59,59,59,59,55,42,42,38,38,25,20,20,20,6,55,34,34,34,34,34,34,24,45,45,29,29,29,29,29,50,46,65,65,65,65,65,65,65,65,65,65,63,63,60,57,58,58,38,7,55,71,71,66,22],"gold":50,"neow_bonus":"THREE_ENEMY_KILL","is_prod":false,"is_daily":false,"chose_seed":false,"campfire_upgraded":5,"win_rate":0,"timestamp":1549024719,"path_taken":["M","?","?","?","?","E","M","M","T","M","?","M","M","M","R","BOSS","M","$","M","$","?","R","E","R","T","E","R","M","?","M","R","BOSS","M","M","?","?","$","R","M","R","T","M","E","M","E","M","R","BOSS","BOSS","R","$","E","BOSS"],"build_version":"2019-01-23","purchased_purges":2,"victory":true,"max_hp_per_floor":[66,66,71,71,71,71,71,71,71,71,71,71,71,71,71,71,71,71,71,71,71,71,71,71,71,71,71,71,71,71,71,71,71,71,71,71,71,71,71,71,71,71,71,71,71,71,71,71,71,71,71,71,71,71,71,71],"card_choices":[{"not_picked":["Expertise","Masterful Stab","Underhanded Strike"],"picked":"SKIP","floor":1.0},{"not_picked":["Tactician","Outmaneuver"],"picked":"Flechettes","floor":5.0},{"not_picked":["Finisher","Infinite Blades"],"picked":"Catalyst","floor":6.0},{"not_picked":["Cloak And Dagger","Flying Knee"],"picked":"Backflip","floor":7.0},{"not_picked":["Catalyst","Eviscerate"],"picked":"PiercingWail","floor":8.0},{"not_picked":["Acrobatics","Quick Slash"],"picked":"Corpse Explosion","floor":10.0},{"not_picked":["Dagger Spray","Poisoned Stab"],"picked":"Catalyst","floor":12.0},{"not_picked":["Cloak And Dagger","Prepared","Dash"],"picked":"SKIP","floor":13.0},{"not_picked":["Flying Knee","Accuracy","Sucker Punch"],"picked":"SKIP","floor":14.0},{"not_picked":["A Thousand Cuts","Grand Finale"],"picked":"Night Terror","floor":16.0},{"not_picked":["Outmaneuver","Reflex","Prepared"],"picked":"SKIP","floor":18.0},{"not_picked":["Slice","Underhanded Strike","Dash"],"picked":"SKIP","floor":20.0},{"not_picked":["Tactician","Dagger Spray","Finisher"],"picked":"SKIP","floor":24.0},{"not_picked":["Reflex","Setup"],"picked":"Adrenaline","floor":27.0},{"not_picked":["Dodge and Roll","Prepared+1","Quick Slash"],"picked":"SKIP","floor":29.0},{"not_picked":["Sucker Punch","Riddle With Holes","Tactician"],"picked":"SKIP","floor":31.0},{"not_picked":["Outmaneuver","All Out Attack"],"picked":"Bouncing Flask","floor":32.0},{"not_picked":["Doppelganger","Venomology"],"picked":"Bullet Time","floor":33.0},{"not_picked":["Outmaneuver","Poisoned Stab","Caltrops+1"],"picked":"SKIP","floor":35.0},{"not_picked":["Blur","Dodge and Roll","Tactician"],"picked":"SKIP","floor":36.0},{"not_picked":["Dodge and Roll","Tactician"],"picked":"Blur","floor":36.0},{"not_picked":["Sucker Punch","Cloak And Dagger+1","Prepared+1"],"picked":"SKIP","floor":38.0},{"not_picked":["Acrobatics","Leg Sweep"],"picked":"Deadly Poison","floor":41.0},{"not_picked":["Terror","Accuracy+1","Grand Finale"],"picked":"SKIP","floor":44.0},{"not_picked":["Dash","Catalyst"],"picked":"PiercingWail+1","floor":45.0},{"not_picked":["Cloak And Dagger","Heel Hook","Deadly Poison"],"picked":"SKIP","floor":46.0},{"not_picked":["Slice","Sucker Punch+1"],"picked":"After Image+1","floor":47.0},{"not_picked":["Heel Hook","Prepared","Endless Agony+1"],"picked":"SKIP","floor":48.0},{"not_picked":["Acrobatics","Distraction+1"],"picked":"Dodge and Roll","floor":53.0},{"not_picked":["Quick Slash","Dagger Spray","Bane"],"picked":"SKIP","floor":55}],"player_experience":1058279,"relics_obtained":[{"floor":6.0,"key":"Omamori"},{"floor":9.0,"key":"Dream Catcher"},{"floor":24.0,"key":"Whetstone"},{"floor":26.0,"key":"Happy Flower"},{"floor":27.0,"key":"Frozen Egg 2"},{"floor":30.0,"key":"Red Mask"},{"floor":45.0,"key":"Blood Vial"},{"floor":47.0,"key":"Regal Pillow"},{"floor":55,"key":"Blue Candle"}],"event_choices":[{"damage_healed":0.0,"max_hp_gain":0.0,"max_hp_loss":0.0,"gold_gain":0.0,"event_name":"Scrap Ooze","player_choice":"Success","floor":2.0,"gold_loss":0.0,"damage_taken":5.0,"relics_obtained":["PreservedInsect"]},{"damage_healed":0.0,"max_hp_gain":5.0,"max_hp_loss":0.0,"gold_gain":0.0,"event_name":"Big Fish","player_choice":"Donut","floor":3.0,"gold_loss":0.0,"damage_taken":0.0},{"cards_removed":["Strike_G"],"damage_healed":0.0,"max_hp_gain":0.0,"max_hp_loss":0.0,"gold_gain":0.0,"event_name":"Purifier","player_choice":"Purged","floor":4.0,"gold_loss":0.0,"damage_taken":0.0},{"damage_healed":0.0,"max_hp_gain":0.0,"max_hp_loss":0.0,"gold_gain":0.0,"event_name":"Liars Game","player_choice":"Ignored","floor":11.0,"gold_loss":0.0,"damage_taken":0.0},{"damage_healed":0.0,"max_hp_gain":0.0,"max_hp_loss":0.0,"gold_gain":0.0,"cards_transformed":["Strike_G","Strike_G"],"event_name":"Drug Dealer","player_choice":"Became Test Subject","floor":22.0,"gold_loss":0.0,"damage_taken":0.0,"cards_obtained":["Bullet Time","Heel Hook"]},{"damage_healed":0.0,"max_hp_gain":0.0,"max_hp_loss":0.0,"gold_gain":0.0,"event_name":"Masked Bandits","player_choice":"Fought Bandits","floor":30.0,"gold_loss":0.0,"damage_taken":0.0},{"damage_healed":0.0,"max_hp_gain":0.0,"max_hp_loss":0.0,"gold_gain":0.0,"cards_transformed":["Strike_G"],"event_name":"Transmorgrifier","player_choice":"Transformed","floor":37.0,"gold_loss":0.0,"damage_taken":0.0,"cards_obtained":["Skewer"]}],"is_beta":true,"boss_relics":[{"not_picked":["Pandora\u0027s Box","WristBlade"],"picked":"Snecko Eye"},{"not_picked":["Coffee Dripper","Busted Crown"],"picked":"Lizard Tail"}],"items_purged_floors":[19,39],"is_endless":false,"potions_floor_spawned":[1,8,12,13,16,20,27,31,33,36,38,41,47,48,55],"ascension_level":20}