{"gold_per_floor":[116,131,56,56,1,1,31,47,117,146,146,146,157,78,78,155,155,167,184,202,52,52,78,78,88,88,32,47,81,99,131,131,209,209,225,240,9,9,0,65,65,25,25,25,52,52,86,98,98,98,98,98,98,44,77,77],"floor_reached":56,"playtime":2020,"items_purged":["Strike_R"],"score":2152,"play_id":"0b2dc84b-0634-4fe3-bc06-1eb8216180fc","local_time":"20190213211521","is_ascension_mode":true,"campfire_choices":[{"data":"Bash","floor":6.0,"key":"SMITH"},{"data":"Offering","floor":11.0,"key":"SMITH"},{"data":"Inflame","floor":15.0,"key":"SMITH"},{"data":"Sword Boomerang","floor":24.0,"key":"SMITH"},{"floor":32.0,"key":"REST"},{"data":"Disarm","floor":41.0,"key":"SMITH"},{"floor":46.0,"key":"RECALL"},{"data":"Limit Break","floor":49.0,"key":"SMITH"},{"floor":53.0,"key":"REST"}],"neow_cost":"NONE","seed_source_timestamp":0,"circlet_count":0,"master_deck":["AscendersBane","Strike_R","Strike_R","Strike_R","Defend_R","Defend_R","Defend_R","Defend_R","Bash+1","Inflame+1","Thunderclap+1","Shrug It Off","Offering+1","Dropkick","Anger","Inflame+1","Immolate+1","Shrug It Off","Sword Boomerang+1","Shrug It Off","Exhume","Shockwave+1","Decay","Battle Trance","Limit Break","Limit Break+1","Disarm+1","Exhume","Heavy Blade"],"special_seed":0,"relics":["Burning Blood","NeowsBlessing","Centennial Puzzle","Meat on the Bone","Orichalcum","Cursed Key","Gremlin Horn","Bag of Preparation","Torii","Runic Dome","DollysMirror","Red Mask","Tiny Chest","Mummified Hand","Juzu Bracelet","StoneCalendar"],"potions_floor_usage":[56],"damage_taken":[{"damage":0.0,"enemies":"Jaw Worm","floor":1.0,"turns":1.0},{"damage":0.0,"enemies":"2 Louse","floor":2.0,"turns":1.0},{"damage":0.0,"enemies":"3 Sentries","floor":7.0,"turns":1.0},{"damage":1.0,"enemies":"Cultist","floor":8.0,"turns":3.0},{"damage":28.0,"enemies":"Lagavulin","floor":10.0,"turns":6.0},{"damage":6.0,"enemies":"Gremlin Gang","floor":13.0,"turns":3.0},{"damage":18.0,"enemies":"Slime Boss","floor":16.0,"turns":6.0},{"damage":13.0,"enemies":"3 Byrds","floor":18.0,"turns":4.0},{"damage":0.0,"enemies":"Chosen","floor":19.0,"turns":3.0},{"damage":25.0,"enemies":"Snecko","floor":20.0,"turns":4.0},{"damage":6.0,"enemies":"Gremlin Leader","floor":23.0,"turns":3.0},{"damage":27.0,"enemies":"Snake Plant","floor":25.0,"turns":4.0},{"damage":9.0,"enemies":"Sentry and Sphere","floor":28.0,"turns":4.0},{"damage":36.0,"enemies":"Book of Stabbing","floor":29.0,"turns":3.0},{"damage":14.0,"enemies":"Snecko","floor":30.0,"turns":4.0},{"damage":29.0,"enemies":"Slavers","floor":31.0,"turns":2.0},{"damage":36.0,"enemies":"Champ","floor":33.0,"turns":10.0},{"damage":7.0,"enemies":"3 Shapes","floor":35.0,"turns":5.0},{"damage":7.0,"enemies":"Orb Walker","floor":36.0,"turns":2.0},{"damage":44.0,"enemies":"Giant Head","floor":40.0,"turns":5.0},{"damage":6.0,"enemies":"Reptomancer","floor":45.0,"turns":2.0},{"damage":8.0,"enemies":"Nemesis","floor":47.0,"turns":3.0},{"damage":20.0,"enemies":"Maw","floor":48.0,"turns":3.0},{"damage":33.0,"enemies":"Time Eater","floor":50.0,"turns":7.0},{"damage":23.0,"enemies":"Awakened One","floor":51.0,"turns":10.0},{"damage":49,"enemies":"Shield and Spear","floor":55,"turns":3},{"damage":48,"enemies":"The Heart","floor":56,"turns":2}],"seed_played":"1444422299942030257","potions_obtained":[{"floor":1.0,"key":"FearPotion"},{"floor":2.0,"key":"GamblersBrew"},{"floor":13.0,"key":"Strength Potion"},{"floor":19.0,"key":"Swift Potion"},{"floor":30.0,"key":"Strength Potion"},{"floor":35.0,"key":"SkillPotion"},{"floor":42.0,"key":"Fruit Juice"},{"floor":42.0,"key":"SkillPotion"}],"is_trial":false,"path_per_floor":["M","M","?","?","$","R","E","M","T","E","R","?","M","$","R","B",null,"M","M","M","$","?","E","R","M","T","$","M","E","M","E","R","B",null,"M","M","$","?","?","E","R","?","T","$","E","R","E","M","R","B","B",null,"R","$","E","B"],"character_chosen":"IRONCLAD","items_purchased":["Shrug It Off","Inflame","Exhume","PowerPotion","DollysMirror","Dexterity Potion"],"campfire_rested":2,"item_purchase_floors":[5,14,21,27,37,54],"current_hp_per_floor":[74,75,75,52,52,52,58,63,63,53,53,42,54,54,54,54,70,63,69,50,50,50,50,50,41,41,41,50,32,36,25,47,29,64,63,62,62,62,62,36,36,41,41,41,53,53,51,49,49,34,29,64,76,76,45,0],"gold":77,"neow_bonus":"THREE_ENEMY_KILL","is_prod":false,"is_daily":false,"chose_seed":false,"campfire_upgraded":6,"win_rate":0,"timestamp":1550121321,"path_taken":["M","M","?","?","?","R","E","M","T","E","R","?","M","$","R","BOSS","M","M","M","$","?","E","R","?","T","?","M","E","M","E","R","BOSS","M","M","$","?","?","E","R","?","T","$","E","R","E","M","R","BOSS","BOSS","R","$","E","BOSS"],"build_version":"2019-02-06","purchased_purges":1,"victory":false,"max_hp_per_floor":[75,75,75,75,75,75,75,75,75,75,75,75,75,75,75,75,75,75,75,75,75,75,75,75,75,75,75,75,75,75,75,75,75,75,75,75,75,71,71,71,71,76,76,76,76,76,76,76,76,76,76,76,76,76,76,76],"card_choices":[{"not_picked":["Twin Strike","Body Slam"],"picked":"Inflame","floor":1.0},{"not_picked":["Flex","Headbutt"],"picked":"Thunderclap","floor":2.0},{"not_picked":["Inflame","Armaments"],"picked":"Offering","floor":7.0},{"not_picked":["Flex","Dual Wield","Perfected Strike"],"picked":"SKIP","floor":8.0},{"not_picked":["Intimidate","Fire Breathing","Dropkick"],"picked":"SKIP","floor":10.0},{"not_picked":["Intimidate","Fire Breathing"],"picked":"Dropkick","floor":10.0},{"not_picked":["Rage","Havoc"],"picked":"Anger","floor":13.0},{"not_picked":["Barricade","Dark Embrace"],"picked":"Immolate","floor":16.0},{"not_picked":["Perfected Strike","Iron Wave"],"picked":"Shrug It Off","floor":18.0},{"not_picked":["Warcry","Havoc"],"picked":"Sword Boomerang","floor":19.0},{"not_picked":["Clash","Anger"],"picked":"Shrug It Off","floor":20.0},{"not_picked":["Berserk","Bludgeon","Clothesline"],"picked":"SKIP","floor":23.0},{"not_picked":["Uppercut","Clothesline"],"picked":"Shockwave+1","floor":25.0},{"not_picked":["Fire Breathing","Burning Pact","Second Wind"],"picked":"SKIP","floor":28.0},{"not_picked":["Armaments","Brutality","True Grit"],"picked":"SKIP","floor":29.0},{"not_picked":["Pommel Strike","Perfected Strike","Bloodletting"],"picked":"SKIP","floor":30.0},{"not_picked":["Flex","Headbutt"],"picked":"Battle Trance","floor":31.0},{"not_picked":["Immolate","Exhume"],"picked":"Limit Break","floor":33.0},{"not_picked":["Entrench+1","Evolve","Carnage"],"picked":"SKIP","floor":35.0},{"not_picked":["Cleave+1","Intimidate","Clothesline"],"picked":"SKIP","floor":36.0},{"not_picked":["Clothesline","Pommel Strike"],"picked":"Disarm","floor":40.0},{"not_picked":["Anger","True Grit","Body Slam"],"picked":"SKIP","floor":45.0},{"not_picked":["Wild Strike","Clash+1"],"picked":"Exhume","floor":47.0},{"not_picked":["Twin Strike","Entrench","Carnage"],"picked":"SKIP","floor":48.0},{"not_picked":["True Grit","Double Tap"],"picked":"Heavy Blade","floor":55}],"player_experience":1159436,"relics_obtained":[{"floor":7.0,"key":"Centennial Puzzle"},{"floor":9.0,"key":"Meat on the Bone"},{"floor":10.0,"key":"Orichalcum"},{"floor":23.0,"key":"Gremlin Horn"},{"floor":29.0,"key":"Bag of Preparation"},{"floor":31.0,"key":"Torii"},{"floor":40.0,"key":"Tiny Chest"},{"floor":45.0,"key":"Mummified Hand"},{"floor":47.0,"key":"Juzu Bracelet"},{"floor":55,"key":"StoneCalendar"}],"event_choices":[{"cards_removed":["Strike_R"],"damage_healed":0.0,"max_hp_gain":0.0,"max_hp_loss":0.0,"gold_gain":0.0,"event_name":"The Cleric","player_choice":"Card Removal","floor":3.0,"gold_loss":75.0,"damage_taken":0.0},{"damage_healed":0.0,"max_hp_gain":0.0,"max_hp_loss":0.0,"gold_gain":0.0,"event_name":"Shining Light","player_choice":"Entered Light","floor":4.0,"gold_loss":0.0,"damage_taken":23.0,"cards_upgraded":["Thunderclap","Inflame"]},{"damage_healed":0.0,"max_hp_gain":0.0,"max_hp_loss":0.0,"gold_gain":0.0,"event_name":"Wheel of Change","player_choice":"Damaged","floor":12.0,"gold_loss":0.0,"damage_taken":11.0},{"damage_healed":0.0,"max_hp_gain":0.0,"max_hp_loss":0.0,"gold_gain":0.0,"event_name":"Accursed Blacksmith","player_choice":"Forge","floor":22.0,"gold_loss":0.0,"damage_taken":0.0,"cards_upgraded":["Immolate"]},{"damage_healed":0.0,"max_hp_gain":0.0,"max_hp_loss":4.0,"gold_gain":0.0,"event_name":"Winding Halls","player_choice":"Max HP","floor":38.0,"gold_loss":0.0,"damage_taken":0.0},{"damage_healed":0.0,"max_hp_gain":0.0,"max_hp_loss":0.0,"gold_gain":0.0,"event_name":"Tomb of Lord Red Mask","player_choice":"Paid","floor":39.0,"gold_loss":9.0,"damage_taken":0.0,"relics_obtained":["Red Mask"]},{"damage_healed":0.0,"max_hp_gain":0.0,"max_hp_loss":0.0,"gold_gain":0.0,"event_name":"The Woman in Blue","player_choice":"Bought 3 Potions","floor":42.0,"gold_loss":0.0,"damage_taken":0.0}],"is_beta":true,"boss_relics":[{"not_picked":["Empty Cage","Lizard Tail"],"picked":"Cursed Key"},{"not_picked":["Orrery","Busted Crown"],"picked":"Runic Dome"}],"items_purged_floors":[21],"is_endless":false,"potions_floor_spawned":[1,2,13,18,19,28,30,35,47,48],"killed_by":"The Heart","ascension_level":20}