{"gold_per_floor":[109,184,22,22,40,40,40,75,75,75,105,122,122,122],"floor_reached":14,"playtime":239,"items_purged":["Strike_B"],"score":242,"play_id":"dd8f1d81-6167-4eae-ac58-59544e664d47","local_time":"20190122182446","is_ascension_mode":true,"campfire_choices":[{"data":"Defragment","floor":6,"key":"SMITH"}],"neow_cost":"NONE","seed_source_timestamp":340526789597469,"circlet_count":0,"master_deck":["AscendersBane","Strike_B","Strike_B","Defend_B","Defend_B","Defend_B","Defend_B+1","Zap+1","Dualcast","Defragment+1","Ball Lightning","Hologram"],"relics":["Cracked Core","NeowsBlessing","Bottled Flame","Molten Egg 2","War Paint","Turnip"],"potions_floor_usage":[14],"damage_taken":[{"damage":0,"enemies":"Jaw Worm","floor":1,"turns":1},{"damage":0,"enemies":"2 Louse","floor":5,"turns":1},{"damage":0,"enemies":"Gremlin Nob","floor":8,"turns":1},{"damage":35,"enemies":"3 Sentries","floor":11,"turns":6},{"damage":8,"enemies":"Small Slimes","floor":12,"turns":2},{"damage":3,"enemies":"Exordium Thugs","floor":14,"turns":3}],"seed_played":"1117652329446133881","potions_obtained":[{"floor":1,"key":"GamblersBrew"},{"floor":5,"key":"SpeedPotion"}],"is_trial":false,"path_per_floor":["?","?","$","?","?"],"character_chosen":"DEFECT","items_purchased":["Defragment"],"campfire_rested":0,"item_purchase_floors":[3],"current_hp_per_floor":[64,53,53,58,58,58,58,58,58,47,12,4,4,1],"gold":122,"neow_bonus":"THREE_ENEMY_KILL","is_prod":false,"is_daily":false,"chose_seed":false,"campfire_upgraded":1,"win_rate":0,"timestamp":1548210286,"path_taken":["M","?","$","?","M","R","?","E","T","?","E","M","?","M"],"build_version":"2019-01-20","purchased_purges":1,"victory":false,"max_hp_per_floor":[71,71,71,76,76,76,76,76,76,76,76,76,76,76],"card_choices":[{"not_picked":["Reprogram","Lockon","Rebound"],"picked":"SKIP","floor":1},{"not_picked":["Melter","Turbo"],"picked":"Ball Lightning","floor":5},{"not_picked":["Go for the Eyes","Barrage","Compile Driver"],"picked":"SKIP","floor":8},{"not_picked":["Aggregate","BootSequence","Hello World"],"picked":"SKIP","floor":11},{"not_picked":["Leap","Compile Driver+1"],"picked":"Hologram","floor":12}],"player_experience":1014123,"relics_obtained":[{"floor":8,"key":"Bottled Flame"},{"floor":9,"key":"Molten Egg 2"},{"floor":11,"key":"Turnip"}],"event_choices":[{"damage_healed":0,"gold_gain":75,"player_choice":"Gather Gold","damage_taken":11,"max_hp_gain":0,"max_hp_loss":0,"event_name":"World of Goop","floor":2,"gold_loss":0},{"damage_healed":0,"gold_gain":0,"player_choice":"Donut","damage_taken":0,"max_hp_gain":5,"max_hp_loss":0,"event_name":"Big Fish","floor":4,"gold_loss":0},{"damage_healed":0,"gold_gain":0,"player_choice":"Success","damage_taken":11,"relics_obtained":["War Paint"],"max_hp_gain":0,"max_hp_loss":0,"event_name":"Scrap Ooze","floor":10,"gold_loss":0},{"cards_removed":["Strike_B"],"damage_healed":0,"gold_gain":0,"player_choice":"Purged","damage_taken":0,"max_hp_gain":0,"max_hp_loss":0,"event_name":"Purifier","floor":13,"gold_loss":0}],"is_beta":true,"boss_relics":[],"items_purged_floors":[3],"is_endless":false,"potions_floor_spawned":[1,5,11],"killed_by":"Exordium Thugs","ascension_level":20}