{"gold_per_floor":[115,265,265,289,289,330,330,350,376,376,396,189,189,189,189,288,288,307,307,37,60,10,10,351,351],"floor_reached":25,"playtime":538,"items_purged":["Doubt","Strike_R"],"score":484,"play_id":"ac016cb3-209c-47f1-a39a-931fe3e87a21","local_time":"20190212235958","is_ascension_mode":true,"campfire_choices":[{"data":"Flame Barrier","floor":7.0,"key":"SMITH"},{"data":"Body Slam","floor":13.0,"key":"SMITH"},{"data":"Rampage","floor":15.0,"key":"SMITH"},{"data":"Immolate","floor":23.0,"key":"SMITH"}],"neow_cost":"NONE","seed_source_timestamp":1665755232695888,"circlet_count":0,"master_deck":["AscendersBane","Strike_R","Strike_R+1","Strike_R+1","Strike_R+1","Defend_R","Defend_R","Defend_R","Defend_R","Bash+1","Headbutt","Flame Barrier+1","Body Slam+1","Rampage+1","Burning Pact","Immolate+1","Inflame","Anger"],"special_seed":0,"relics":["Burning Blood","NeowsBlessing","Golden Idol","Whetstone","Vajra","Sozu","Membership Card","Old Coin"],"potions_floor_usage":[25],"damage_taken":[{"damage":0.0,"enemies":"Jaw Worm","floor":1.0,"turns":1.0},{"damage":0.0,"enemies":"Small Slimes","floor":4.0,"turns":1.0},{"damage":0.0,"enemies":"3 Sentries","floor":6.0,"turns":2.0},{"damage":7.0,"enemies":"2 Louse","floor":8.0,"turns":3.0},{"damage":7.0,"enemies":"Large Slime","floor":11.0,"turns":7.0},{"damage":31.0,"enemies":"Hexaghost","floor":16.0,"turns":8.0},{"damage":12.0,"enemies":"3 Byrds","floor":18.0,"turns":3.0},{"damage":2.0,"enemies":"Chosen","floor":21.0,"turns":4.0},{"damage":43,"enemies":"Slavers","floor":24,"turns":5},{"damage":12,"enemies":"Colosseum Slavers","floor":25,"turns":2}],"seed_played":"-7614321014370444467","potions_obtained":[{"floor":4.0,"key":"Regen Potion"},{"floor":6.0,"key":"Explosive Potion"}],"is_trial":false,"path_per_floor":["M","?","?","M","?","E","R","M","T","?","M","$","R","?","R","B",null,"M","?","$","M","$","R","E","?"],"character_chosen":"IRONCLAD","items_purchased":["Rampage","Burning Pact","Membership Card","Inflame"],"campfire_rested":0,"item_purchase_floors":[12,12,20,20],"current_hp_per_floor":[74,74,68,68,48,54,54,53,53,53,52,52,52,57,57,32,63,57,57,57,61,61,61,24,12],"gold":351,"neow_bonus":"THREE_ENEMY_KILL","is_prod":false,"is_daily":false,"chose_seed":false,"campfire_upgraded":4,"win_rate":0,"timestamp":1550044798,"path_taken":["M","?","?","M","?","E","R","M","T","?","M","$","R","?","R","BOSS","M","?","$","M","$","R","E","?"],"build_version":"2019-02-06","purchased_purges":2,"victory":false,"max_hp_per_floor":[75,75,68,68,68,68,68,68,68,68,68,68,68,73,73,73,73,73,73,73,73,73,73,73,73],"card_choices":[{"not_picked":["Havoc","Rage"],"picked":"Headbutt","floor":1.0},{"not_picked":["Wild Strike","Clash"],"picked":"Flame Barrier","floor":4.0},{"not_picked":["Seeing Red","Pummel","Rage"],"picked":"SKIP","floor":6.0},{"not_picked":["Flex","Havoc","Warcry"],"picked":"SKIP","floor":8.0},{"not_picked":["Entrench","Rage"],"picked":"Body Slam","floor":11.0},{"not_picked":["Demon Form","Impervious"],"picked":"Immolate","floor":16.0},{"not_picked":["Wild Strike","Clothesline","Ghostly Armor"],"picked":"SKIP","floor":18.0},{"not_picked":["Heavy Blade","Flex","Pommel Strike"],"picked":"SKIP","floor":21.0},{"not_picked":["Perfected Strike","Hemokinesis"],"picked":"Anger","floor":24}],"player_experience":1148380,"relics_obtained":[{"floor":6.0,"key":"Whetstone"},{"floor":9.0,"key":"Vajra"},{"floor":24,"key":"Old Coin"}],"event_choices":[{"damage_healed":0.0,"max_hp_gain":0.0,"max_hp_loss":0.0,"gold_gain":150.0,"event_name":"Liars Game","player_choice":"AGREE","floor":2.0,"gold_loss":0.0,"damage_taken":0.0,"cards_obtained":["Doubt"]},{"damage_healed":0.0,"max_hp_gain":0.0,"max_hp_loss":7.0,"gold_gain":0.0,"event_name":"Golden Idol","player_choice":"Lose Max HP","floor":3.0,"gold_loss":0.0,"damage_taken":0.0,"relics_obtained":["Golden Idol"]},{"damage_healed":0.0,"max_hp_gain":0.0,"max_hp_loss":0.0,"gold_gain":0.0,"event_name":"Shining Light","player_choice":"Entered Light","floor":5.0,"gold_loss":0.0,"damage_taken":20.0,"cards_upgraded":["Strike_R","Bash"]},{"damage_healed":0.0,"max_hp_gain":0.0,"max_hp_loss":0.0,"gold_gain":0.0,"event_name":"Dead Adventurer","player_choice":"Searched \u00270\u0027 times","floor":10.0,"gold_loss":0.0,"damage_taken":0.0},{"damage_healed":0.0,"max_hp_gain":5.0,"max_hp_loss":0.0,"gold_gain":0.0,"event_name":"Big Fish","player_choice":"Donut","floor":14.0,"gold_loss":0.0,"damage_taken":0.0},{"damage_healed":0.0,"max_hp_gain":0.0,"max_hp_loss":0.0,"gold_gain":0.0,"event_name":"Ghosts","player_choice":"Ignored","floor":19.0,"gold_loss":0.0,"damage_taken":0.0},{"damage_healed":0,"gold_gain":0,"player_choice":"Fight","damage_taken":0,"max_hp_gain":0,"max_hp_loss":0,"event_name":"Colosseum","floor":25,"gold_loss":0}],"is_beta":true,"boss_relics":[{"not_picked":["Ectoplasm","Orrery"],"picked":"Sozu"}],"items_purged_floors":[12,22],"is_endless":false,"potions_floor_spawned":[4,6,8,21],"killed_by":"Colosseum Slavers","ascension_level":20}