{"gold_per_floor":[110,124,26,26,39,39,73,73,73,31,70,70,2,17,17,113,113,129,129],"floor_reached":19,"playtime":823,"items_purged":[],"score":350,"play_id":"15f02a60-1c02-468a-a4a0-6a9942b86988","local_time":"20181112035257","is_ascension_mode":true,"campfire_choices":[{"data":"Defragment","floor":6.0,"key":"SMITH"},{"data":"Zap","floor":8.0,"key":"SMITH"},{"floor":12.0,"key":"REST"},{"data":"Defragment","floor":15.0,"key":"SMITH"}],"neow_cost":"PERCENT_DAMAGE","seed_source_timestamp":132844494151122,"circlet_count":0,"master_deck":["AscendersBane","Strike_B","Strike_B","Strike_B","Strike_B","Defend_B","Defend_B","Defend_B","Defend_B","Zap+1","Dualcast","Compile Driver","Defragment+1","Defragment+1","Coolheaded","Auto Shields","Core Surge","Ball Lightning","Go for the Eyes","Doom and Gloom","Consume","Biased Cognition","Fission","Conserve Battery","Compile Driver","Cold Snap","Defragment"],"special_seed":0,"relics":["Cracked Core","Golden Idol","Ice Cream","The Courier","Bottled Tornado","Orrery"],"potions_floor_usage":[],"damage_taken":[{"damage":2.0,"enemies":"Jaw Worm","floor":1.0,"turns":5.0},{"damage":7.0,"enemies":"Small Slimes","floor":2.0,"turns":3.0},{"damage":1.0,"enemies":"Cultist","floor":5.0,"turns":4.0},{"damage":6.0,"enemies":"Lagavulin","floor":7.0,"turns":7.0},{"damage":28.0,"enemies":"3 Sentries","floor":11.0,"turns":7.0},{"damage":13.0,"enemies":"Large Slime","floor":14.0,"turns":4.0},{"damage":15.0,"enemies":"Hexaghost","floor":16.0,"turns":9.0},{"damage":27,"enemies":"2 Thieves","floor":18,"turns":4},{"damage":17,"enemies":"3 Byrds","floor":19,"turns":3}],"seed_played":"3333215993573249649","potions_obtained":[{"floor":5.0,"key":"EssenceOfSteel"},{"floor":7.0,"key":"SteroidPotion"}],"is_trial":false,"path_per_floor":["M","M","$","?","M","R","E","R","T","$","E","R","$","M","R","B",null,"M","M"],"character_chosen":"DEFECT","items_purchased":["Defragment","Coolheaded","Ball Lightning","Doom and Gloom"],"campfire_rested":1,"item_purchase_floors":[3,3,10,13],"current_hp_per_floor":[58,51,51,51,50,50,44,44,44,44,16,39,39,26,26,11,61,34,17],"gold":129,"neow_bonus":"TWENTY_PERCENT_HP_BONUS","is_prod":false,"is_daily":false,"chose_seed":false,"campfire_upgraded":3,"win_rate":0,"timestamp":1542023577,"path_taken":["M","M","$","?","M","R","E","R","T","?","E","R","$","M","R","BOSS","M","M"],"build_version":"2018-11-08","purchased_purges":0,"victory":false,"max_hp_per_floor":[85,85,85,77,77,77,77,77,77,77,77,77,77,77,77,77,77,77,77],"card_choices":[{"not_picked":["Streamline","Leap"],"picked":"Compile Driver","floor":1.0},{"not_picked":["Beam Cell","Darkness"],"picked":"Defragment","floor":2.0},{"not_picked":["Barrage","Double Energy"],"picked":"Auto Shields","floor":5.0},{"not_picked":["Cold Snap","Steam"],"picked":"Core Surge","floor":7.0},{"not_picked":["Scrape","Redo"],"picked":"Go for the Eyes","floor":11.0},{"not_picked":["Streamline","Chaos"],"picked":"Consume","floor":14.0},{"not_picked":["Seek","All For One"],"picked":"Biased Cognition","floor":16.0},{"not_picked":["Streamline","Turbo"],"picked":"Fission","floor":17.0},{"not_picked":["FTL","Compile Driver"],"picked":"Conserve Battery","floor":17.0},{"not_picked":["Hello World","Go for the Eyes"],"picked":"Compile Driver","floor":17.0},{"not_picked":["Barrage","Gash"],"picked":"Cold Snap","floor":17.0},{"not_picked":["Gash","Storm"],"picked":"Defragment","floor":18}],"player_experience":899871,"relics_obtained":[{"floor":7.0,"key":"Ice Cream"},{"floor":9.0,"key":"The Courier"},{"floor":11.0,"key":"Bottled Tornado"}],"event_choices":[{"damage_healed":0.0,"max_hp_gain":0.0,"max_hp_loss":8.0,"gold_gain":0.0,"event_name":"Golden Idol","player_choice":"Lose Max HP","floor":4.0,"gold_loss":0.0,"damage_taken":0.0,"relics_obtained":["Golden Idol"]}],"is_beta":true,"boss_relics":[{"not_picked":["Coffee Dripper","Philosopher\u0027s Stone"],"picked":"Orrery"}],"items_purged_floors":[],"is_endless":false,"potions_floor_spawned":[5,7,11],"killed_by":"3 Byrds","ascension_level":20}