{"gold_per_floor":[111,125,125,16,16,57,57,82,82,82,82,82,107,120,120,120],"floor_reached":16,"playtime":1331,"items_purged":["Strike_G"],"score":100,"play_id":"6cd65bfd-8c2a-493d-a5de-0a46eadac32e","local_time":"20190420010159","is_ascension_mode":false,"campfire_choices":[{"data":"Choke","floor":7,"key":"SMITH"},{"data":"Tactician","floor":10,"key":"SMITH"},{"data":"Prepared","floor":15,"key":"SMITH"}],"neow_cost":"NONE","seed_source_timestamp":618467682600222,"circlet_count":0,"master_deck":["Defend_G","Defend_G","Defend_G","Defend_G","Defend_G","Strike_G","Strike_G","Strike_G","Strike_G","Survivor","Neutralize","Prepared","Dagger Throw","Acrobatics","Catalyst","Choke+1","Tactician+1","Prepared+1","Underhanded Strike+1"],"relics":["Ring of the Snake","Mercury Hourglass","Golden Idol","Dream Catcher","Molten Egg 2"],"potions_floor_usage":[16,16],"damage_taken":[{"damage":1,"enemies":"Jaw Worm","floor":1,"turns":6},{"damage":0,"enemies":"2 Louse","floor":2,"turns":2},{"damage":30,"enemies":"Lagavulin","floor":6,"turns":9},{"damage":0,"enemies":"Cultist","floor":8,"turns":3},{"damage":1,"enemies":"Lots of Slimes","floor":13,"turns":4},{"damage":0,"enemies":"3 Louse","floor":14,"turns":3},{"damage":10,"enemies":"Hexaghost","floor":16,"turns":9}],"seed_played":"-8809186169075366312","potions_obtained":[{"floor":6,"key":"EntropicBrew"},{"floor":13,"key":"SteroidPotion"}],"is_trial":false,"path_per_floor":["M","M","?","$","?","E","R","M","T","R","$","?","M","M","R","B"],"character_chosen":"THE_SILENT","items_purchased":["Catalyst"],"campfire_rested":0,"item_purchase_floors":[4],"current_hp_per_floor":[69,69,57,57,40,10,10,10,10,10,10,10,9,9,9,0],"gold":120,"neow_bonus":"THREE_CARDS","is_prod":false,"is_daily":false,"chose_seed":false,"campfire_upgraded":3,"win_rate":0,"timestamp":1555736519,"path_taken":["M","M","?","$","?","E","R","M","T","R","$","?","?","?","R","BOSS"],"build_version":"2019-01-23","purchased_purges":1,"victory":false,"max_hp_per_floor":[70,70,70,70,70,70,70,70,70,70,70,70,70,70,70,70],"card_choices":[{"not_picked":["Dagger Throw","Predator"],"picked":"Prepared","floor":0},{"not_picked":["PiercingWail","Blade Dance"],"picked":"Dagger Throw","floor":1},{"not_picked":["Riddle With Holes","Skewer"],"picked":"Acrobatics","floor":2},{"not_picked":["Leg Sweep","Masterful Stab"],"picked":"Choke","floor":6},{"not_picked":["Dagger Spray","Dodge and Roll"],"picked":"Tactician","floor":8},{"not_picked":["Dodge and Roll","Venomology"],"picked":"Prepared","floor":13},{"not_picked":["Flying Knee+1","Outmaneuver"],"picked":"Underhanded Strike+1","floor":14}],"player_experience":105937,"relics_obtained":[{"floor":6,"key":"Dream Catcher"},{"floor":9,"key":"Molten Egg 2"}],"event_choices":[{"damage_healed":0,"gold_gain":0,"player_choice":"Success","damage_taken":12,"relics_obtained":["Mercury Hourglass"],"max_hp_gain":0,"max_hp_loss":0,"event_name":"Scrap Ooze","floor":3,"gold_loss":0},{"damage_healed":0,"gold_gain":0,"player_choice":"Take Damage","damage_taken":17,"relics_obtained":["Golden Idol"],"max_hp_gain":0,"max_hp_loss":0,"event_name":"Golden Idol","floor":5,"gold_loss":0},{"damage_healed":0,"gold_gain":0,"player_choice":"Bought 0 Potions","damage_taken":0,"max_hp_gain":0,"max_hp_loss":0,"event_name":"The Woman in Blue","floor":12,"gold_loss":0}],"is_beta":false,"boss_relics":[],"items_purged_floors":[4],"is_endless":false,"potions_floor_spawned":[6,13],"killed_by":"Hexaghost","ascension_level":0}