{"gold_per_floor":[111,58,58,76,76,76,105,105,105,130,130,155,174,174,174,174],"floor_reached":16,"playtime":634,"items_purged":[],"score":232,"play_id":"8c7bc6d8-d235-474a-b024-944df7bf2be9","local_time":"20190303021659","is_ascension_mode":true,"campfire_choices":[{"data":"Zap","floor":6.0,"key":"SMITH"},{"data":"Genetic Algorithm","floor":8.0,"key":"SMITH"},{"data":"Seek","floor":11.0,"key":"SMITH"},{"data":"Darkness","floor":15.0,"key":"SMITH"}],"neow_cost":"NONE","seed_source_timestamp":2761794999694043,"circlet_count":0,"master_deck":["AscendersBane","Strike_B","Strike_B","Strike_B","Strike_B","Defend_B","Defend_B","Defend_B","Defend_B","Zap+1","Dualcast","Core Surge","Cold Snap","Coolheaded","Genetic Algorithm+1","Seek+1","Conserve Battery","Darkness+1","Multi-Cast"],"special_seed":0,"relics":["Cracked Core","Smiling Mask","Bag of Preparation","Dream Catcher"],"potions_floor_usage":[16],"damage_taken":[{"damage":4.0,"enemies":"2 Louse","floor":1.0,"turns":2.0},{"damage":0.0,"enemies":"Small Slimes","floor":4.0,"turns":3.0},{"damage":20.0,"enemies":"Gremlin Nob","floor":7.0,"turns":4.0},{"damage":23.0,"enemies":"3 Sentries","floor":10.0,"turns":10.0},{"damage":14.0,"enemies":"Lagavulin","floor":12.0,"turns":7.0},{"damage":0.0,"enemies":"Cultist","floor":13.0,"turns":3.0},{"damage":2,"enemies":"The Guardian","floor":16,"turns":4}],"seed_played":"-1332334323313778112","potions_obtained":[{"floor":1.0,"key":"SpeedPotion"},{"floor":5.0,"key":"Block Potion"},{"floor":10.0,"key":"FocusPotion"},{"floor":12.0,"key":"Weak Potion"}],"is_trial":false,"path_per_floor":["M","$","?","M","?","R","E","R","T","E","R","E","M","?","R","B"],"character_chosen":"DEFECT","items_purchased":["Coolheaded"],"campfire_rested":0,"item_purchase_floors":[2],"current_hp_per_floor":[60,60,65,65,65,65,45,45,45,22,22,8,8,8,8,6],"gold":174,"neow_bonus":"ONE_RANDOM_RARE_CARD","is_prod":false,"is_daily":false,"chose_seed":false,"campfire_upgraded":4,"win_rate":0,"timestamp":1551608219,"path_taken":["M","$","?","M","?","R","E","R","T","E","R","E","?","?","R","BOSS"],"build_version":"2019-02-06","purchased_purges":0,"victory":false,"max_hp_per_floor":[71,71,76,76,76,76,76,76,76,76,76,76,76,76,76,76],"card_choices":[{"not_picked":["Chill","FTL"],"picked":"Cold Snap","floor":1.0},{"not_picked":["Streamline","Static Discharge"],"picked":"Genetic Algorithm","floor":4.0},{"not_picked":["Redo","Stack"],"picked":"Seek","floor":7.0},{"not_picked":["BootSequence","Gash"],"picked":"Conserve Battery","floor":10.0},{"not_picked":["Beam Cell","Melter","Rebound"],"picked":"SKIP","floor":12.0},{"not_picked":["Gash","Heatsinks","Lockon"],"picked":"SKIP","floor":13.0}],"player_experience":1299241,"relics_obtained":[{"floor":7.0,"key":"Smiling Mask"},{"floor":10.0,"key":"Bag of Preparation"},{"floor":12.0,"key":"Dream Catcher"}],"event_choices":[{"damage_healed":0.0,"max_hp_gain":5.0,"max_hp_loss":0.0,"gold_gain":0.0,"event_name":"Big Fish","player_choice":"Donut","floor":3.0,"gold_loss":0.0,"damage_taken":0.0},{"damage_healed":0.0,"max_hp_gain":0.0,"max_hp_loss":0.0,"gold_gain":0.0,"event_name":"Lab","player_choice":"Got Potions","floor":5.0,"gold_loss":0.0,"damage_taken":0.0},{"damage_healed":0.0,"max_hp_gain":0.0,"max_hp_loss":0.0,"gold_gain":0.0,"event_name":"Match and Keep!","player_choice":"2 cards matched","floor":14.0,"gold_loss":0.0,"damage_taken":0.0,"cards_obtained":["Darkness","Multi-Cast"]}],"is_beta":true,"boss_relics":[],"items_purged_floors":[],"is_endless":false,"potions_floor_spawned":[1,10,12],"killed_by":"The Guardian","ascension_level":20}