{"gold_per_floor":[219,219,244,263,282,282,282,282,282,301,342,417,44,44,44,44],"floor_reached":16,"playtime":595,"items_purged":[],"score":180,"play_id":"82076e60-88e0-457b-85ea-15ae1693ff9f","local_time":"20190422135235","is_ascension_mode":true,"campfire_choices":[{"floor":6,"key":"REST"},{"data":"Iron Wave","floor":8,"key":"SMITH"},{"floor":15,"key":"REST"}],"neow_cost":"NONE","seed_source_timestamp":838947498999600,"circlet_count":0,"master_deck":["AscendersBane","Strike_R","Strike_R","Strike_R","Strike_R","Strike_R","Defend_R","Defend_R","Defend_R","Defend_R","Bash","Iron Wave+1","Battle Trance","Carnage","Flash of Steel"],"relics":["Burning Blood","Golden Idol","Blood Vial","Bottled Flame","Gremlin Horn"],"potions_floor_usage":[5,11,16],"damage_taken":[{"damage":0,"enemies":"Small Slimes","floor":1,"turns":3},{"damage":16,"enemies":"Jaw Worm","floor":3,"turns":4},{"damage":3,"enemies":"2 Louse","floor":4,"turns":4},{"damage":24,"enemies":"Exordium Wildlife","floor":5,"turns":7},{"damage":8,"enemies":"Looter","floor":10,"turns":4},{"damage":40,"enemies":"Lagavulin","floor":11,"turns":5},{"damage":59,"enemies":"The Guardian","floor":16,"turns":12}],"seed_played":"6714634976123891573","potions_obtained":[{"floor":3,"key":"Poison Potion"},{"floor":5,"key":"Strength Potion"},{"floor":11,"key":"Explosive Potion"}],"is_trial":false,"path_per_floor":["M","?","M","M","M","R","?","R","T","M","E","?","$","?","R","B"],"character_chosen":"IRONCLAD","items_purchased":["Gremlin Horn","Flash of Steel"],"campfire_rested":2,"item_purchase_floors":[13,13],"current_hp_per_floor":[74,48,38,41,23,45,50,50,50,50,18,7,7,7,31,0],"gold":44,"neow_bonus":"HUNDRED_GOLD","is_prod":false,"is_daily":false,"chose_seed":false,"campfire_upgraded":1,"win_rate":0,"timestamp":1555933955,"path_taken":["M","?","M","M","M","R","?","R","T","M","E","?","$","?","R","BOSS"],"build_version":"2019-01-23","purchased_purges":0,"victory":false,"max_hp_per_floor":[75,75,75,75,75,75,80,80,80,80,80,80,80,80,80,80],"card_choices":[{"not_picked":["Sword Boomerang","Anger","Evolve"],"picked":"SKIP","floor":1},{"not_picked":["Fire Breathing","Flex"],"picked":"Iron Wave","floor":3},{"not_picked":["Fire Breathing","Wild Strike"],"picked":"Battle Trance","floor":4},{"not_picked":["Havoc","Thunderclap"],"picked":"Carnage","floor":5},{"not_picked":["Sword Boomerang","Evolve","Iron Wave"],"picked":"SKIP","floor":10},{"not_picked":["Corruption","Second Wind","Thunderclap"],"picked":"SKIP","floor":11}],"player_experience":275630,"relics_obtained":[{"floor":9,"key":"Blood Vial"},{"floor":11,"key":"Bottled Flame"}],"event_choices":[{"damage_healed":0,"gold_gain":0,"player_choice":"Take Damage","damage_taken":26,"relics_obtained":["Golden Idol"],"max_hp_gain":0,"max_hp_loss":0,"event_name":"Golden Idol","floor":2,"gold_loss":0},{"damage_healed":0,"gold_gain":0,"player_choice":"Donut","damage_taken":0,"max_hp_gain":5,"max_hp_loss":0,"event_name":"Big Fish","floor":7,"gold_loss":0},{"damage_healed":0,"gold_gain":75,"player_choice":"Gather Gold","damage_taken":11,"max_hp_gain":0,"max_hp_loss":0,"event_name":"World of Goop","floor":12,"gold_loss":0},{"damage_healed":0,"gold_gain":0,"player_choice":"Ignored","damage_taken":0,"max_hp_gain":0,"max_hp_loss":0,"event_name":"Liars Game","floor":14,"gold_loss":0}],"is_beta":false,"boss_relics":[],"items_purged_floors":[],"is_endless":false,"potions_floor_spawned":[3,5,11],"killed_by":"The Guardian","ascension_level":16}