{"gold_per_floor":[110,110,110,35,55,55,55,55,55,70,70,89,89,102,102,206,206,225,11,11,25,42,77,91,91,115,115,115,115,115,15,15,114,114,124,124,53,53,66,66,94,94,117,117,135,153,153,5,5,5],"floor_reached":50,"playtime":4411,"items_purged":["Pain","Normality","Normality"],"score":525,"play_id":"d0f83544-e2aa-4099-9d15-359e8147d530","local_time":"20190421180502","is_ascension_mode":true,"campfire_choices":[{"data":"Bash","floor":6,"key":"SMITH"},{"data":"Whirlwind","floor":7,"key":"SMITH"},{"data":"Anger","floor":8,"key":"SMITH"},{"data":"Defend_R","floor":11,"key":"SMITH"},{"data":"Cleave","floor":13,"key":"SMITH"},{"data":"Defend_R","floor":15,"key":"SMITH"},{"data":"Sword Boomerang","floor":25,"key":"SMITH"},{"floor":30,"key":"REST"},{"data":"Metallicize","floor":32,"key":"SMITH"},{"data":"Inflame","floor":40,"key":"SMITH"},{"data":"Body Slam","floor":44,"key":"SMITH"},{"data":"Anger","floor":49,"key":"SMITH"}],"neow_cost":"NONE","seed_source_timestamp":525581144150032,"circlet_count":0,"master_deck":["Strike_R","Strike_R","Strike_R","Defend_R","Defend_R","Defend_R+1","Defend_R+1","Bash+1","Whirlwind+1","Anger+1","Entrench+1","Cleave+1","Burning Pact+1","Limit Break+1","Iron Wave+1","Inflame+1","Spot Weakness+1","Intimidate+1","Inflame+1","Sword Boomerang+1","Normality","Metallicize+1","Offering+1","Sword Boomerang+1","Madness+1","Madness+1","Armaments+1","Body Slam+1","Shrug It Off+1","Thunderclap+1","Deep Breath+1","Dark Shackles+1","Normality","Shockwave+1","Pommel Strike+1","Anger+1"],"relics":["Burning Blood","WingedGreaves","WarpedTongs","Toxic Egg 2","Cursed Key","Bag of Preparation","Anchor","Bronze Scales","Sundial","Coffee Dripper","Bottled Flame","Ancient Tea Set","Oddly Smooth Stone"],"potions_floor_usage":[16,16,16,41,46,50],"damage_taken":[{"damage":6,"enemies":"Jaw Worm","floor":1,"turns":5},{"damage":8,"enemies":"Small Slimes","floor":5,"turns":2},{"damage":0,"enemies":"Cultist","floor":10,"turns":2},{"damage":16,"enemies":"Lots of Slimes","floor":12,"turns":3},{"damage":12,"enemies":"Blue Slaver","floor":14,"turns":2},{"damage":28,"enemies":"Hexaghost","floor":16,"turns":8},{"damage":8,"enemies":"2 Thieves","floor":18,"turns":3},{"damage":2,"enemies":"Chosen","floor":21,"turns":3},{"damage":4,"enemies":"3 Cultists","floor":22,"turns":3},{"damage":18,"enemies":"Book of Stabbing","floor":23,"turns":4},{"damage":17,"enemies":"Sentry and Sphere","floor":24,"turns":4},{"damage":18,"enemies":"Automaton","floor":33,"turns":6},{"damage":5,"enemies":"3 Darklings","floor":35,"turns":2},{"damage":5,"enemies":"Orb Walker","floor":39,"turns":2},{"damage":15,"enemies":"Giant Head","floor":41,"turns":5},{"damage":0,"enemies":"Sphere and 2 Shapes","floor":45,"turns":3},{"damage":20,"enemies":"Jaw Worm Horde","floor":46,"turns":5},{"damage":74,"enemies":"Time Eater","floor":50,"turns":10}],"seed_played":"652906435172723594","potions_obtained":[{"floor":10,"key":"Energy Potion"},{"floor":12,"key":"Energy Potion"},{"floor":14,"key":"SteroidPotion"},{"floor":21,"key":"FairyPotion"},{"floor":23,"key":"SneckoOil"},{"floor":33,"key":"LiquidBronze"},{"floor":41,"key":"SteroidPotion"},{"floor":45,"key":"Block Potion"}],"is_trial":false,"path_per_floor":["M","?","?","$","M","R","R","R","T","M","R","M","R","M","R","B",null,"M","$","?","M","M","E","M","R","T","?","?","T","R","$","R","B",null,"M","?","$","?","M","R","E","?","T","R","M","M","T","$","R","B"],"character_chosen":"IRONCLAD","items_purchased":["Bag of Preparation","Inflame","Armaments+1","Body Slam","Anger"],"campfire_rested":1,"item_purchase_floors":[19,19,37,37,48],"current_hp_per_floor":[88,76,76,76,74,74,74,74,74,80,80,70,70,64,64,42,88,86,86,86,88,88,76,65,65,65,65,48,48,75,75,75,63,93,93,81,81,81,82,82,73,68,68,68,74,60,60,60,60,0],"gold":5,"neow_bonus":"TEN_PERCENT_HP_BONUS","is_prod":false,"is_daily":false,"chose_seed":false,"campfire_upgraded":11,"win_rate":0,"timestamp":1555862702,"path_taken":["M","?","?","$","M","R","R","R","T","M","R","M","R","M","R","BOSS","M","$","?","M","?","E","M","R","T","?","?","?","R","?","R","BOSS","M","?","$","?","M","R","E","?","T","R","M","M","?","$","R","BOSS"],"build_version":"2019-01-23","purchased_purges":3,"victory":false,"max_hp_per_floor":[88,88,88,88,88,88,88,88,88,88,88,88,88,88,88,88,88,88,88,88,88,88,88,88,88,88,88,93,93,93,93,93,93,93,93,93,93,93,93,93,93,93,93,93,93,93,93,93,93,93],"card_choices":[{"not_picked":["Heavy Blade","Havoc"],"picked":"Whirlwind","floor":1},{"not_picked":["Searing Blow","Clothesline"],"picked":"Anger","floor":5},{"not_picked":["Thunderclap","Hemokinesis"],"picked":"Entrench+1","floor":10},{"not_picked":["Warcry+1","Clash"],"picked":"Cleave","floor":12},{"not_picked":["Power Through+1","Dual Wield+1"],"picked":"Burning Pact+1","floor":14},{"not_picked":["Impervious+1","Berserk"],"picked":"Limit Break+1","floor":16},{"not_picked":["Pommel Strike+1","Sword Boomerang"],"picked":"Iron Wave+1","floor":18},{"not_picked":["Corruption","Shrug It Off+1"],"picked":"Spot Weakness+1","floor":21},{"not_picked":["Thunderclap+1","Inflame+1"],"picked":"Intimidate+1","floor":22},{"not_picked":["Bloodletting+1","Body Slam"],"picked":"Inflame+1","floor":23},{"not_picked":["Power Through+1","Seeing Red+1"],"picked":"Sword Boomerang","floor":24},{"not_picked":["Berserk","Double Tap+1"],"picked":"Offering+1","floor":33},{"not_picked":["Wild Strike+1","Evolve+1"],"picked":"Sword Boomerang+1","floor":35},{"not_picked":["Blood for Blood+1","Feel No Pain+1"],"picked":"Shrug It Off+1","floor":39},{"not_picked":["Ghostly Armor+1","Pummel+1"],"picked":"Thunderclap+1","floor":41},{"not_picked":["Dark Shackles+1","Metamorphosis+1"],"picked":"Deep Breath+1","floor":42},{"not_picked":["Chrysalis+1","PanicButton+1"],"picked":"Dark Shackles+1","floor":42},{"not_picked":["Perfected Strike","Cleave+1"],"picked":"Shockwave+1","floor":45},{"not_picked":["Infernal Blade+1","Entrench+1"],"picked":"Pommel Strike+1","floor":46}],"player_experience":124808,"relics_obtained":[{"floor":9,"key":"Toxic Egg 2"},{"floor":23,"key":"Anchor"},{"floor":26,"key":"Bronze Scales"},{"floor":29,"key":"Sundial"},{"floor":41,"key":"Bottled Flame"},{"floor":43,"key":"Ancient Tea Set"},{"floor":47,"key":"Oddly Smooth Stone"}],"event_choices":[{"damage_healed":0,"gold_gain":0,"player_choice":"Success","damage_taken":12,"relics_obtained":["WingedGreaves"],"max_hp_gain":0,"max_hp_loss":0,"event_name":"Scrap Ooze","floor":2,"gold_loss":0},{"damage_healed":0,"gold_gain":0,"player_choice":"Rummage","damage_taken":0,"relics_obtained":["WarpedTongs"],"max_hp_gain":0,"max_hp_loss":0,"event_name":"Accursed Blacksmith","floor":3,"gold_loss":0,"cards_obtained":["Pain"]},{"cards_removed":["Strike_R"],"damage_healed":0,"gold_gain":0,"player_choice":"Purged","damage_taken":0,"max_hp_gain":0,"max_hp_loss":0,"event_name":"Purifier","floor":20,"gold_loss":0},{"damage_healed":0,"gold_gain":0,"player_choice":"Read","damage_taken":0,"max_hp_gain":0,"max_hp_loss":0,"event_name":"The Library","floor":27,"gold_loss":0,"cards_obtained":["Metallicize"]},{"damage_healed":0,"gold_gain":0,"player_choice":"Shed Blood","damage_taken":22,"max_hp_gain":5,"max_hp_loss":0,"event_name":"Forgotten Altar","floor":28,"gold_loss":0},{"damage_healed":0,"gold_gain":0,"player_choice":"Embrace Madness","damage_taken":12,"max_hp_gain":0,"max_hp_loss":0,"event_name":"Winding Halls","floor":36,"gold_loss":0,"cards_obtained":["Madness","Madness"]},{"cards_removed":["Strike_R"],"damage_healed":0,"gold_gain":0,"player_choice":"Removed Attack","damage_taken":0,"max_hp_gain":0,"max_hp_loss":0,"event_name":"Falling","floor":38,"gold_loss":0},{"damage_healed":0,"gold_gain":0,"player_choice":"Memory 2","damage_taken":5,"max_hp_gain":0,"max_hp_loss":0,"event_name":"SensoryStone","floor":42,"gold_loss":0}],"is_beta":false,"boss_relics":[{"not_picked":["Empty Cage","Black Star"],"picked":"Cursed Key"},{"not_picked":["Philosopher\u0027s Stone","Astrolabe"],"picked":"Coffee Dripper"}],"items_purged_floors":[4,31,48],"is_endless":false,"potions_floor_spawned":[10,12,14,21,23,33,41,45],"killed_by":"Time Eater","ascension_level":1}