{"gold_per_floor":[116,91,105,105,115,115,132,162,231,258,333,383,383,396,396,396],"floor_reached":16,"playtime":462,"items_purged":[],"score":220,"play_id":"e124aadf-de65-4dc3-9dd3-bfd8555ea12e","local_time":"20190326230021","is_ascension_mode":true,"campfire_choices":[{"data":"Bash","floor":6.0,"key":"SMITH"},{"data":"Entrench","floor":13,"key":"SMITH"},{"floor":15,"key":"REST"}],"neow_cost":"TEN_PERCENT_HP_LOSS","seed_source_timestamp":170289009884537,"circlet_count":0,"master_deck":["AscendersBane","Strike_R","Strike_R","Strike_R","Strike_R","Strike_R","Defend_R","Defend_R","Defend_R","Defend_R","Bash+1","Shrug It Off","Body Slam+1","Entrench+1","Shrug It Off"],"special_seed":0,"relics":["Burning Blood","Shovel","Incense Burner","Pear","Boot"],"potions_floor_usage":[10],"damage_taken":[{"damage":1.0,"enemies":"Small Slimes","floor":1.0,"turns":4.0},{"damage":4.0,"enemies":"Cultist","floor":3.0,"turns":4.0},{"damage":12.0,"enemies":"Jaw Worm","floor":5.0,"turns":4.0},{"damage":10.0,"enemies":"3 Louse","floor":7.0,"turns":7.0},{"damage":32.0,"enemies":"Gremlin Nob","floor":8.0,"turns":4.0},{"damage":16,"enemies":"Lagavulin","floor":10,"turns":8},{"damage":14,"enemies":"Red Slaver","floor":14,"turns":5},{"damage":0,"enemies":"Hexaghost","floor":16,"turns":1}],"seed_played":"131363937122574692","potions_obtained":[{"floor":5.0,"key":"Poison Potion"},{"floor":8.0,"key":"Dexterity Potion"},{"floor":10,"key":"Dexterity Potion"}],"is_trial":false,"path_per_floor":["M","$","M","?","M","R","M","E","T","E","?","?","R","M","R","B"],"character_chosen":"IRONCLAD","items_purchased":["Body Slam"],"campfire_rested":1,"item_purchase_floors":[2],"current_hp_per_floor":[68,68,68,68,62,62,58,32,42,32,21,21,21,13,36,36],"gold":396,"neow_bonus":"ONE_RARE_RELIC","is_prod":false,"is_daily":false,"chose_seed":false,"campfire_upgraded":2,"win_rate":0,"timestamp":1553666421,"path_taken":["M","$","M","?","?","R","M","E","T","E","?","?","R","M","R","BOSS"],"build_version":"2019-03-15","purchased_purges":0,"victory":false,"max_hp_per_floor":[68,68,68,68,68,68,68,68,78,78,78,78,78,78,78,78],"card_choices":[{"not_picked":["Cleave","Shockwave"],"picked":"Shrug It Off","floor":1.0},{"not_picked":["Hemokinesis","Pommel Strike"],"picked":"Entrench","floor":3.0},{"not_picked":["Metallicize","Evolve","Searing Blow"],"picked":"SKIP","floor":5.0},{"not_picked":["Twin Strike","Clothesline"],"picked":"Shrug It Off","floor":7.0},{"not_picked":["Clash","Exhume","Heavy Blade"],"picked":"SKIP","floor":8.0},{"not_picked":["Clash","Thunderclap","Seeing Red"],"picked":"SKIP","floor":10},{"not_picked":["Cleave","Berserk","Bloodletting"],"picked":"SKIP","floor":14}],"player_experience":1372260,"relics_obtained":[{"floor":8.0,"key":"Incense Burner"},{"floor":9.0,"key":"Pear"},{"floor":10,"key":"Boot"}],"event_choices":[{"damage_healed":0.0,"max_hp_gain":0.0,"max_hp_loss":0.0,"gold_gain":0.0,"event_name":"Upgrade Shrine","player_choice":"Upgraded","floor":4.0,"gold_loss":0.0,"damage_taken":0.0,"cards_upgraded":["Body Slam"]},{"damage_healed":0,"gold_gain":75,"player_choice":"Gather Gold","damage_taken":11,"max_hp_gain":0,"max_hp_loss":0,"event_name":"World of Goop","floor":11,"gold_loss":0},{"damage_healed":0,"gold_gain":50,"player_choice":"Pray","damage_taken":0,"max_hp_gain":0,"max_hp_loss":0,"event_name":"Golden Shrine","floor":12,"gold_loss":0}],"is_beta":true,"boss_relics":[],"items_purged_floors":[],"is_endless":false,"potions_floor_spawned":[5,8,10],"killed_by":"Hexaghost","ascension_level":20}