{"gold_per_floor":[111,126,126,140,3,37,107,135,159,159,177,211,211,245,245,245],"floor_reached":16,"playtime":531,"items_purged":[],"score":256,"play_id":"cda915f7-1bd8-4065-974f-176dd6be1c1c","local_time":"20190227195211","is_ascension_mode":true,"campfire_choices":[{"floor":10,"key":"REST"},{"data":"Bash","floor":15,"key":"SMITH"}],"neow_cost":"NONE","seed_source_timestamp":2578130790000585,"circlet_count":0,"master_deck":["AscendersBane","Strike_R","Strike_R","Strike_R","Strike_R","Defend_R","Defend_R","Defend_R","Defend_R","Bash+1","Twin Strike","Shrug It Off","Shrug It Off","Carnage","Anger","Whirlwind","Combust"],"relics":["Burning Blood","Ancient Tea Set","Bronze Scales","Lantern","Question Card","Anchor","Paper Frog","Vajra"],"potions_floor_usage":[6,8,12,14],"damage_taken":[{"damage":9,"enemies":"Small Slimes","floor":1,"turns":6},{"damage":9,"enemies":"Jaw Worm","floor":2,"turns":4},{"damage":9,"enemies":"2 Louse","floor":4,"turns":2},{"damage":35,"enemies":"3 Sentries","floor":6,"turns":11},{"damage":6,"enemies":"Gremlin Nob","floor":8,"turns":3},{"damage":1,"enemies":"Red Slaver","floor":11,"turns":3},{"damage":12,"enemies":"3 Sentries","floor":12,"turns":4},{"damage":23,"enemies":"Gremlin Nob","floor":14,"turns":4},{"damage":25,"enemies":"Slime Boss","floor":16,"turns":5}],"seed_played":"-1826956488528676919","potions_obtained":[{"floor":4,"key":"Block Potion"},{"floor":6,"key":"Block Potion"},{"floor":11,"key":"SteroidPotion"}],"is_trial":false,"path_per_floor":["M","M","?","M","$","E","?","E","T","R","M","E","?","E","R","B"],"character_chosen":"IRONCLAD","items_purchased":["Carnage","FearPotion"],"campfire_rested":1,"item_purchase_floors":[5,5],"current_hp_per_floor":[65,62,44,41,41,12,12,12,12,34,39,33,33,16,16,0],"gold":245,"neow_bonus":"RANDOM_COMMON_RELIC","is_prod":false,"is_daily":false,"chose_seed":false,"campfire_upgraded":1,"win_rate":0,"timestamp":1551325931,"path_taken":["M","M","?","M","$","E","?","E","T","R","M","E","?","E","R","BOSS"],"build_version":"2019-02-06","purchased_purges":0,"victory":false,"max_hp_per_floor":[75,75,75,75,75,75,75,75,75,75,75,75,75,75,75,75],"card_choices":[{"not_picked":["Havoc","Pommel Strike"],"picked":"Twin Strike","floor":1},{"not_picked":["Flex","True Grit"],"picked":"Shrug It Off","floor":2},{"not_picked":["Armaments","Berserk"],"picked":"Shrug It Off","floor":4},{"not_picked":["Havoc","Rupture"],"picked":"Anger","floor":6},{"not_picked":["True Grit","Blood for Blood","Wild Strike"],"picked":"SKIP","floor":8},{"not_picked":["Heavy Blade","Clothesline","Body Slam"],"picked":"Whirlwind","floor":11},{"not_picked":["Armaments","Cleave","Clash"],"picked":"Combust","floor":12},{"not_picked":["Thunderclap","Iron Wave","Metallicize","Reckless Charge"],"picked":"SKIP","floor":14}],"player_experience":1276365,"relics_obtained":[{"floor":6,"key":"Lantern"},{"floor":8,"key":"Question Card"},{"floor":9,"key":"Anchor"},{"floor":12,"key":"Paper Frog"},{"floor":14,"key":"Vajra"}],"event_choices":[{"damage_healed":0,"gold_gain":0,"player_choice":"Success","damage_taken":18,"relics_obtained":["Bronze Scales"],"max_hp_gain":0,"max_hp_loss":0,"event_name":"Scrap Ooze","floor":3,"gold_loss":0},{"damage_healed":0,"gold_gain":70,"player_choice":"Gained Gold","damage_taken":0,"max_hp_gain":0,"max_hp_loss":0,"event_name":"Golden Wing","floor":7,"gold_loss":0},{"cards_removed":["Strike_R"],"damage_healed":0,"gold_gain":0,"player_choice":"Offered Basic","damage_taken":0,"max_hp_gain":0,"max_hp_loss":0,"event_name":"Bonfire Elementals","floor":13,"gold_loss":0}],"is_beta":true,"boss_relics":[],"items_purged_floors":[],"is_endless":false,"potions_floor_spawned":[4,6,11],"killed_by":"Slime Boss","ascension_level":20}