{"gold_per_floor":[119,194,213,238,251,284,296,209,209,241,241,271,281,331,331,407,407,423,441,441,366,36,36],"floor_reached":23,"playtime":743,"items_purged":["Shame"],"score":418,"play_id":"5bf8cbec-f945-4228-be63-a5ca31c39061","local_time":"20190213185928","is_ascension_mode":true,"campfire_choices":[{"floor":11.0,"key":"REST"},{"floor":15,"key":"REST"}],"neow_cost":"CURSE","seed_source_timestamp":1692011304317362,"circlet_count":0,"master_deck":["AscendersBane","Strike_B","Strike_B","Defend_B","Defend_B","Defend_B","Defend_B","Zap","Dualcast","Ball Lightning","Ball Lightning","Capacitor","Cold Snap","Coolheaded","Echo Form","Gash+1"],"special_seed":0,"relics":["Cracked Core","FossilizedHelix","MawBank","Gremlin Horn","Emotion Chip","Ancient Tea Set","Empty Cage","Orichalcum","Anchor","Oddly Smooth Stone"],"potions_floor_usage":[23],"damage_taken":[{"damage":0.0,"enemies":"Small Slimes","floor":1.0,"turns":3.0},{"damage":0.0,"enemies":"Jaw Worm","floor":3.0,"turns":3.0},{"damage":0.0,"enemies":"Cultist","floor":5.0,"turns":2.0},{"damage":25.0,"enemies":"Lagavulin","floor":6.0,"turns":8.0},{"damage":0.0,"enemies":"Lots of Slimes","floor":7.0,"turns":1.0},{"damage":23.0,"enemies":"3 Sentries","floor":10.0,"turns":7.0},{"damage":9,"enemies":"Lagavulin","floor":12,"turns":7},{"damage":0,"enemies":"Looter","floor":13,"turns":3},{"damage":15,"enemies":"The Guardian","floor":16,"turns":12},{"damage":12,"enemies":"Spheric Guardian","floor":18,"turns":4},{"damage":0,"enemies":"Chosen","floor":19,"turns":4},{"damage":38,"enemies":"Gremlin Leader","floor":23,"turns":4}],"seed_played":"-6082944108483886567","potions_obtained":[{"floor":3.0,"key":"Dexterity Potion"},{"floor":6.0,"key":"SmokeBomb"},{"floor":10.0,"key":"Energy Potion"}],"is_trial":false,"path_per_floor":["M","?","M","T","M","E","M","$","T","E","R","E","M","?","R","B",null,"M","M","?","?","$","E"],"character_chosen":"DEFECT","items_purchased":["Coolheaded","Anchor","Oddly Smooth Stone"],"campfire_rested":2,"item_purchase_floors":[8,22,22],"current_hp_per_floor":[64,53,53,53,53,28,28,28,28,5,26,17,17,17,38,23,59,47,47,47,47,47,9],"gold":36,"neow_bonus":"ONE_RARE_RELIC","is_prod":false,"is_daily":false,"chose_seed":false,"campfire_upgraded":0,"win_rate":0,"timestamp":1550113168,"path_taken":["M","?","M","?","?","E","M","?","T","E","R","E","M","?","R","BOSS","M","M","?","?","$","E"],"build_version":"2019-02-06","purchased_purges":1,"victory":false,"max_hp_per_floor":[71,71,71,71,71,71,71,71,71,71,71,71,71,71,71,71,71,71,71,71,71,71,71],"card_choices":[{"not_picked":["Compile Driver","Auto Shields"],"picked":"Ball Lightning","floor":1.0},{"not_picked":["Melter","Barrage"],"picked":"Ball Lightning","floor":3.0},{"not_picked":["Recycle","Redo"],"picked":"Capacitor","floor":5.0},{"not_picked":["Machine Learning","Auto Shields"],"picked":"Cold Snap","floor":6.0},{"not_picked":["Beam Cell","BootSequence","Steam Power"],"picked":"SKIP","floor":10.0},{"not_picked":["Heatsinks","Hologram","Cold Snap"],"picked":"SKIP","floor":12},{"not_picked":["Stack","Go for the Eyes","Blizzard"],"picked":"SKIP","floor":13},{"not_picked":["Core Surge","Seek"],"picked":"Echo Form","floor":16},{"not_picked":["Force Field","Redo","Streamline"],"picked":"SKIP","floor":18},{"not_picked":["Scrape","Capacitor"],"picked":"Gash+1","floor":19}],"player_experience":1155310,"relics_obtained":[{"floor":6.0,"key":"MawBank"},{"floor":9.0,"key":"Gremlin Horn"},{"floor":10.0,"key":"Emotion Chip"},{"floor":12,"key":"Ancient Tea Set"}],"event_choices":[{"damage_healed":0.0,"max_hp_gain":0.0,"max_hp_loss":0.0,"gold_gain":75.0,"event_name":"World of Goop","player_choice":"Gather Gold","floor":2.0,"gold_loss":0.0,"damage_taken":11.0},{"damage_healed":0,"gold_gain":50,"player_choice":"Pray","damage_taken":0,"max_hp_gain":0,"max_hp_loss":0,"event_name":"Golden Shrine","floor":14,"gold_loss":0},{"damage_healed":0,"gold_gain":0,"player_choice":"Opened","damage_taken":0,"relics_obtained":["Orichalcum"],"max_hp_gain":0,"max_hp_loss":0,"event_name":"The Mausoleum","floor":20,"gold_loss":0,"cards_obtained":["Writhe"]},{"cards_removed":["Writhe"],"damage_healed":0,"gold_gain":0,"player_choice":"Gave Gold","damage_taken":0,"max_hp_gain":0,"max_hp_loss":0,"event_name":"Beggar","floor":21,"gold_loss":75}],"is_beta":true,"boss_relics":[{"not_picked":["White Beast Statue","Coffee Dripper"],"picked":"Empty Cage"}],"items_purged_floors":[8],"is_endless":false,"potions_floor_spawned":[3,6,7,10,18,19],"killed_by":"Gremlin Leader","ascension_level":20}