{"gold_per_floor":[112,126,126,22,35,35,65,65,65,65,78,78,94,108,108,182,182,197,472,488,87,100,100,111,111,185,185,200,229,242,258,258,334,334,351,351,226,239,259,259,259],"floor_reached":41,"playtime":1526,"items_purged":["Strike_B","Regret","Strike_B"],"score":959,"play_id":"19a1212e-e025-4760-9c64-5214cc863438","local_time":"20190210045150","is_ascension_mode":true,"campfire_choices":[{"data":"Zap","floor":6.0,"key":"SMITH"},{"data":"Sweeping Beam","floor":8.0,"key":"SMITH"},{"data":"Hologram","floor":10.0,"key":"SMITH"},{"data":"Ball Lightning","floor":12.0,"key":"SMITH"},{"data":"Coolheaded","floor":15.0,"key":"SMITH"},{"floor":23.0,"key":"REST"},{"data":"Sunder","floor":25.0,"key":"SMITH"},{"data":"Electrodynamics","floor":27.0,"key":"SMITH"},{"floor":32.0,"key":"REST"},{"data":"Consume","floor":40.0,"key":"SMITH"}],"neow_cost":"NONE","seed_source_timestamp":1506186498014763,"circlet_count":0,"master_deck":["AscendersBane","Defend_B","Defend_B","Defend_B","Defend_B","Zap+1","Dualcast","Ball Lightning+1","Hologram+1","Ball Lightning","Sweeping Beam+1","Core Surge","Coolheaded+1","Electrodynamics+1","Recycle","Buffer","Sunder+1","Consume+1","Echo Form","Force Field","Force Field","Capacitor"],"special_seed":0,"relics":["Cracked Core","Pen Nib","Singing Bowl","Snecko Eye","Ornamental Fan","Kunai","Orrery"],"potions_floor_usage":[],"damage_taken":[{"damage":1.0,"enemies":"2 Louse","floor":1.0,"turns":2.0},{"damage":1.0,"enemies":"Cultist","floor":2.0,"turns":3.0},{"damage":2.0,"enemies":"Jaw Worm","floor":5.0,"turns":4.0},{"damage":20.0,"enemies":"Lagavulin","floor":7.0,"turns":5.0},{"damage":4.0,"enemies":"Gremlin Gang","floor":11.0,"turns":2.0},{"damage":2.0,"enemies":"Large Slime","floor":13.0,"turns":3.0},{"damage":3.0,"enemies":"3 Louse","floor":14.0,"turns":2.0},{"damage":0.0,"enemies":"Slime Boss","floor":16.0,"turns":5.0},{"damage":2.0,"enemies":"3 Byrds","floor":18.0,"turns":2.0},{"damage":35.0,"enemies":"Shell Parasite","floor":20.0,"turns":4.0},{"damage":16.0,"enemies":"Shelled Parasite and Fungi","floor":22.0,"turns":3.0},{"damage":10.0,"enemies":"3 Cultists","floor":24.0,"turns":4.0},{"damage":13.0,"enemies":"Centurion and Healer","floor":28.0,"turns":4.0},{"damage":8.0,"enemies":"Gremlin Leader","floor":29.0,"turns":3.0},{"damage":0.0,"enemies":"Snake Plant","floor":30.0,"turns":2.0},{"damage":0.0,"enemies":"3 Cultists","floor":31.0,"turns":2.0},{"damage":38.0,"enemies":"Automaton","floor":33.0,"turns":9.0},{"damage":4.0,"enemies":"Orb Walker","floor":35.0,"turns":3.0},{"damage":21.0,"enemies":"3 Darklings","floor":38.0,"turns":4.0},{"damage":29.0,"enemies":"Spire Growth","floor":39.0,"turns":4.0},{"damage":17,"enemies":"Jaw Worm Horde","floor":41,"turns":3}],"seed_played":"-4825428066645116672","potions_obtained":[{"floor":1.0,"key":"FocusPotion"},{"floor":7.0,"key":"SteroidPotion"},{"floor":14.0,"key":"AttackPotion"},{"floor":16.0,"key":"PowerPotion"},{"floor":33.0,"key":"Fire Potion"},{"floor":39.0,"key":"EssenceOfSteel"}],"is_trial":false,"path_per_floor":["M","M","?","$","M","R","E","R","T","R","M","R","M","M","R","B",null,"M","?","M","$","M","R","M","R","T","R","M","E","M","M","R","B",null,"M","?","$","M","M","R","M"],"character_chosen":"DEFECT","items_purchased":["Ball Lightning","Buffer","Sunder","SpeedPotion"],"campfire_rested":2,"item_purchase_floors":[4,21,21,21],"current_hp_per_floor":[63,62,62,62,60,60,40,40,40,40,38,38,36,33,33,33,63,63,63,28,28,14,37,29,29,29,29,18,12,12,14,39,1,70,68,68,68,47,20,20,3],"gold":259,"neow_bonus":"REMOVE_CARD","is_prod":false,"is_daily":false,"chose_seed":false,"campfire_upgraded":8,"win_rate":0,"timestamp":1549803110,"path_taken":["M","M","?","?","M","R","E","R","T","R","M","R","M","M","R","BOSS","M","?","M","$","M","R","M","R","T","R","?","E","M","M","R","BOSS","M","?","$","M","M","R","M"],"build_version":"2019-02-06","purchased_purges":3,"victory":false,"max_hp_per_floor":[71,71,71,71,71,71,71,71,71,71,73,73,73,73,73,73,73,75,75,75,75,77,77,79,79,79,79,81,83,83,85,85,85,91,93,93,93,93,95,95,95],"card_choices":[{"not_picked":["Static Discharge","Gash"],"picked":"Ball Lightning","floor":1.0},{"not_picked":["Rebound","Leap","Streamline"],"picked":"SKIP","floor":2.0},{"not_picked":["Barrage","Steam","FTL"],"picked":"SKIP","floor":5.0},{"not_picked":["Compile Driver","Skim"],"picked":"Sweeping Beam","floor":7.0},{"not_picked":["Gash","Static Discharge","Redo"],"picked":"Singing Bowl","floor":11.0},{"not_picked":["Lockon","Go for the Eyes"],"picked":"Core Surge","floor":13.0},{"not_picked":["Conserve Battery","Rebound"],"picked":"Coolheaded","floor":14.0},{"not_picked":["Creative AI","Reboot"],"picked":"Electrodynamics","floor":16.0},{"not_picked":["Scrape+1","Skim","Redo"],"picked":"Singing Bowl","floor":18.0},{"not_picked":["Sweeping Beam","Hologram"],"picked":"Recycle","floor":20.0},{"not_picked":["Steam","Beam Cell","Go for the Eyes"],"picked":"Singing Bowl","floor":22.0},{"not_picked":["BootSequence","Darkness","Coolheaded"],"picked":"Singing Bowl","floor":24.0},{"not_picked":["Gash","Turbo","Sweeping Beam"],"picked":"Singing Bowl","floor":28.0},{"not_picked":["Sweeping Beam","Gash","Amplify"],"picked":"Singing Bowl","floor":29.0},{"not_picked":["Rebound","Heatsinks+1"],"picked":"Consume","floor":30.0},{"not_picked":["Beam Cell+1","Static Discharge","Cold Snap"],"picked":"Singing Bowl","floor":31.0},{"not_picked":["Creative AI","Fission"],"picked":"Echo Form","floor":33.0},{"not_picked":["Sunder","Scrape"],"picked":"Force Field","floor":34.0},{"not_picked":["Stack","Beam Cell"],"picked":"Force Field","floor":34.0},{"not_picked":["Rebound","Go for the Eyes","Streamline"],"picked":"Singing Bowl","floor":34.0},{"not_picked":["Gash","Stack","Steam"],"picked":"Singing Bowl","floor":34.0},{"not_picked":["Turbo","Chaos+1","Coolheaded+1"],"picked":"Singing Bowl","floor":34.0},{"not_picked":["Stack","Turbo","Coolheaded"],"picked":"Singing Bowl","floor":35.0},{"not_picked":["Gash+1","All For One"],"picked":"Capacitor","floor":38.0},{"not_picked":["Leap","Streamline","Conserve Battery"],"picked":"Singing Bowl","floor":39.0}],"player_experience":1127768,"relics_obtained":[{"floor":7.0,"key":"Pen Nib"},{"floor":9.0,"key":"Singing Bowl"},{"floor":26.0,"key":"Ornamental Fan"},{"floor":29.0,"key":"Kunai"}],"event_choices":[{"damage_healed":0.0,"max_hp_gain":0.0,"max_hp_loss":0.0,"gold_gain":0.0,"cards_transformed":["Strike_B"],"event_name":"Transmorgrifier","player_choice":"Transformed","floor":3.0,"gold_loss":0.0,"damage_taken":0.0,"cards_obtained":["Hologram"]},{"damage_healed":0.0,"max_hp_gain":0.0,"max_hp_loss":0.0,"gold_gain":275.0,"event_name":"Golden Shrine","player_choice":"Desecrate","floor":19.0,"gold_loss":0.0,"damage_taken":0.0,"cards_obtained":["Regret"]},{"damage_healed":0.0,"max_hp_gain":0.0,"max_hp_loss":0.0,"gold_gain":0.0,"event_name":"Tomb of Lord Red Mask","player_choice":"Ignored","floor":36.0,"gold_loss":0.0,"damage_taken":0.0}],"is_beta":true,"boss_relics":[{"not_picked":["Eternal Feather","Black Star"],"picked":"Snecko Eye"},{"not_picked":["Runic Pyramid","Coffee Dripper"],"picked":"Orrery"}],"items_purged_floors":[4,21,37],"is_endless":false,"potions_floor_spawned":[1,7,14,16,18,22,33,39],"killed_by":"Jaw Worm Horde","ascension_level":20}