{"gold_per_floor":[363,161,161,178,198,198,211,211,211,486,35,66,66,94,94,165,165,185,209,229,229,153,181,181,191,261,261,278,308,318,318,318,395,395,410,685,477,491,504,504,538,538,564,597,279,298,310,325,325,325,325,325,325,81,112,112],"floor_reached":57,"playtime":2499,"items_purged":["Strike_R","Regret","Regret","Strike_R+1"],"score":2770,"play_id":"acd2e859-e814-4392-9cb5-8f1131bf6924","local_time":"20190228021730","is_ascension_mode":true,"campfire_choices":[{"data":"Flame Barrier","floor":6.0,"key":"SMITH"},{"data":"Bash","floor":8.0,"key":"SMITH"},{"floor":13.0,"key":"REST"},{"data":"Twin Strike","floor":15.0,"key":"SMITH"},{"data":"Immolate","floor":24.0,"key":"SMITH"},{"data":"Disarm","floor":27.0,"key":"SMITH"},{"data":"Evolve","floor":32.0,"key":"SMITH"},{"data":"Evolve","floor":40.0,"key":"SMITH"},{"data":"Shrug It Off","floor":42.0,"key":"SMITH"},{"floor":49.0,"key":"RECALL"},{"floor":53.0,"key":"REST"}],"neow_cost":"TEN_PERCENT_HP_LOSS","seed_source_timestamp":2598933705551765,"circlet_count":0,"master_deck":["AscendersBane","Strike_R+1","Strike_R+1","Defend_R+1","Defend_R+1","Defend_R+1","Defend_R+1","Bash+1","Uppercut+1","Twin Strike+1","Flame Barrier+1","Shrug It Off","Anger","Immolate+1","Evolve+1","Dropkick+1","Disarm+1","Power Through+1","Shrug It Off+1","Evolve+1","Shrug It Off+1","Shrug It Off"],"special_seed":0,"relics":["Burning Blood","Tiny Chest","Paper Frog","Bag of Marbles","Happy Flower","Ornamental Fan","Vajra","Busted Crown","Bronze Scales","Art of War","Kunai","Shuriken","Sozu","Anchor","Boot","Bag of Preparation","OrangePellets","Gambling Chip"],"potions_floor_usage":[56,56],"damage_taken":[{"damage":3.0,"enemies":"2 Louse","floor":1.0,"turns":3.0},{"damage":0.0,"enemies":"Cultist","floor":4.0,"turns":3.0},{"damage":4.0,"enemies":"Small Slimes","floor":5.0,"turns":4.0},{"damage":33.0,"enemies":"Exordium Thugs","floor":7.0,"turns":6.0},{"damage":27.0,"enemies":"3 Sentries","floor":12.0,"turns":8.0},{"damage":26.0,"enemies":"Gremlin Nob","floor":14.0,"turns":4.0},{"damage":11.0,"enemies":"The Guardian","floor":16.0,"turns":8.0},{"damage":0.0,"enemies":"Chosen","floor":18.0,"turns":3.0},{"damage":12.0,"enemies":"Shell Parasite","floor":20.0,"turns":2.0},{"damage":0.0,"enemies":"Book of Stabbing","floor":23.0,"turns":3.0},{"damage":13.0,"enemies":"Snake Plant","floor":25.0,"turns":3.0},{"damage":9.0,"enemies":"Cultist and Chosen","floor":28.0,"turns":5.0},{"damage":8.0,"enemies":"Gremlin Leader","floor":29.0,"turns":3.0},{"damage":0.0,"enemies":"Centurion and Healer","floor":30.0,"turns":4.0},{"damage":19.0,"enemies":"Automaton","floor":33.0,"turns":10.0},{"damage":0.0,"enemies":"Orb Walker","floor":35.0,"turns":2.0},{"damage":0.0,"enemies":"3 Shapes","floor":38.0,"turns":5.0},{"damage":5.0,"enemies":"Transient","floor":39.0,"turns":6.0},{"damage":20.0,"enemies":"Nemesis","floor":41.0,"turns":5.0},{"damage":11.0,"enemies":"Reptomancer","floor":44.0,"turns":7.0},{"damage":0.0,"enemies":"Writhing Mass","floor":46.0,"turns":5.0},{"damage":15.0,"enemies":"Spire Growth","floor":47.0,"turns":3.0},{"damage":0.0,"enemies":"Jaw Worm Horde","floor":48.0,"turns":2.0},{"damage":15.0,"enemies":"Donu and Deca","floor":50.0,"turns":9.0},{"damage":8.0,"enemies":"Time Eater","floor":51.0,"turns":9.0},{"damage":35,"enemies":"Shield and Spear","floor":55,"turns":9},{"damage":13,"enemies":"The Heart","floor":56,"turns":9}],"seed_played":"-2443426026551478351","potions_obtained":[{"floor":4.0,"key":"FearPotion"},{"floor":5.0,"key":"LiquidBronze"},{"floor":7.0,"key":"Dexterity Potion"},{"floor":16.0,"key":"Strength Potion"},{"floor":33.0,"key":"PowerPotion"}],"is_trial":false,"path_per_floor":["M","$","?","M","M","R","M","R","T","?","$","E","R","E","R","B",null,"M","T","M","?","$","E","R","M","T","R","M","E","M","?","R","B",null,"M","?","$","M","M","R","E","R","T","E","$","M","M","M","R","B","B",null,"R","$","E","B",null],"character_chosen":"IRONCLAD","items_purchased":["Tiny Chest","Bag of Marbles","Shrug It Off","Happy Flower","Disarm","Evolve","Bag of Preparation","OrangePellets","Shrug It Off"],"campfire_rested":2,"item_purchase_floors":[2,11,11,11,22,37,45,54,54],"current_hp_per_floor":[68,68,68,68,68,68,41,41,41,41,41,20,40,20,20,15,55,61,61,55,55,55,61,61,54,54,54,51,49,55,55,55,42,62,68,68,68,68,68,68,54,54,54,49,49,55,46,52,52,43,41,61,68,68,39,32],"gold":112,"neow_bonus":"TWO_FIFTY_GOLD","is_prod":false,"is_daily":false,"chose_seed":false,"campfire_upgraded":8,"win_rate":0,"timestamp":1551349050,"path_taken":["M","$","?","?","M","R","M","R","T","?","$","E","R","E","R","BOSS","M","?","M","?","$","E","R","M","T","R","M","E","?","?","R","BOSS","M","?","$","M","M","R","E","R","T","E","?","M","?","M","R","BOSS","BOSS","R","$","E","BOSS"],"build_version":"2019-02-06","purchased_purges":4,"victory":true,"max_hp_per_floor":[68,68,68,68,68,68,68,68,68,68,68,68,68,68,68,68,68,68,68,68,68,68,68,68,68,68,68,68,68,68,68,68,68,68,68,68,68,68,68,68,68,68,68,68,68,68,68,68,68,68,68,68,68,68,68,68],"card_choices":[{"not_picked":["Clash","Pummel"],"picked":"Uppercut","floor":1.0},{"not_picked":["Armaments","Intimidate"],"picked":"Twin Strike","floor":4.0},{"not_picked":["Power Through","Headbutt"],"picked":"Flame Barrier","floor":5.0},{"not_picked":["Clash","Pummel","Pommel Strike"],"picked":"SKIP","floor":7.0},{"not_picked":["Fire Breathing","Perfected Strike","Feel No Pain"],"picked":"SKIP","floor":12.0},{"not_picked":["Second Wind","Rage"],"picked":"Anger","floor":14.0},{"not_picked":["Juggernaut","Exhume"],"picked":"Immolate","floor":16.0},{"not_picked":[],"picked":"Evolve","floor":18.0},{"not_picked":[],"picked":"Dropkick+1","floor":20.0},{"not_picked":[],"picked":"Power Through+1","floor":23.0},{"not_picked":["Armaments"],"picked":"SKIP","floor":25.0},{"not_picked":[],"picked":"Shrug It Off","floor":28.0},{"not_picked":["Second Wind"],"picked":"SKIP","floor":29.0},{"not_picked":["Rage"],"picked":"SKIP","floor":30.0},{"not_picked":["Headbutt+1"],"picked":"SKIP","floor":35.0},{"not_picked":["Sever Soul"],"picked":"SKIP","floor":38.0},{"not_picked":["Wild Strike"],"picked":"SKIP","floor":39.0},{"not_picked":[],"picked":"Shrug It Off+1","floor":41.0},{"not_picked":["Flex"],"picked":"SKIP","floor":44.0},{"not_picked":["Body Slam"],"picked":"SKIP","floor":46.0},{"not_picked":["Seeing Red+1"],"picked":"SKIP","floor":47.0},{"not_picked":["Pommel Strike"],"picked":"SKIP","floor":48.0},{"not_picked":["Perfected Strike+1"],"picked":"SKIP","floor":55}],"player_experience":1280162,"relics_obtained":[{"floor":9.0,"key":"Paper Frog"},{"floor":12.0,"key":"Ornamental Fan"},{"floor":14.0,"key":"Vajra"},{"floor":19.0,"key":"Bronze Scales"},{"floor":23.0,"key":"Art of War"},{"floor":26.0,"key":"Kunai"},{"floor":29.0,"key":"Shuriken"},{"floor":41.0,"key":"Anchor"},{"floor":44.0,"key":"Boot"},{"floor":55,"key":"Gambling Chip"}],"event_choices":[{"damage_healed":0.0,"max_hp_gain":0.0,"max_hp_loss":0.0,"gold_gain":0.0,"event_name":"Upgrade Shrine","player_choice":"Upgraded","floor":3.0,"gold_loss":0.0,"damage_taken":0.0,"cards_upgraded":["Uppercut"]},{"damage_healed":0.0,"max_hp_gain":0.0,"max_hp_loss":0.0,"gold_gain":275.0,"event_name":"Golden Shrine","player_choice":"Desecrate","floor":10.0,"gold_loss":0.0,"damage_taken":0.0,"cards_obtained":["Regret"]},{"cards_removed":["Strike_R"],"damage_healed":0.0,"max_hp_gain":0.0,"max_hp_loss":0.0,"gold_gain":0.0,"event_name":"Purifier","player_choice":"Purged","floor":21.0,"gold_loss":0.0,"damage_taken":0.0},{"damage_healed":0.0,"max_hp_gain":0.0,"max_hp_loss":0.0,"gold_gain":0.0,"event_name":"Back to Basics","player_choice":"Simplicity","floor":31.0,"gold_loss":0.0,"damage_taken":0.0,"cards_upgraded":["Strike_R","Strike_R","Strike_R","Defend_R","Defend_R","Defend_R","Defend_R"]},{"damage_healed":0.0,"max_hp_gain":0.0,"max_hp_loss":0.0,"gold_gain":275.0,"event_name":"Golden Shrine","player_choice":"Desecrate","floor":36.0,"gold_loss":0.0,"damage_taken":0.0,"cards_obtained":["Regret"]}],"is_beta":true,"boss_relics":[{"not_picked":["Fusion Hammer","Eternal Feather"],"picked":"Busted Crown"},{"not_picked":["Philosopher\u0027s Stone","Mark of Pain"],"picked":"Sozu"}],"items_purged_floors":[2,11,37,45],"is_endless":false,"potions_floor_spawned":[4,5,7,12,16,20,23,28,30,33,35,38,46,47],"ascension_level":20}