{"gold_per_floor":[118,133,147,158,83,101,101,101,101,112,125,125,153,166,166,261,261,280,280],"floor_reached":19,"playtime":1280,"items_purged":["Strike_G"],"score":173,"play_id":"78dfcffd-f140-4da4-b999-820d0bf7a25d","local_time":"20190417225443","is_ascension_mode":false,"campfire_choices":[{"data":"Flying Knee","floor":7,"key":"SMITH"},{"data":"Deadly Poison","floor":12,"key":"SMITH"},{"floor":15,"key":"REST"}],"neow_cost":"NONE","seed_source_timestamp":122682996286856,"circlet_count":0,"master_deck":["Defend_G","Defend_G","Defend_G","Defend_G","Defend_G","Strike_G","Strike_G","Strike_G","Survivor","Neutralize","Catalyst","Bane","Prepared","Flying Knee+1","Blur","Distraction","Deadly Poison+1","A Thousand Cuts","Sucker Punch","Envenom","Caltrops+1"],"relics":["Ring of the Snake","Bronze Scales","Blood Vial","Black Star"],"potions_floor_usage":[],"damage_taken":[{"damage":2,"enemies":"Small Slimes","floor":1,"turns":5},{"damage":0,"enemies":"Cultist","floor":2,"turns":5},{"damage":1,"enemies":"Jaw Worm","floor":3,"turns":5},{"damage":4,"enemies":"Blue Slaver","floor":4,"turns":6},{"damage":5,"enemies":"2 Fungi Beasts","floor":6,"turns":3},{"damage":4,"enemies":"Exordium Thugs","floor":10,"turns":5},{"damage":0,"enemies":"3 Louse","floor":11,"turns":4},{"damage":12,"enemies":"Gremlin Nob","floor":13,"turns":4},{"damage":2,"enemies":"Looter","floor":14,"turns":3},{"damage":22,"enemies":"The Guardian","floor":16,"turns":9},{"damage":11,"enemies":"Shell Parasite","floor":18,"turns":5},{"damage":66,"enemies":"Colosseum Slavers","floor":19,"turns":4},{"damage":9,"enemies":"Colosseum Nobs","floor":19,"turns":2}],"seed_played":"-2759586042672055610","potions_obtained":[{"floor":1,"key":"Energy Potion"},{"floor":2,"key":"GamblersBrew"},{"floor":3,"key":"AttackPotion"}],"is_trial":false,"path_per_floor":["M","M","M","M","$","M","R","?","T","M","M","R","E","M","R","B",null,"M","?"],"character_chosen":"THE_SILENT","items_purchased":[],"campfire_rested":1,"item_purchase_floors":[],"current_hp_per_floor":[75,75,74,70,70,65,65,65,65,61,61,61,49,49,72,52,77,66,0],"gold":280,"neow_bonus":"TEN_PERCENT_HP_BONUS","is_prod":false,"is_daily":false,"chose_seed":false,"campfire_upgraded":2,"win_rate":0.0,"timestamp":1555521883,"path_taken":["M","M","M","M","$","M","R","?","T","M","?","R","E","M","R","BOSS","M","?"],"build_version":"2019-01-23","purchased_purges":1,"victory":false,"max_hp_per_floor":[77,77,77,77,77,77,77,77,77,77,77,77,77,77,77,77,77,77,77],"card_choices":[{"not_picked":["Backflip","Flying Knee"],"picked":"Catalyst","floor":1},{"not_picked":["Deflect","Dodge and Roll"],"picked":"Bane","floor":2},{"not_picked":["Blade Dance","Venomology"],"picked":"Prepared","floor":3},{"not_picked":["Prepared","Dodge and Roll"],"picked":"Flying Knee","floor":4},{"not_picked":["Backstab","Dodge and Roll"],"picked":"Blur","floor":6},{"not_picked":["Dagger Throw","PiercingWail"],"picked":"Distraction","floor":10},{"not_picked":["Escape Plan","Dodge and Roll"],"picked":"Deadly Poison","floor":11},{"not_picked":["Well Laid Plans","Flying Knee"],"picked":"A Thousand Cuts","floor":13},{"not_picked":["Backflip","Masterful Stab"],"picked":"Sucker Punch","floor":14},{"not_picked":["Glass Knife","Burst"],"picked":"Envenom","floor":16},{"not_picked":["Dodge and Roll","Flying Knee"],"picked":"Caltrops+1","floor":18}],"player_experience":25016,"relics_obtained":[{"floor":9,"key":"Bronze Scales"},{"floor":13,"key":"Blood Vial"}],"event_choices":[{"cards_removed":["Strike_G"],"damage_healed":0,"gold_gain":0,"player_choice":"Purged","damage_taken":0,"max_hp_gain":0,"max_hp_loss":0,"event_name":"Purifier","floor":8,"gold_loss":0},{"damage_healed":0,"gold_gain":0,"player_choice":"Fight","damage_taken":0,"max_hp_gain":0,"max_hp_loss":0,"event_name":"Colosseum","floor":19,"gold_loss":0},{"damage_healed":0,"gold_gain":0,"player_choice":"Fought Nobs","damage_taken":0,"max_hp_gain":0,"max_hp_loss":0,"event_name":"Colosseum","floor":19,"gold_loss":0}],"is_beta":false,"boss_relics":[{"not_picked":["Orrery","White Beast Statue"],"picked":"Black Star"}],"items_purged_floors":[5],"is_endless":false,"potions_floor_spawned":[1,2,3,11,19],"killed_by":"Colosseum Nobs","ascension_level":0}