{"gold_per_floor":[112,287,306,256,274,309,309,337,337,337,306,341,353,388,388,490,490,508,108,125,125,125,150,71,71,123,142,152,82,110,110],"floor_reached":31,"playtime":3398,"items_purged":["Strike_G"],"score":331,"play_id":"17fb22fe-4873-4692-b7c4-6fdc11e89dd0","local_time":"20190421192925","is_ascension_mode":true,"campfire_choices":[{"floor":7,"key":"REST"},{"floor":10,"key":"REST"},{"floor":15,"key":"REST"},{"floor":25,"key":"REST"}],"neow_cost":"NONE","seed_source_timestamp":453857707591780,"circlet_count":0,"master_deck":["Defend_G","Defend_G","Defend_G","Defend_G","Defend_G","Strike_G","Strike_G","Strike_G","Survivor","Neutralize","Well Laid Plans","Doubt","Heel Hook","Dagger Throw","Backstab","Backflip","Outmaneuver","Malaise","Unload","Deadly Poison","Infinite Blades","Deadly Poison+1","RitualDagger","Well Laid Plans+1","Footwork+1","Cloak And Dagger+1","Bouncing Flask","Deadly Poison"],"relics":["Ring of the Serpent","Vajra","Bird Faced Urn","Sundial","Strawberry","Blue Candle","Ninja Scroll","Frozen Egg 2","Peace Pipe","Orichalcum","Mummified Hand"],"potions_floor_usage":[18,23],"damage_taken":[{"damage":0,"enemies":"2 Louse","floor":1,"turns":6},{"damage":3,"enemies":"Jaw Worm","floor":3,"turns":8},{"damage":0,"enemies":"Cultist","floor":5,"turns":4},{"damage":39,"enemies":"Gremlin Nob","floor":6,"turns":6},{"damage":28,"enemies":"3 Sentries","floor":8,"turns":12},{"damage":23,"enemies":"Gremlin Nob","floor":12,"turns":4},{"damage":2,"enemies":"Red Slaver","floor":13,"turns":5},{"damage":10,"enemies":"3 Sentries","floor":14,"turns":9},{"damage":56,"enemies":"The Guardian","floor":16,"turns":20},{"damage":25,"enemies":"Spheric Guardian","floor":18,"turns":5},{"damage":2,"enemies":"3 Byrds","floor":20,"turns":6},{"damage":19,"enemies":"Gremlin Leader","floor":23,"turns":7},{"damage":24,"enemies":"Shelled Parasite and Fungi","floor":27,"turns":6},{"damage":21,"enemies":"Snecko","floor":28,"turns":8},{"damage":41,"enemies":"Slavers","floor":30,"turns":8},{"damage":4,"enemies":"Snake Plant","floor":31,"turns":1}],"seed_played":"7261628002240338888","potions_obtained":[{"floor":3,"key":"Ancient Potion"},{"floor":12,"key":"Energy Potion"},{"floor":13,"key":"Fire Potion"},{"floor":14,"key":"SpeedPotion"},{"floor":18,"key":"Explosive Potion"}],"is_trial":false,"path_per_floor":["M","?","M","?","M","E","R","E","T","R","?","E","M","E","R","B",null,"M","$","M","?","?","E","$","R","T","M","M","$","E","M"],"character_chosen":"THE_SILENT","items_purchased":["Ninja Scroll","Infinite Blades","Footwork+1","Bouncing Flask"],"campfire_rested":4,"item_purchase_floors":[19,19,24,29],"current_hp_per_floor":[77,77,74,74,74,35,58,30,30,53,53,39,39,31,56,2,84,61,61,63,57,57,42,42,67,67,51,38,38,3,0],"gold":110,"neow_bonus":"TEN_PERCENT_HP_BONUS","is_prod":false,"is_daily":false,"chose_seed":false,"campfire_upgraded":0,"win_rate":0,"timestamp":1555855165,"path_taken":["M","?","M","?","M","E","R","E","T","R","?","E","M","E","R","BOSS","M","$","M","?","?","E","$","R","T","?","M","?","E","M"],"build_version":"2019-01-23","purchased_purges":1,"victory":false,"max_hp_per_floor":[77,77,77,77,77,77,77,77,77,77,77,84,84,84,84,84,84,84,84,84,84,84,84,84,84,84,84,84,84,84,84],"card_choices":[{"not_picked":["Poisoned Stab","Dodge and Roll"],"picked":"Well Laid Plans","floor":1},{"not_picked":["Dagger Spray","Blade Dance"],"picked":"Heel Hook","floor":3},{"not_picked":["Adrenaline","Expertise"],"picked":"Dagger Throw","floor":5},{"not_picked":["Blade Dance","Riddle With Holes","Heel Hook"],"picked":"SKIP","floor":6},{"not_picked":["Die Die Die","Dagger Spray"],"picked":"Backstab","floor":8},{"not_picked":["Dagger Throw","Underhanded Strike"],"picked":"Backflip","floor":12},{"not_picked":["Masterful Stab","Slice"],"picked":"Outmaneuver","floor":13},{"not_picked":["Outmaneuver","Bane"],"picked":"Malaise","floor":14},{"not_picked":["Wraith Form v2","Adrenaline"],"picked":"Unload","floor":16},{"not_picked":["Finisher","Flechettes"],"picked":"Deadly Poison","floor":18},{"not_picked":["Poisoned Stab","Distraction+1"],"picked":"Deadly Poison+1","floor":20},{"not_picked":["Terror","Corpse Explosion"],"picked":"Well Laid Plans+1","floor":23},{"not_picked":["Underhanded Strike+1","Reflex+1","Flying Knee"],"picked":"SKIP","floor":27},{"not_picked":["Deflect+1","Dodge and Roll"],"picked":"Cloak And Dagger+1","floor":28},{"not_picked":["Dagger Throw","Terror+1"],"picked":"Deadly Poison","floor":30}],"player_experience":112997,"relics_obtained":[{"floor":6,"key":"Vajra"},{"floor":8,"key":"Bird Faced Urn"},{"floor":9,"key":"Sundial"},{"floor":12,"key":"Strawberry"},{"floor":14,"key":"Blue Candle"},{"floor":23,"key":"Peace Pipe"},{"floor":26,"key":"Orichalcum"},{"floor":30,"key":"Mummified Hand"}],"event_choices":[{"damage_healed":0,"gold_gain":175,"player_choice":"AGREE","damage_taken":0,"max_hp_gain":0,"max_hp_loss":0,"event_name":"Liars Game","floor":2,"gold_loss":0,"cards_obtained":["Doubt"]},{"cards_removed":["Strike_G"],"damage_healed":0,"gold_gain":0,"player_choice":"Card Removal","damage_taken":0,"max_hp_gain":0,"max_hp_loss":0,"event_name":"The Cleric","floor":4,"gold_loss":50},{"damage_healed":0,"gold_gain":0,"player_choice":"Left Gold","damage_taken":0,"max_hp_gain":0,"max_hp_loss":0,"event_name":"World of Goop","floor":11,"gold_loss":31},{"damage_healed":0,"gold_gain":0,"player_choice":"Joined the Cult","damage_taken":6,"max_hp_gain":0,"max_hp_loss":0,"event_name":"Nest","floor":21,"gold_loss":0,"cards_obtained":["RitualDagger"]},{"damage_healed":0,"gold_gain":0,"player_choice":"Gave Potion","damage_taken":0,"relics_obtained":["Frozen Egg 2"],"max_hp_gain":0,"max_hp_loss":0,"event_name":"WeMeetAgain","floor":22,"gold_loss":0}],"is_beta":false,"boss_relics":[{"not_picked":["Eternal Feather","Runic Dome"],"picked":"Ring of the Serpent"}],"items_purged_floors":[19],"is_endless":false,"potions_floor_spawned":[3,12,13,14,18],"killed_by":"Snake Plant","ascension_level":2}