{"gold_per_floor":[112,112,126,21,32,32,64,64,64,96,110,135,135,153,153,246,246,267,292,62,62,80,80,123,123,172,192,16,16],"floor_reached":29,"playtime":1128,"items_purged":["Strike_B","Strike_B"],"score":526,"play_id":"b325bb90-7db0-4546-a8db-29800fa7befa","local_time":"20190410212132","is_ascension_mode":true,"campfire_choices":[{"data":"Zap","floor":6.0,"key":"SMITH"},{"floor":8.0,"key":"DIG"},{"floor":15.0,"key":"REST"},{"floor":23.0,"key":"REST"},{"floor":25,"key":"REST"}],"neow_cost":"PERCENT_DAMAGE","seed_source_timestamp":15396280248398,"circlet_count":0,"master_deck":["AscendersBane","Strike_B","Defend_B","Defend_B","Defend_B","Defend_B","Zap+1","Dualcast","Echo Form","Conserve Battery","Conserve Battery","Compile Driver","Coolheaded","Cold Snap","White Noise","Ball Lightning","Ball Lightning","Biased Cognition","Doom and Gloom","Capacitor","Electrodynamics","Self Repair"],"special_seed":0,"relics":["Cracked Core","Shovel","Calipers","Cables","Bronze Scales","Golden Idol","Snecko Eye","Nilry\u0027s Codex","Dodecahedron","Dream Catcher"],"potions_floor_usage":[24,24,29],"damage_taken":[{"damage":4.0,"enemies":"Jaw Worm","floor":1.0,"turns":4.0},{"damage":2.0,"enemies":"Cultist","floor":3.0,"turns":5.0},{"damage":5.0,"enemies":"Small Slimes","floor":5.0,"turns":3.0},{"damage":7.0,"enemies":"Lagavulin","floor":7.0,"turns":8.0},{"damage":10.0,"enemies":"3 Sentries","floor":10.0,"turns":3.0},{"damage":0.0,"enemies":"Looter","floor":11.0,"turns":3.0},{"damage":5.0,"enemies":"Gremlin Nob","floor":12.0,"turns":3.0},{"damage":3.0,"enemies":"2 Fungi Beasts","floor":14.0,"turns":3.0},{"damage":10.0,"enemies":"Slime Boss","floor":16.0,"turns":8.0},{"damage":0.0,"enemies":"Chosen","floor":18.0,"turns":3.0},{"damage":5.0,"enemies":"Shell Parasite","floor":19.0,"turns":4.0},{"damage":9.0,"enemies":"Centurion and Healer","floor":22.0,"turns":5.0},{"damage":13,"enemies":"Gremlin Leader","floor":24,"turns":6},{"damage":23,"enemies":"Shelled Parasite and Fungi","floor":27,"turns":3},{"damage":19,"enemies":"Book of Stabbing","floor":29,"turns":4}],"seed_played":"-8282006616059380710","potions_obtained":[{"floor":1.0,"key":"FearPotion"},{"floor":10.0,"key":"Swift Potion"},{"floor":14.0,"key":"Weak Potion"},{"floor":16.0,"key":"Weak Potion"},{"floor":18.0,"key":"SkillPotion"},{"floor":22.0,"key":"Block Potion"},{"floor":27,"key":"EssenceOfSteel"}],"is_trial":false,"path_per_floor":["M","?","M","$","M","R","E","R","T","E","M","E","?","M","R","B",null,"M","M","$","?","M","R","E","R","T","M","$","E"],"character_chosen":"DEFECT","items_purchased":["Compile Driver","PowerPotion","Doom and Gloom","Capacitor","Self Repair"],"campfire_rested":3,"item_purchase_floors":[4,4,20,20,28],"current_hp_per_floor":[42,42,40,40,35,35,28,28,28,18,18,13,13,10,29,19,53,53,48,48,27,18,37,24,43,43,20,20,1],"gold":16,"neow_bonus":"THREE_RARE_CARDS","is_prod":false,"is_daily":false,"chose_seed":false,"campfire_upgraded":1,"win_rate":0,"timestamp":1554956492,"path_taken":["M","?","M","$","M","R","E","R","T","E","?","E","?","M","R","BOSS","M","M","$","?","M","R","E","R","T","M","$","E"],"build_version":"2019-04-04","purchased_purges":2,"victory":false,"max_hp_per_floor":[71,71,71,71,71,71,71,71,71,71,71,71,64,64,64,64,64,64,64,64,64,64,64,64,64,64,64,64,64],"card_choices":[{"not_picked":["All For One","Core Surge"],"picked":"Echo Form","floor":0.0},{"not_picked":["Sweeping Beam","Heatsinks"],"picked":"Conserve Battery","floor":1.0},{"not_picked":["Sweeping Beam","Double Energy"],"picked":"Conserve Battery","floor":3.0},{"not_picked":["Barrage","Chaos"],"picked":"Coolheaded","floor":5.0},{"not_picked":["Darkness","Storm"],"picked":"Cold Snap","floor":7.0},{"not_picked":["Gash","Multi-Cast","Compile Driver"],"picked":"SKIP","floor":10.0},{"not_picked":["Melter","Steam"],"picked":"White Noise","floor":11.0},{"not_picked":["Creative AI","Static Discharge"],"picked":"Ball Lightning","floor":12.0},{"not_picked":["Steam","Self Repair"],"picked":"Ball Lightning","floor":14.0},{"not_picked":["Core Surge","Meteor Strike"],"picked":"Biased Cognition","floor":16.0},{"not_picked":["Aggregate","Gash","Turbo+1"],"picked":"SKIP","floor":18.0},{"not_picked":["Redo","Beam Cell","Sweeping Beam+1"],"picked":"SKIP","floor":19.0},{"not_picked":["Streamline","Scrape","Go for the Eyes"],"picked":"SKIP","floor":22.0},{"not_picked":["Ball Lightning","Leap"],"picked":"Electrodynamics","floor":24},{"not_picked":["Chill","Force Field","Leap"],"picked":"SKIP","floor":27}],"player_experience":1397599,"relics_obtained":[{"floor":7.0,"key":"Shovel"},{"floor":8.0,"key":"Calipers"},{"floor":10.0,"key":"Cables"},{"floor":12.0,"key":"Bronze Scales"},{"floor":21.0,"key":"Nilry\u0027s Codex"},{"floor":24,"key":"Dodecahedron"},{"floor":26,"key":"Dream Catcher"}],"event_choices":[{"cards_removed":["Strike_B"],"damage_healed":0.0,"max_hp_gain":0.0,"max_hp_loss":0.0,"gold_gain":0.0,"event_name":"Bonfire Elementals","player_choice":"Offered Basic","floor":2.0,"gold_loss":0.0,"damage_taken":0.0},{"damage_healed":0.0,"max_hp_gain":0.0,"max_hp_loss":7.0,"gold_gain":0.0,"event_name":"Golden Idol","player_choice":"Lose Max HP","floor":13.0,"gold_loss":0.0,"damage_taken":0.0,"relics_obtained":["Golden Idol"]},{"damage_healed":0.0,"max_hp_gain":0.0,"max_hp_loss":0.0,"gold_gain":0.0,"event_name":"Cursed Tome","player_choice":"Obtained Book","floor":21.0,"gold_loss":0.0,"damage_taken":21.0}],"is_beta":true,"boss_relics":[{"not_picked":["Cursed Key","Astrolabe"],"picked":"Snecko Eye"}],"items_purged_floors":[20,28],"is_endless":false,"potions_floor_spawned":[1,10,14,16,18,22,27],"killed_by":"Book of Stabbing","ascension_level":20}