{"gold_per_floor":[110,87,37,37,56,56,68,97,397,417,417,417,108,124,124,244,244,227,247,17,17,32,32,32],"floor_reached":24,"playtime":622,"items_purged":["Injury"],"score":235,"play_id":"3ebfb05f-137b-435b-9bd6-50d2c046c165","local_time":"20190406225422","is_ascension_mode":true,"campfire_choices":[{"data":"Zap","floor":6,"key":"SMITH"},{"floor":11,"key":"REST"},{"data":"Steam","floor":15,"key":"SMITH"},{"floor":23,"key":"REST"}],"neow_cost":"NONE","seed_source_timestamp":1617103730199,"circlet_count":0,"master_deck":["Defend_B","Defend_B","Defend_B","Defend_B","Zap+1","Dualcast","Scrape","Redo+1","Conserve Battery","Go for the Eyes","Beam Cell","Steam+1","Core Surge","Dark Shackles","Redo","Echo Form","Defragment+1","Capacitor+1","Reinforced Body+1","Go for the Eyes","Ball Lightning+1","FTL","Sweeping Beam"],"relics":["Cracked Core","StoneCalendar","Old Coin","Golden Idol","Astrolabe","Membership Card"],"potions_floor_usage":[16,24],"damage_taken":[{"damage":1,"enemies":"Cultist","floor":1,"turns":4},{"damage":0,"enemies":"Small Slimes","floor":5,"turns":2},{"damage":7,"enemies":"Jaw Worm","floor":7,"turns":3},{"damage":30,"enemies":"Gremlin Nob","floor":8,"turns":4},{"damage":14,"enemies":"Exordium Wildlife","floor":10,"turns":5},{"damage":0,"enemies":"Blue Slaver","floor":14,"turns":3},{"damage":23,"enemies":"Hexaghost","floor":16,"turns":7},{"damage":18,"enemies":"2 Thieves","floor":18,"turns":4},{"damage":20,"enemies":"3 Byrds","floor":19,"turns":5},{"damage":16,"enemies":"Snecko","floor":22,"turns":6},{"damage":57,"enemies":"Slavers","floor":24,"turns":4}],"seed_played":"-2380135081883834207","potions_obtained":[{"floor":10,"key":"LiquidBronze"},{"floor":22,"key":"Fire Potion"}],"is_trial":false,"path_per_floor":["M","$","?","?","M","R","M","E","T","M","R","?","$","M","R","B",null,"M","M","$","?","M","R","E"],"character_chosen":"DEFECT","items_purchased":["Redo","Core Surge","Dark Shackles","Membership Card","FTL"],"campfire_rested":2,"item_purchase_floors":[2,13,13,20,20],"current_hp_per_floor":[81,81,81,81,81,81,74,44,44,30,54,54,54,54,54,31,82,64,44,44,44,28,52,0],"gold":32,"neow_bonus":"TEN_PERCENT_HP_BONUS","is_prod":false,"is_daily":false,"chose_seed":false,"campfire_upgraded":2,"win_rate":0,"timestamp":1554587662,"path_taken":["M","$","?","?","?","R","M","E","T","M","R","?","$","M","R","BOSS","M","M","$","?","M","R","E"],"build_version":"2019-01-23","purchased_purges":1,"victory":false,"max_hp_per_floor":[82,82,82,82,82,82,82,82,82,82,82,82,82,82,82,82,82,82,82,82,82,82,82,82],"card_choices":[{"not_picked":["Beam Cell","Compile Driver"],"picked":"Scrape","floor":1},{"not_picked":["Coolheaded","Redo"],"picked":"Conserve Battery","floor":5},{"not_picked":["Sweeping Beam","Chaos"],"picked":"Go for the Eyes","floor":7},{"not_picked":["Scrape","Consume"],"picked":"Beam Cell","floor":8},{"not_picked":["Streamline","Heatsinks"],"picked":"Steam","floor":10},{"not_picked":["Leap","Cold Snap"],"picked":"Redo","floor":14},{"not_picked":["Hyperbeam","Creative AI"],"picked":"Echo Form","floor":16},{"not_picked":["Hello World","Storm"],"picked":"Go for the Eyes","floor":18},{"not_picked":["Barrage","Cold Snap"],"picked":"Ball Lightning+1","floor":19},{"not_picked":["Reinforced Body","Cold Snap+1"],"picked":"Sweeping Beam","floor":22}],"player_experience":385496,"relics_obtained":[{"floor":8,"key":"StoneCalendar"},{"floor":9,"key":"Old Coin"}],"event_choices":[{"cards_removed":["Strike_B"],"damage_healed":0,"gold_gain":0,"player_choice":"Card Removal","damage_taken":0,"max_hp_gain":0,"max_hp_loss":0,"event_name":"The Cleric","floor":3,"gold_loss":50},{"damage_healed":0,"gold_gain":0,"player_choice":"Upgraded","damage_taken":0,"max_hp_gain":0,"max_hp_loss":0,"event_name":"Upgrade Shrine","floor":4,"gold_loss":0,"cards_upgraded":["Redo"]},{"damage_healed":0,"gold_gain":0,"player_choice":"Take Wound","damage_taken":0,"relics_obtained":["Golden Idol"],"max_hp_gain":0,"max_hp_loss":0,"event_name":"Golden Idol","floor":12,"gold_loss":0,"cards_obtained":["Injury"]},{"damage_healed":0,"gold_gain":0,"player_choice":"Ignored","damage_taken":0,"max_hp_gain":0,"max_hp_loss":0,"event_name":"Beggar","floor":21,"gold_loss":0}],"is_beta":false,"boss_relics":[{"not_picked":["Inserter","Busted Crown"],"picked":"Astrolabe"}],"items_purged_floors":[13],"is_endless":false,"potions_floor_spawned":[8,10,22],"killed_by":"Slavers","ascension_level":4}