{"gold_per_floor":[119,136,211,225,225,225,257,270,270,299,299,299,310,155,155,227,227,240,240,260,278,238,238,253,282,350,350,362,394,394,423,423,501,501,513,735,217,237,252,286,302,320,320,334,170,200,300,327,327,327,327,327,327,13,47,47],"floor_reached":57,"playtime":3847,"items_purged":["Strike_B"],"score":3084,"play_id":"1787dfca-a7e1-49af-bde3-6b7a70d75498","local_time":"20190131230419","is_ascension_mode":true,"campfire_choices":[{"floor":6.0,"key":"REST"},{"floor":12.0,"key":"REST"},{"data":"Zap","floor":15.0,"key":"SMITH"},{"data":"Biased Cognition","floor":23.0,"key":"SMITH"},{"floor":30.0,"key":"DIG"},{"floor":32.0,"key":"DIG"},{"floor":49,"key":"RECALL"},{"floor":53,"key":"REST"}],"neow_cost":"PERCENT_DAMAGE","seed_source_timestamp":793278627749127,"circlet_count":0,"master_deck":["AscendersBane","Defend_B+1","Defend_B+1","Defend_B+1","Zap+1","Dualcast+1","Core Surge","Ball Lightning","Fission+1","Ball Lightning","Steam+1","Cold Snap","Hologram+1","Biased Cognition+1","Capacitor+1","Coolheaded+1","Fission+1","Steam+1","Conserve Battery+1","Gash","Turbo+1","Fission+1","White Noise+1","Echo Form+1","Chill+1","Coolheaded+1","Undo+1","Biased Cognition","Heatsinks","Capacitor","Glacier+1","Fission+1","Electrodynamics","Amplify+1"],"special_seed":0,"relics":["Cracked Core","Unceasing Top","Toxic Egg 2","Shovel","Girya","Nuclear Battery","Gremlin Horn","Bottled Lightning","FossilizedHelix","Turnip","Red Mask","Symbiotic Virus","Astrolabe","Mummified Hand","Calipers","Pear","The Courier","Nunchaku","Ornamental Fan","Medical Kit","Orichalcum"],"potions_floor_usage":[56,56,56,56],"damage_taken":[{"damage":1.0,"enemies":"2 Louse","floor":1.0,"turns":3.0},{"damage":4.0,"enemies":"Jaw Worm","floor":2.0,"turns":3.0},{"damage":0.0,"enemies":"Cultist","floor":4.0,"turns":2.0},{"damage":27.0,"enemies":"Gremlin Nob","floor":7.0,"turns":4.0},{"damage":0.0,"enemies":"2 Fungi Beasts","floor":8.0,"turns":2.0},{"damage":10.0,"enemies":"3 Sentries","floor":10.0,"turns":6.0},{"damage":5.0,"enemies":"Gremlin Gang","floor":13.0,"turns":3.0},{"damage":0.0,"enemies":"Slime Boss","floor":16.0,"turns":6.0},{"damage":0.0,"enemies":"Spheric Guardian","floor":18.0,"turns":3.0},{"damage":0.0,"enemies":"Shell Parasite","floor":20.0,"turns":1.0},{"damage":9.0,"enemies":"Snake Plant","floor":21.0,"turns":3.0},{"damage":0.0,"enemies":"Shelled Parasite and Fungi","floor":24.0,"turns":4.0},{"damage":27.0,"enemies":"Book of Stabbing","floor":25.0,"turns":7.0},{"damage":0.0,"enemies":"Snecko","floor":28.0,"turns":5.0},{"damage":5.0,"enemies":"Slavers","floor":29.0,"turns":7.0},{"damage":0.0,"enemies":"Masked Bandits","floor":31.0,"turns":4.0},{"damage":12.0,"enemies":"Champ","floor":33.0,"turns":24.0},{"damage":0.0,"enemies":"3 Shapes","floor":35.0,"turns":4.0},{"damage":0.0,"enemies":"Orb Walker","floor":38.0,"turns":4.0},{"damage":0.0,"enemies":"Sphere and 2 Shapes","floor":39.0,"turns":3.0},{"damage":0,"enemies":"Giant Head","floor":40,"turns":8},{"damage":0,"enemies":"Writhing Mass","floor":41,"turns":4},{"damage":0,"enemies":"3 Darklings","floor":42,"turns":3},{"damage":0,"enemies":"Maw","floor":44,"turns":4},{"damage":0,"enemies":"Reptomancer","floor":46,"turns":3},{"damage":0,"enemies":"Mind Bloom Boss Battle","floor":47,"turns":4},{"damage":0,"enemies":"Nemesis","floor":48,"turns":11},{"damage":16,"enemies":"Time Eater","floor":50,"turns":9},{"damage":30,"enemies":"Donu and Deca","floor":51,"turns":12},{"damage":0,"enemies":"Shield and Spear","floor":55,"turns":3},{"damage":62,"enemies":"The Heart","floor":56,"turns":11}],"seed_played":"8588899965962455276","potions_obtained":[{"floor":2.0,"key":"Fruit Juice"},{"floor":13.0,"key":"FocusPotion"},{"floor":20.0,"key":"FairyPotion"},{"floor":22.0,"key":"EntropicBrew"},{"floor":28.0,"key":"FocusPotion"},{"floor":33.0,"key":"Explosive Potion"},{"floor":35.0,"key":"FocusPotion"}],"is_trial":false,"path_per_floor":["M","M","?","M","?","R","E","M","T","E","T","R","M","$","R","B",null,"M","?","M","M","?","R","M","E","T","?","M","E","R","?","R","B",null,"M","?","$","M","M","E","M","M","T","M","$","E","?","E","R","B","B",null,"R","$","E","B",null],"character_chosen":"DEFECT","items_purchased":["Hologram+1","Fire Potion","Mummified Hand","Undo+1","Biased Cognition","Fission+1","Medical Kit","Amplify+1"],"campfire_rested":3,"item_purchase_floors":[14,14,37,37,37,45,54,54],"current_hp_per_floor":[45,41,30,30,19,40,13,13,13,3,3,24,19,24,24,24,63,63,63,63,54,54,54,54,27,27,27,27,22,22,22,22,10,60,60,60,60,60,60,60,60,60,70,70,70,70,70,70,70,54,24,71,86,86,86,24],"gold":47,"neow_bonus":"TRANSFORM_TWO_CARDS","is_prod":false,"is_daily":false,"chose_seed":false,"campfire_upgraded":2,"win_rate":0,"timestamp":1549004659,"path_taken":["M","M","?","M","?","R","E","M","T","E","?","R","M","$","R","BOSS","M","?","M","M","?","R","?","E","T","?","?","E","R","?","R","BOSS","M","?","$","M","M","E","M","M","T","M","$","E","?","E","R","BOSS","BOSS","R","$","E","BOSS"],"build_version":"2019-01-23","purchased_purges":1,"victory":true,"max_hp_per_floor":[71,71,71,71,71,71,71,71,71,71,71,71,71,76,76,76,76,76,76,76,76,76,76,76,76,76,76,76,76,76,76,76,76,76,76,76,76,76,76,76,76,76,86,86,86,86,86,86,86,86,86,86,86,86,86,86],"card_choices":[{"not_picked":["Streamline","Conserve Battery"],"picked":"Ball Lightning","floor":1.0},{"not_picked":["Compile Driver","Leap","Steam"],"picked":"SKIP","floor":2.0},{"not_picked":["Redo","Force Field","Leap"],"picked":"SKIP","floor":4.0},{"not_picked":["Core Surge","Beam Cell"],"picked":"Fission","floor":7.0},{"not_picked":["Melter","Go for the Eyes"],"picked":"Ball Lightning","floor":8.0},{"not_picked":["Streamline","Sunder"],"picked":"Steam+1","floor":10.0},{"not_picked":["Turbo+1","Auto Shields+1"],"picked":"Cold Snap","floor":13.0},{"not_picked":["Thunder Strike","Machine Learning"],"picked":"Biased Cognition","floor":16.0},{"not_picked":["Heatsinks","Streamline"],"picked":"Capacitor+1","floor":18.0},{"not_picked":["Sunder","Recycle+1"],"picked":"Coolheaded+1","floor":20.0},{"not_picked":["Rebound","Gash"],"picked":"Fission+1","floor":21.0},{"not_picked":["Sweeping Beam","Lockon"],"picked":"Steam+1","floor":24.0},{"not_picked":["Barrage","Auto Shields+1","Stack+1"],"picked":"SKIP","floor":25.0},{"not_picked":["Streamline","Rip and Tear"],"picked":"Conserve Battery+1","floor":28.0},{"not_picked":["Steam Power+1","Self Repair"],"picked":"Gash","floor":29.0},{"not_picked":["Stack+1","Redo+1"],"picked":"Turbo+1","floor":31.0},{"not_picked":["Machine Learning","All For One"],"picked":"Fission+1","floor":33.0},{"not_picked":["Redo+1","Compile Driver+1"],"picked":"Coolheaded+1","floor":35.0},{"not_picked":["Coolheaded+1","Streamline","Aggregate+1"],"picked":"SKIP","floor":38.0},{"not_picked":["Steam Power+1","Lockon"],"picked":"Heatsinks","floor":39.0},{"not_picked":["Darkness+1","Scrape"],"picked":"Capacitor","floor":40},{"not_picked":["Stack+1","Undo+1","Hologram+1"],"picked":"SKIP","floor":41},{"not_picked":["Coolheaded+1","Beam Cell"],"picked":"Glacier+1","floor":42},{"not_picked":["Reprogram+1","Aggregate+1","Redo+1"],"picked":"SKIP","floor":44},{"not_picked":["Chill+1","Cold Snap"],"picked":"Electrodynamics","floor":46},{"not_picked":["Auto Shields+1","Multi-Cast+1","Cold Snap"],"picked":"SKIP","floor":48},{"not_picked":["Auto Shields+1","Go for the Eyes","Cold Snap"],"picked":"SKIP","floor":55}],"player_experience":1050166,"relics_obtained":[{"floor":7.0,"key":"Toxic Egg 2"},{"floor":10.0,"key":"Shovel"},{"floor":11.0,"key":"Girya"},{"floor":25.0,"key":"Gremlin Horn"},{"floor":26.0,"key":"Bottled Lightning"},{"floor":29.0,"key":"FossilizedHelix"},{"floor":30.0,"key":"Turnip"},{"floor":31.0,"key":"Red Mask"},{"floor":32.0,"key":"Symbiotic Virus"},{"floor":40,"key":"Calipers"},{"floor":43,"key":"Pear"},{"floor":46,"key":"The Courier"},{"floor":47,"key":"Nunchaku"},{"floor":48,"key":"Ornamental Fan"},{"floor":55,"key":"Orichalcum"}],"event_choices":[{"damage_healed":0.0,"max_hp_gain":0.0,"max_hp_loss":0.0,"gold_gain":75.0,"event_name":"World of Goop","player_choice":"Gather Gold","floor":3.0,"gold_loss":0.0,"damage_taken":11.0},{"damage_healed":0.0,"max_hp_gain":0.0,"max_hp_loss":0.0,"gold_gain":0.0,"event_name":"Scrap Ooze","player_choice":"Success","floor":5.0,"gold_loss":0.0,"damage_taken":11.0,"relics_obtained":["Unceasing Top"]},{"damage_healed":0.0,"max_hp_gain":0.0,"max_hp_loss":0.0,"gold_gain":0.0,"event_name":"Back to Basics","player_choice":"Simplicity","floor":19.0,"gold_loss":0.0,"damage_taken":0.0,"cards_upgraded":["Strike_B","Defend_B","Defend_B","Defend_B","Defend_B"]},{"damage_healed":0.0,"max_hp_gain":0.0,"max_hp_loss":0.0,"gold_gain":0.0,"event_name":"The Woman in Blue","player_choice":"Bought 3 Potions","floor":22.0,"gold_loss":0.0,"damage_taken":0.0},{"damage_healed":0.0,"max_hp_gain":0.0,"max_hp_loss":0.0,"gold_gain":0.0,"event_name":"Upgrade Shrine","player_choice":"Upgraded","floor":27.0,"gold_loss":0.0,"damage_taken":0.0,"cards_upgraded":["Dualcast"]},{"damage_healed":0.0,"max_hp_gain":0.0,"max_hp_loss":0.0,"gold_gain":0.0,"event_name":"Masked Bandits","player_choice":"Fought Bandits","floor":31.0,"gold_loss":0.0,"damage_taken":0.0},{"damage_healed":0.0,"max_hp_gain":0.0,"max_hp_loss":0.0,"gold_gain":222.0,"event_name":"Tomb of Lord Red Mask","player_choice":"Wore Mask","floor":36.0,"gold_loss":0.0,"damage_taken":0.0},{"damage_healed":0,"gold_gain":0,"player_choice":"Fight","damage_taken":0,"max_hp_gain":0,"max_hp_loss":0,"event_name":"MindBloom","floor":47,"gold_loss":0}],"is_beta":true,"boss_relics":[{"not_picked":["White Beast Statue","Coffee Dripper"],"picked":"Nuclear Battery"},{"not_picked":["Tiny House","Runic Pyramid"],"picked":"Astrolabe"}],"items_purged_floors":[14],"is_endless":false,"potions_floor_spawned":[2,13,20,24,28,33,35,40,41,47],"ascension_level":20}