{"gold_per_floor":[115,115,115,14,24,24,37,37,64,89,251,263,94,122,122,195,195,195],"floor_reached":18,"playtime":383,"items_purged":["Strike_B","Doubt"],"score":412,"play_id":"cc201c63-3c28-4b04-95c0-1f41f913281c","local_time":"20190410213900","is_ascension_mode":true,"campfire_choices":[{"data":"Zap","floor":6.0,"key":"SMITH"},{"data":"Coolheaded","floor":8.0,"key":"SMITH"},{"data":"Beam Cell","floor":15,"key":"SMITH"}],"neow_cost":"NONE","seed_source_timestamp":17348251801601,"circlet_count":0,"master_deck":["AscendersBane","Strike_B","Defend_B","Defend_B","Defend_B","Defend_B","Zap+1","Dualcast","All For One","Beam Cell+1","Ball Lightning","Cold Snap","Coolheaded+1","Streamline","Steam","Turbo","Creative AI"],"special_seed":0,"relics":["Cracked Core","Art of War","MawBank","Anchor","Sozu"],"potions_floor_usage":[16],"damage_taken":[{"damage":7.0,"enemies":"Jaw Worm","floor":1.0,"turns":3.0},{"damage":10.0,"enemies":"Small Slimes","floor":5.0,"turns":2.0},{"damage":0.0,"enemies":"2 Louse","floor":7.0,"turns":2.0},{"damage":10,"enemies":"Lagavulin","floor":14,"turns":5},{"damage":0,"enemies":"Slime Boss","floor":16,"turns":4},{"damage":0,"enemies":"3 Byrds","floor":18,"turns":2}],"seed_played":"2258932983179807303","potions_obtained":[{"floor":5.0,"key":"Dexterity Potion"},{"floor":7.0,"key":"GamblersBrew"},{"floor":16,"key":"FearPotion"}],"is_trial":false,"path_per_floor":["M","?","?","$","M","R","M","R","T","T","?","?","$","E","R","B",null,"M"],"character_chosen":"DEFECT","items_purchased":["Ball Lightning","Streamline","Steam"],"campfire_rested":0,"item_purchase_floors":[4,13,13],"current_hp_per_floor":[57,57,50,50,40,40,40,40,40,40,40,45,45,35,35,35,66,66],"gold":195,"neow_bonus":"ONE_RANDOM_RARE_CARD","is_prod":false,"is_daily":false,"chose_seed":false,"campfire_upgraded":3,"win_rate":0,"timestamp":1554957540,"path_taken":["M","?","?","$","M","R","M","R","T","?","?","?","$","E","R","BOSS","M"],"build_version":"2019-04-04","purchased_purges":2,"victory":false,"max_hp_per_floor":[71,71,71,71,71,71,71,71,71,71,71,76,76,76,76,76,76,76],"card_choices":[{"not_picked":["Leap","Barrage"],"picked":"Beam Cell","floor":1.0},{"not_picked":["Leap","Rebound"],"picked":"Cold Snap","floor":5.0},{"not_picked":["Consume","Scrape"],"picked":"Coolheaded","floor":7.0},{"not_picked":["Multi-Cast","Double Energy"],"picked":"Turbo","floor":14},{"not_picked":["Multi-Cast","Buffer"],"picked":"Creative AI","floor":16}],"player_experience":1399168,"relics_obtained":[{"floor":9.0,"key":"Art of War"},{"floor":10.0,"key":"MawBank"},{"floor":14,"key":"Anchor"}],"event_choices":[{"cards_removed":["Strike_B"],"damage_healed":0.0,"max_hp_gain":0.0,"max_hp_loss":0.0,"gold_gain":0.0,"event_name":"Living Wall","player_choice":"Forget","floor":2.0,"gold_loss":0.0,"damage_taken":0.0},{"cards_removed":["Strike_B"],"damage_healed":0.0,"max_hp_gain":0.0,"max_hp_loss":0.0,"gold_gain":0.0,"event_name":"Golden Wing","player_choice":"Card Removal","floor":3.0,"gold_loss":0.0,"damage_taken":7.0},{"damage_healed":0.0,"max_hp_gain":0.0,"max_hp_loss":0.0,"gold_gain":150.0,"event_name":"Liars Game","player_choice":"AGREE","floor":11.0,"gold_loss":0.0,"damage_taken":0.0,"cards_obtained":["Doubt"]},{"damage_healed":0.0,"max_hp_gain":5.0,"max_hp_loss":0.0,"gold_gain":0.0,"event_name":"Big Fish","player_choice":"Donut","floor":12.0,"gold_loss":0.0,"damage_taken":0.0}],"is_beta":true,"boss_relics":[{"not_picked":["Tiny House","Empty Cage"],"picked":"Sozu"}],"items_purged_floors":[4,13],"is_endless":false,"potions_floor_spawned":[5,7,16],"killed_by":"3 Byrds","ascension_level":20}