{"gold_per_floor":[219,235,247,262,412,412,447,447,447,118,118,144,144,169,169,246,246,256,256,223,123,138,170,205,217,217,233,233,233,247,297,297,376,376,393,393,409,420,21,50,70,70,70,95,95,124,124,136,136,136,136,136,34,60,60],"floor_reached":56,"playtime":3136,"items_purged":["Doubt","Strike_B"],"score":2244,"play_id":"36113c0c-86a7-4b04-a801-cf6c8ba5290b","local_time":"20190312231935","is_ascension_mode":true,"campfire_choices":[{"data":"Sweeping Beam","floor":6.0,"key":"SMITH"},{"data":"Zap","floor":8.0,"key":"SMITH"},{"data":"Consume","floor":11.0,"key":"SMITH"},{"data":"Capacitor","floor":15.0,"key":"SMITH"},{"floor":28.0,"key":"REST"},{"data":"Loop","floor":32.0,"key":"SMITH"},{"floor":47.0,"key":"RECALL"},{"data":"Biased Cognition","floor":49.0,"key":"SMITH"},{"data":"Seek","floor":52.0,"key":"SMITH"}],"neow_cost":"NONE","seed_source_timestamp":0,"circlet_count":0,"master_deck":["AscendersBane","Strike_B","Strike_B","Strike_B","Defend_B","Defend_B","Defend_B","Defend_B","Zap+1","Dualcast","BootSequence","Coolheaded","Echo Form","Sweeping Beam+1","Cold Snap","Consume+1","Capacitor+1","Chill","Blizzard+1","Coolheaded","Steam+1","Loop+1","Self Repair","Biased Cognition+1","Coolheaded+1","Rainbow","Seek+1","Ball Lightning","Consume","Panacea","Dark Shackles","Glacier"],"special_seed":0,"relics":["Cracked Core","Strawberry","Oddly Smooth Stone","Cables","Ornamental Fan","Blood Vial","Inserter","Bag of Preparation","Red Mask","Sundial","Sozu","Membership Card","Frozen Egg 2","Torii","Dodecahedron","Ice Cream","OrangePellets","Boot"],"potions_floor_usage":[55,55],"damage_taken":[{"damage":0.0,"enemies":"Cultist","floor":1.0,"turns":4.0},{"damage":0.0,"enemies":"2 Louse","floor":2.0,"turns":2.0},{"damage":5.0,"enemies":"Jaw Worm","floor":3.0,"turns":3.0},{"damage":7.0,"enemies":"Blue Slaver","floor":4.0,"turns":5.0},{"damage":16.0,"enemies":"Gremlin Nob","floor":7.0,"turns":3.0},{"damage":0.0,"enemies":"Lagavulin","floor":12.0,"turns":6.0},{"damage":10.0,"enemies":"3 Sentries","floor":14.0,"turns":8.0},{"damage":0.0,"enemies":"Hexaghost","floor":16.0,"turns":11.0},{"damage":5.0,"enemies":"Spheric Guardian","floor":18.0,"turns":7.0},{"damage":13.0,"enemies":"2 Thieves","floor":20.0,"turns":5.0},{"damage":9.0,"enemies":"Centurion and Healer","floor":22.0,"turns":11.0},{"damage":9.0,"enemies":"Book of Stabbing","floor":23.0,"turns":10.0},{"damage":22.0,"enemies":"Masked Bandits","floor":24.0,"turns":5.0},{"damage":2.0,"enemies":"Snake Plant","floor":25.0,"turns":6.0},{"damage":8.0,"enemies":"Snecko","floor":27.0,"turns":12.0},{"damage":26.0,"enemies":"Cultist and Chosen","floor":30.0,"turns":8.0},{"damage":2.0,"enemies":"Champ","floor":33.0,"turns":15.0},{"damage":0.0,"enemies":"3 Shapes","floor":35.0,"turns":7.0},{"damage":9.0,"enemies":"3 Darklings","floor":37.0,"turns":6.0},{"damage":1.0,"enemies":"Transient","floor":38.0,"turns":5.0},{"damage":0.0,"enemies":"Giant Head","floor":40.0,"turns":8.0},{"damage":0.0,"enemies":"Jaw Worm Horde","floor":41.0,"turns":4.0},{"damage":0.0,"enemies":"Nemesis","floor":44.0,"turns":9.0},{"damage":0.0,"enemies":"Giant Head","floor":46.0,"turns":9.0},{"damage":1.0,"enemies":"Writhing Mass","floor":48.0,"turns":10.0},{"damage":9.0,"enemies":"Awakened One","floor":50.0,"turns":14.0},{"damage":2.0,"enemies":"Shield and Spear","floor":54.0,"turns":9.0},{"damage":27,"enemies":"The Heart","floor":55,"turns":12}],"seed_played":"-79701191532828773","potions_obtained":[{"floor":1.0,"key":"FearPotion"},{"floor":4.0,"key":"Poison Potion"},{"floor":12.0,"key":"EntropicBrew"},{"floor":19.0,"key":"Ancient Potion"},{"floor":22.0,"key":"Dexterity Potion"},{"floor":27.0,"key":"PowerPotion"}],"is_trial":false,"path_per_floor":["M","M","M","M","?","R","E","R","T","$","R","E","T","E","R","B",null,"M","?","M","$","M","E","?","M","T","M","R","?","M","?","R","B",null,"M","?","M","M","$","E","M","?","T","E","?","E","R","M","R","B",null,"R","$","E","B",null],"character_chosen":"DEFECT","items_purchased":["Consume","Capacitor","Chill","Blizzard","Membership Card","Seek","Frozen Egg 2","Ball Lightning","OrangePellets"],"campfire_rested":1,"item_purchase_floors":[10,10,10,10,39,39,39,39,53],"current_hp_per_floor":[64,64,59,52,52,52,43,43,43,43,43,43,43,33,33,35,67,64,64,53,53,46,39,19,19,19,13,36,36,12,12,12,26,65,74,74,78,78,78,78,78,68,68,78,78,78,78,78,78,76,78,78,78,78,51],"gold":60,"neow_bonus":"HUNDRED_GOLD","is_prod":false,"is_daily":false,"chose_seed":false,"campfire_upgraded":7,"win_rate":0,"timestamp":1552457975,"path_taken":["M","M","?","?","?","R","E","R","T","$","R","E","?","E","R","BOSS","M","?","?","$","M","E","?","M","T","M","R","?","?","?","R","BOSS","M","?","?","M","$","E","M","?","T","E","?","E","R","M","R","BOSS","R","$","E","BOSS"],"build_version":"2019-02-06","purchased_purges":2,"victory":true,"max_hp_per_floor":[71,71,71,71,71,71,78,78,78,78,78,78,78,78,78,78,78,78,78,78,78,78,78,78,78,78,78,78,78,78,78,78,78,78,78,78,78,78,78,78,78,78,78,78,78,78,78,78,78,78,78,78,78,78,78],"card_choices":[{"not_picked":["Recycle","Gash"],"picked":"BootSequence","floor":1.0},{"not_picked":["Barrage","Beam Cell"],"picked":"Coolheaded","floor":2.0},{"not_picked":["Coolheaded","Static Discharge"],"picked":"Echo Form","floor":3.0},{"not_picked":["Turbo","Compile Driver"],"picked":"Sweeping Beam","floor":4.0},{"not_picked":["Redo","Sweeping Beam"],"picked":"Cold Snap","floor":7.0},{"not_picked":["Compile Driver","Turbo"],"picked":"Coolheaded","floor":12.0},{"not_picked":["Sweeping Beam","Storm","Sunder"],"picked":"SKIP","floor":14.0},{"not_picked":["Auto Shields","Gash","Leap"],"picked":"SKIP","floor":18.0},{"not_picked":["Steam","Gash+1","Rip and Tear"],"picked":"SKIP","floor":20.0},{"not_picked":["Turbo","Heatsinks"],"picked":"Steam+1","floor":22.0},{"not_picked":["Tempest","Skim"],"picked":"Loop","floor":23.0},{"not_picked":["Steam","Redo","Conserve Battery"],"picked":"SKIP","floor":25.0},{"not_picked":["Go for the Eyes","Storm","Gash"],"picked":"SKIP","floor":27.0},{"not_picked":["Go for the Eyes","Storm","Gash"],"picked":"SKIP","floor":27.0},{"not_picked":["Darkness","Auto Shields"],"picked":"Self Repair","floor":30.0},{"not_picked":["Rainbow","Reboot"],"picked":"Biased Cognition","floor":33.0},{"not_picked":["Barrage","Leap+1"],"picked":"Coolheaded+1","floor":35.0},{"not_picked":["Reinforced Body","Aggregate","Sweeping Beam"],"picked":"SKIP","floor":37.0},{"not_picked":["Beam Cell+1","Redo","Gash"],"picked":"SKIP","floor":38.0},{"not_picked":["Steam+1","Conserve Battery","Ball Lightning+1"],"picked":"SKIP","floor":40.0},{"not_picked":["Barrage+1","Go for the Eyes"],"picked":"Consume","floor":41.0},{"not_picked":["Dramatic Entrance","Jack Of All Trades"],"picked":"Panacea","floor":42.0},{"not_picked":["Mind Blast","Mayhem+1"],"picked":"Dark Shackles","floor":42.0},{"not_picked":["Aggregate+1","Fusion+1"],"picked":"Glacier","floor":44.0},{"not_picked":["Genetic Algorithm+1","Go for the Eyes","Gash"],"picked":"SKIP","floor":46.0},{"not_picked":["Steam+1","Beam Cell","Compile Driver"],"picked":"SKIP","floor":48.0},{"not_picked":["Go for the Eyes","Beam Cell+1","Rip and Tear"],"picked":"SKIP","floor":54.0}],"player_experience":1353838,"relics_obtained":[{"floor":7.0,"key":"Strawberry"},{"floor":9.0,"key":"Oddly Smooth Stone"},{"floor":12.0,"key":"Cables"},{"floor":13.0,"key":"Ornamental Fan"},{"floor":14.0,"key":"Blood Vial"},{"floor":23.0,"key":"Bag of Preparation"},{"floor":24.0,"key":"Red Mask"},{"floor":26.0,"key":"Sundial"},{"floor":40.0,"key":"Torii"},{"floor":44.0,"key":"Dodecahedron"},{"floor":46.0,"key":"Ice Cream"},{"floor":54.0,"key":"Boot"}],"event_choices":[{"damage_healed":0.0,"max_hp_gain":0.0,"max_hp_loss":0.0,"gold_gain":150.0,"event_name":"Liars Game","player_choice":"AGREE","floor":5.0,"gold_loss":0.0,"damage_taken":0.0,"cards_obtained":["Doubt"]},{"damage_healed":0.0,"max_hp_gain":0.0,"max_hp_loss":0.0,"gold_gain":0.0,"event_name":"Lab","player_choice":"Got Potions","floor":19.0,"gold_loss":0.0,"damage_taken":0.0},{"damage_healed":0.0,"max_hp_gain":0.0,"max_hp_loss":0.0,"gold_gain":0.0,"event_name":"Masked Bandits","player_choice":"Fought Bandits","floor":24.0,"gold_loss":0.0,"damage_taken":0.0},{"damage_healed":0.0,"max_hp_gain":0.0,"max_hp_loss":0.0,"gold_gain":0.0,"event_name":"Match and Keep!","player_choice":"0 cards matched","floor":29.0,"gold_loss":0.0,"damage_taken":0.0,"cards_obtained":[]},{"damage_healed":0.0,"max_hp_gain":0.0,"max_hp_loss":0.0,"gold_gain":50.0,"event_name":"Nest","player_choice":"Stole From Cult","floor":31.0,"gold_loss":0.0,"damage_taken":0.0},{"damage_healed":0.0,"max_hp_gain":0.0,"max_hp_loss":0.0,"gold_gain":0.0,"event_name":"Match and Keep!","player_choice":"1 cards matched","floor":36.0,"gold_loss":0.0,"damage_taken":0.0,"cards_obtained":["Rainbow"]},{"damage_healed":0.0,"max_hp_gain":0.0,"max_hp_loss":0.0,"gold_gain":0.0,"event_name":"SensoryStone","player_choice":"Memory 3","floor":42.0,"gold_loss":0.0,"damage_taken":10.0},{"damage_healed":0.0,"max_hp_gain":0.0,"max_hp_loss":0.0,"gold_gain":0.0,"event_name":"Upgrade Shrine","player_choice":"Upgraded","floor":45.0,"gold_loss":0.0,"damage_taken":0.0,"cards_upgraded":["Blizzard"]}],"is_beta":true,"boss_relics":[{"not_picked":["Fusion Hammer","Philosopher\u0027s Stone"],"picked":"Inserter"},{"not_picked":["Calling Bell","Runic Pyramid"],"picked":"Sozu"}],"items_purged_floors":[10,21],"is_endless":false,"potions_floor_spawned":[1,4,12,22,24,27,30,33,37,41,48],"ascension_level":15}