{"gold_per_floor":[367,386,179,179,179,179,208,220,220,251,251,262,34,54,54,128,128,141,63,63,73,73,103,103,113,137,151,169,228,16,30,30,105,105,115,128,141,168,5,35,35,35,61,61,90,90,118,134,134,134,134,134,134,28,55,55],"floor_reached":57,"playtime":5885,"items_purged":["Strike_B","Strike_B","Strike_B"],"score":2905,"play_id":"fe8d06bd-8746-4c7a-a165-1287d6904b51","local_time":"20190201234538","is_ascension_mode":true,"campfire_choices":[{"data":"Zap","floor":6.0,"key":"SMITH"},{"data":"Genetic Algorithm","floor":11.0,"key":"SMITH"},{"floor":15.0,"key":"DIG"},{"data":"Coolheaded","floor":24.0,"key":"SMITH"},{"floor":32.0,"key":"DIG"},{"floor":42.0,"key":"RECALL"},{"floor":46.0,"key":"REST"},{"data":"Thunder Strike","floor":49.0,"key":"SMITH"},{"floor":53.0,"key":"REST"}],"neow_cost":"TEN_PERCENT_HP_LOSS","seed_source_timestamp":873900442508408,"circlet_count":0,"master_deck":["AscendersBane","Zap+1","Dualcast","Ball Lightning","Cold Snap","Coolheaded+1","Coolheaded","Undo","Genetic Algorithm+1","Static Discharge+1","Ball Lightning","Genetic Algorithm","Creative AI+1","Turbo+1","Self Repair+1","Consume+1","Hologram+1","Hologram+1","Skim+1","Electrodynamics+1","Buffer+1","Darkness+1","Hologram+1","Machine Learning+1","Doom and Gloom","Hologram+1","Thunder Strike+1","Seek+1","Hologram+1","Hologram+1","Undo+1"],"special_seed":0,"relics":["Cracked Core","Frozen Egg 2","Shovel","Incense Burner","Orichalcum","Toxic Egg 2","Snecko Eye","Pear","DataDisk","Tiny Chest","Cables","Pandora\u0027s Box","Shuriken","Vajra","Pen Nib","Blood Vial","Happy Flower"],"potions_floor_usage":[56],"damage_taken":[{"damage":7.0,"enemies":"Jaw Worm","floor":1.0,"turns":4.0},{"damage":6.0,"enemies":"Small Slimes","floor":2.0,"turns":4.0},{"damage":26.0,"enemies":"Gremlin Nob","floor":7.0,"turns":4.0},{"damage":0.0,"enemies":"Cultist","floor":8.0,"turns":3.0},{"damage":9.0,"enemies":"Lagavulin","floor":10.0,"turns":7.0},{"damage":0.0,"enemies":"Blue Slaver","floor":12.0,"turns":4.0},{"damage":11.0,"enemies":"Gremlin Gang","floor":14.0,"turns":3.0},{"damage":4.0,"enemies":"The Guardian","floor":16.0,"turns":12.0},{"damage":7.0,"enemies":"Chosen","floor":18.0,"turns":6.0},{"damage":6.0,"enemies":"Spheric Guardian","floor":21.0,"turns":15.0},{"damage":37.0,"enemies":"Slavers","floor":23.0,"turns":5.0},{"damage":8.0,"enemies":"Snake Plant","floor":25.0,"turns":11.0},{"damage":0.0,"enemies":"Cultist and Chosen","floor":27.0,"turns":11.0},{"damage":9.0,"enemies":"Shelled Parasite and Fungi","floor":28.0,"turns":37.0},{"damage":33.0,"enemies":"Book of Stabbing","floor":29.0,"turns":7.0},{"damage":4.0,"enemies":"3 Cultists","floor":31.0,"turns":5.0},{"damage":39.0,"enemies":"Automaton","floor":33.0,"turns":10.0},{"damage":2.0,"enemies":"3 Shapes","floor":35.0,"turns":26.0},{"damage":11.0,"enemies":"Orb Walker","floor":36.0,"turns":3.0},{"damage":0.0,"enemies":"Spire Growth","floor":37.0,"turns":9.0},{"damage":22.0,"enemies":"Nemesis","floor":40.0,"turns":11.0},{"damage":40.0,"enemies":"Reptomancer","floor":45.0,"turns":5.0},{"damage":1.0,"enemies":"Giant Head","floor":47.0,"turns":8.0},{"damage":3.0,"enemies":"Sphere and 2 Shapes","floor":48.0,"turns":5.0},{"damage":0.0,"enemies":"Donu and Deca","floor":50.0,"turns":10.0},{"damage":51.0,"enemies":"Awakened One","floor":51.0,"turns":22.0},{"damage":16.0,"enemies":"Shield and Spear","floor":55.0,"turns":12.0},{"damage":35,"enemies":"The Heart","floor":56,"turns":9}],"seed_played":"-3662309405000697547","potions_obtained":[{"floor":7.0,"key":"Energy Potion"},{"floor":8.0,"key":"Strength Potion"},{"floor":16.0,"key":"FocusPotion"},{"floor":28.0,"key":"AttackPotion"},{"floor":33.0,"key":"SteroidPotion"},{"floor":36.0,"key":"Block Potion"},{"floor":37.0,"key":"Fire Potion"},{"floor":40.0,"key":"PowerPotion"},{"floor":47.0,"key":"AttackPotion"}],"is_trial":false,"path_per_floor":["M","M","$","?","?","R","E","M","T","E","R","M","$","M","R","B",null,"M","$","?","M","?","E","R","M","T","M","M","E","$","M","R","B",null,"M","M","M","T","$","E","$","R","T","?","E","R","E","M","R","B","B",null,"R","$","E","B",null],"character_chosen":"DEFECT","items_purchased":["Ball Lightning","Cold Snap","Coolheaded","Static Discharge+1","Ball Lightning","Self Repair+1","Skim+1","Thunder Strike","Dexterity Potion","Swift Potion"],"campfire_rested":2,"item_purchase_floors":[3,3,3,13,13,19,30,39,54,54],"current_hp_per_floor":[57,51,51,56,56,56,30,30,30,21,21,21,21,10,10,6,53,46,46,46,60,56,39,39,41,41,61,72,49,49,45,45,16,63,79,68,78,78,78,76,76,76,76,76,36,59,78,79,79,79,38,69,79,79,63,30],"gold":55,"neow_bonus":"TWO_FIFTY_GOLD","is_prod":false,"is_daily":false,"chose_seed":false,"campfire_upgraded":4,"win_rate":0,"timestamp":1549093538,"path_taken":["M","M","$","?","?","R","E","M","T","E","R","M","$","?","R","BOSS","M","$","?","?","?","E","R","?","T","M","M","E","$","M","R","BOSS","M","M","M","?","$","E","$","R","T","?","E","R","E","?","R","BOSS","BOSS","R","$","E","BOSS"],"build_version":"2019-01-23","purchased_purges":3,"victory":true,"max_hp_per_floor":[64,64,64,69,69,69,69,69,69,69,69,69,69,69,69,69,69,69,69,69,69,69,79,79,79,79,79,79,79,79,79,79,79,79,79,79,79,79,79,79,79,79,79,79,79,79,79,79,79,79,79,79,79,79,79,79],"card_choices":[{"not_picked":["Stack","Compile Driver","Sweeping Beam"],"picked":"SKIP","floor":1.0},{"not_picked":["Go for the Eyes","Scrape"],"picked":"Sweeping Beam","floor":2.0},{"not_picked":["Sweeping Beam","Redo"],"picked":"Coolheaded","floor":7.0},{"not_picked":["Force Field","Skim"],"picked":"Undo","floor":8.0},{"not_picked":["Thunder Strike","Gash"],"picked":"Genetic Algorithm","floor":10.0},{"not_picked":["Go for the Eyes","Chill","Beam Cell"],"picked":"SKIP","floor":12.0},{"not_picked":["Streamline","Ball Lightning"],"picked":"Genetic Algorithm","floor":14.0},{"not_picked":["Multi-Cast+1","Buffer+1"],"picked":"Creative AI+1","floor":16.0},{"not_picked":["Coolheaded+1","Beam Cell"],"picked":"Turbo+1","floor":18.0},{"not_picked":["Storm+1","Rebound"],"picked":"Consume+1","floor":21.0},{"not_picked":["Storm+1","Rainbow+1"],"picked":"Hologram+1","floor":23.0},{"not_picked":["Streamline","Cold Snap"],"picked":"Hologram+1","floor":25.0},{"not_picked":["Coolheaded+1","Lockon","Cold Snap"],"picked":"SKIP","floor":27.0},{"not_picked":["Auto Shields+1","Self Repair+1","Streamline"],"picked":"SKIP","floor":28.0},{"not_picked":["BootSequence+1","Turbo+1","Rebound"],"picked":"SKIP","floor":29.0},{"not_picked":["Darkness+1","Cold Snap+1"],"picked":"Electrodynamics+1","floor":31.0},{"not_picked":["Biased Cognition+1","Electrodynamics+1"],"picked":"Buffer+1","floor":33.0},{"not_picked":["Conserve Battery+1","Coolheaded+1","Leap+1"],"picked":"SKIP","floor":35.0},{"not_picked":["Go for the Eyes","Reprogram+1","Turbo+1"],"picked":"SKIP","floor":36.0},{"not_picked":["Leap+1","Gash","Redo+1"],"picked":"SKIP","floor":37.0},{"not_picked":["Conserve Battery+1","Aggregate+1","Stack+1"],"picked":"SKIP","floor":40.0},{"not_picked":["Go for the Eyes","Amplify+1","Turbo+1"],"picked":"SKIP","floor":45.0},{"not_picked":["Auto Shields+1","Steam+1"],"picked":"Hologram+1","floor":47.0},{"not_picked":["Ball Lightning+1","Streamline+1","Conserve Battery+1"],"picked":"SKIP","floor":48.0},{"not_picked":["Rainbow+1","Melter"],"picked":"Undo+1","floor":55.0}],"player_experience":1060964,"relics_obtained":[{"floor":7.0,"key":"Shovel"},{"floor":9.0,"key":"Incense Burner"},{"floor":10.0,"key":"Orichalcum"},{"floor":15.0,"key":"Toxic Egg 2"},{"floor":23.0,"key":"Pear"},{"floor":26.0,"key":"DataDisk"},{"floor":29.0,"key":"Tiny Chest"},{"floor":32.0,"key":"Cables"},{"floor":40.0,"key":"Shuriken"},{"floor":43.0,"key":"Vajra"},{"floor":45.0,"key":"Pen Nib"},{"floor":47.0,"key":"Blood Vial"},{"floor":55.0,"key":"Happy Flower"}],"event_choices":[{"damage_healed":0.0,"max_hp_gain":5.0,"max_hp_loss":0.0,"gold_gain":0.0,"event_name":"Big Fish","player_choice":"Donut","floor":4.0,"gold_loss":0.0,"damage_taken":0.0},{"cards_removed":["Sweeping Beam"],"damage_healed":0.0,"max_hp_gain":0.0,"max_hp_loss":0.0,"gold_gain":0.0,"event_name":"WeMeetAgain","player_choice":"Gave Card","floor":5.0,"gold_loss":0.0,"damage_taken":0.0,"relics_obtained":["Frozen Egg 2"]},{"damage_healed":0.0,"max_hp_gain":0.0,"max_hp_loss":0.0,"gold_gain":0.0,"event_name":"Lab","player_choice":"Got Potions","floor":20.0,"gold_loss":0.0,"damage_taken":0.0},{"damage_healed":0.0,"max_hp_gain":0.0,"max_hp_loss":0.0,"gold_gain":0.0,"event_name":"The Woman in Blue","player_choice":"Bought 0 Potions","floor":22.0,"gold_loss":0.0,"damage_taken":0.0},{"damage_healed":0.0,"max_hp_gain":0.0,"max_hp_loss":0.0,"gold_gain":0.0,"event_name":"Match and Keep!","player_choice":"2 cards matched","floor":44.0,"gold_loss":0.0,"damage_taken":0.0,"cards_obtained":["Seek","Hologram"]}],"is_beta":true,"boss_relics":[{"not_picked":["Lizard Tail","Sozu"],"picked":"Snecko Eye"},{"not_picked":["Astrolabe","Empty Cage"],"picked":"Pandora\u0027s Box"}],"items_purged_floors":[3,13,30],"is_endless":false,"potions_floor_spawned":[7,8,16,18,21,28,33,36,37,40,47],"ascension_level":20}