{"gold_per_floor":[111,261,277,49,59,59,77,112,112,143,158,105,136,150,150,222,222,234,509,522,702,78,78],"floor_reached":23,"playtime":1265,"items_purged":["Doubt","Regret"],"score":422,"play_id":"981814a2-2bef-4d8f-9957-2107b7575d80","local_time":"20181223112701","is_ascension_mode":true,"campfire_choices":[{"data":"Zap","floor":6.0,"key":"SMITH"},{"floor":15,"key":"REST"}],"neow_cost":"PERCENT_DAMAGE","seed_source_timestamp":92353297898435,"circlet_count":0,"master_deck":["AscendersBane","Strike_B","Strike_B","Defend_B","Defend_B","Defend_B+1","Defend_B","Zap+1","Dualcast+1","Chill","Reinforced Body","Self Repair","Cold Snap","Ball Lightning","Capacitor","Hologram","Auto Shields","Sweeping Beam","Blizzard","Streamline","Echo Form"],"special_seed":0,"relics":["Cracked Core","Dream Catcher","Sundial","Gambling Chip","Vajra","Snecko Eye","Bottled Tornado","War Paint"],"potions_floor_usage":[13,16,18,23],"damage_taken":[{"damage":0.0,"enemies":"2 Louse","floor":1.0,"turns":4.0},{"damage":11.0,"enemies":"Cultist","floor":3.0,"turns":5.0},{"damage":9.0,"enemies":"Small Slimes","floor":5.0,"turns":4.0},{"damage":14.0,"enemies":"Exordium Wildlife","floor":7.0,"turns":5.0},{"damage":11.0,"enemies":"3 Sentries","floor":8.0,"turns":7.0},{"damage":16.0,"enemies":"Lagavulin","floor":10.0,"turns":10.0},{"damage":0,"enemies":"Lots of Slimes","floor":11,"turns":5},{"damage":11,"enemies":"Gremlin Nob","floor":13,"turns":4},{"damage":4,"enemies":"Exordium Thugs","floor":14,"turns":4},{"damage":31,"enemies":"Slime Boss","floor":16,"turns":6},{"damage":7,"enemies":"2 Thieves","floor":18,"turns":4},{"damage":16,"enemies":"Chosen","floor":20,"turns":5},{"damage":48,"enemies":"Book of Stabbing","floor":23,"turns":6}],"seed_played":"-5331878865867630755","potions_obtained":[{"floor":1.0,"key":"Strength Potion"},{"floor":8.0,"key":"EssenceOfSteel"},{"floor":11,"key":"Dexterity Potion"},{"floor":13,"key":"AttackPotion"},{"floor":16,"key":"AttackPotion"},{"floor":18,"key":"SteroidPotion"}],"is_trial":false,"path_per_floor":["M","?","M","$","M","R","M","E","T","E","M","$","E","M","R","B",null,"M","?","M","?","$","E"],"character_chosen":"DEFECT","items_purchased":["Ball Lightning","Capacitor","Hologram","Explosive Potion","Bottled Tornado","War Paint","Regen Potion"],"campfire_rested":1,"item_purchase_floors":[4,4,4,12,22,22,22],"current_hp_per_floor":[46,46,42,42,40,40,33,29,29,20,27,27,23,26,47,23,59,59,59,57,36,36,3],"gold":78,"neow_bonus":"TRANSFORM_TWO_CARDS","is_prod":false,"is_daily":false,"chose_seed":false,"campfire_upgraded":1,"win_rate":0,"timestamp":1545593221,"path_taken":["M","?","M","$","M","R","M","E","T","E","M","$","E","M","R","BOSS","M","?","?","?","$","E"],"build_version":"2018-12-20","purchased_purges":2,"victory":false,"max_hp_per_floor":[71,71,71,71,71,71,71,71,71,71,71,71,71,71,71,71,71,71,71,71,71,71,71],"card_choices":[{"not_picked":["Go for the Eyes","Gash"],"picked":"Self Repair","floor":1.0},{"not_picked":["Steam","Rip and Tear"],"picked":"Cold Snap","floor":3.0},{"not_picked":["Leap","Turbo","Static Discharge"],"picked":"SKIP","floor":5.0},{"not_picked":["Multi-Cast","Redo"],"picked":"Auto Shields","floor":7.0},{"not_picked":["Steam Power","Streamline","Hello World"],"picked":"SKIP","floor":8.0},{"not_picked":["Steam","BootSequence"],"picked":"Sweeping Beam","floor":10.0},{"not_picked":["Recycle","Stack","BootSequence"],"picked":"SKIP","floor":11},{"not_picked":["Tempest","Turbo","Chaos"],"picked":"SKIP","floor":13},{"not_picked":["Hologram","Reprogram"],"picked":"Blizzard","floor":14},{"not_picked":["Stack","BootSequence"],"picked":"Streamline","floor":15},{"not_picked":["Multi-Cast","All For One"],"picked":"Echo Form","floor":16},{"not_picked":["Gash","Leap","Barrage"],"picked":"SKIP","floor":18},{"not_picked":["Leap","Sweeping Beam","Rebound"],"picked":"SKIP","floor":20}],"player_experience":969034,"relics_obtained":[{"floor":8.0,"key":"Dream Catcher"},{"floor":9.0,"key":"Sundial"},{"floor":10.0,"key":"Gambling Chip"},{"floor":13,"key":"Vajra"}],"event_choices":[{"damage_healed":0.0,"max_hp_gain":0.0,"max_hp_loss":0.0,"gold_gain":150.0,"event_name":"Liars Game","player_choice":"AGREE","floor":2.0,"gold_loss":0.0,"damage_taken":0.0,"cards_obtained":["Doubt"]},{"damage_healed":0,"gold_gain":275,"player_choice":"Desecrate","damage_taken":0,"max_hp_gain":0,"max_hp_loss":0,"event_name":"Golden Shrine","floor":19,"gold_loss":0,"cards_obtained":["Regret"]},{"damage_healed":0,"gold_gain":180,"player_choice":"GOLD GOLD ","damage_taken":21,"max_hp_gain":0,"max_hp_loss":0,"event_name":"Knowing Skull","floor":21,"potions_obtained":[],"gold_loss":0,"cards_obtained":[]}],"is_beta":true,"boss_relics":[{"not_picked":["Fusion Hammer","Eternal Feather"],"picked":"Snecko Eye"}],"items_purged_floors":[4,22],"is_endless":false,"potions_floor_spawned":[1,8,11,13,16,18],"killed_by":"Book of Stabbing","ascension_level":20}