{"gold_per_floor":[213,213,224,60,60,60,86,86,86,86,114,114,125,150,150,229,229,247,247,34,53,128,128,146,162,189,218,229,248,280,124,124,203,203,213,267,64,79,79],"floor_reached":39,"playtime":2073,"items_purged":["Strike_R","Strike_R"],"score":874,"play_id":"5de12ea3-afce-4f3d-b94d-aea2435e6420","local_time":"20190401021645","is_ascension_mode":true,"campfire_choices":[{"data":"Bash","floor":6.0,"key":"SMITH"},{"data":"Inflame","floor":8.0,"key":"SMITH"},{"data":"Disarm","floor":10.0,"key":"SMITH"},{"floor":12.0,"key":"REST"},{"data":"Demon Form","floor":15.0,"key":"SMITH"},{"data":"Armaments","floor":23.0,"key":"SMITH"},{"floor":32.0,"key":"REST"}],"neow_cost":"NONE","seed_source_timestamp":1588639884196,"circlet_count":0,"master_deck":["AscendersBane","Strike_R","Strike_R+1","Defend_R","Defend_R","Defend_R+1","Defend_R","Bash+1","Rampage","Disarm+1","Inflame+1","Shrug It Off","Headbutt","Sword Boomerang","Demon Form+1","Impervious","Impervious","Armaments+1","Shrug It Off","Disarm","Exhume","Reaper","Dual Wield","Entrench","Shrug It Off","Feel No Pain","True Grit","Entrench"],"special_seed":0,"relics":["Burning Blood","Happy Flower","Turnip","Meat on the Bone","Bag of Marbles","Runic Pyramid","Oddly Smooth Stone","Potion Belt","Orichalcum","Question Card","Orrery","Dead Branch"],"potions_floor_usage":[38],"damage_taken":[{"damage":2.0,"enemies":"Cultist","floor":1.0,"turns":4.0},{"damage":1.0,"enemies":"Small Slimes","floor":3.0,"turns":3.0},{"damage":23.0,"enemies":"Lagavulin","floor":7.0,"turns":7.0},{"damage":32.0,"enemies":"Gremlin Nob","floor":11.0,"turns":4.0},{"damage":1.0,"enemies":"2 Louse","floor":13.0,"turns":3.0},{"damage":13.0,"enemies":"Lagavulin","floor":14.0,"turns":7.0},{"damage":17.0,"enemies":"The Guardian","floor":16.0,"turns":8.0},{"damage":19.0,"enemies":"Spheric Guardian","floor":18.0,"turns":7.0},{"damage":21.0,"enemies":"2 Thieves","floor":21.0,"turns":5.0},{"damage":17.0,"enemies":"Shelled Parasite and Fungi","floor":24.0,"turns":8.0},{"damage":1.0,"enemies":"Snecko","floor":25.0,"turns":5.0},{"damage":56.0,"enemies":"Slavers","floor":27.0,"turns":8.0},{"damage":12.0,"enemies":"Chosen and Byrds","floor":28.0,"turns":7.0},{"damage":8.0,"enemies":"Centurion and Healer","floor":29.0,"turns":5.0},{"damage":9.0,"enemies":"Book of Stabbing","floor":30.0,"turns":8.0},{"damage":46.0,"enemies":"Collector","floor":33.0,"turns":11.0},{"damage":38.0,"enemies":"3 Shapes","floor":35.0,"turns":14.0},{"damage":70.0,"enemies":"2 Orb Walkers","floor":36.0,"turns":6.0},{"damage":39,"enemies":"3 Darklings","floor":38,"turns":9},{"damage":87,"enemies":"Transient","floor":39,"turns":4}],"seed_played":"-2580496230596136001","potions_obtained":[{"floor":1.0,"key":"BloodPotion"},{"floor":7.0,"key":"EssenceOfSteel"},{"floor":16.0,"key":"Swift Potion"},{"floor":24.0,"key":"Regen Potion"},{"floor":28.0,"key":"GamblersBrew"},{"floor":30.0,"key":"Fire Potion"},{"floor":33.0,"key":"Fire Potion"}],"is_trial":false,"path_per_floor":["M","?","M","$","?","R","E","R","T","R","E","R","M","E","R","B",null,"M","?","$","M","T","R","M","M","T","E","M","M","E","$","R","B",null,"M","?","$","M","M"],"character_chosen":"IRONCLAD","items_purchased":["Inflame","Shrug It Off","Armaments","Oddly Smooth Stone","Energy Potion","Feel No Pain","True Grit","EntropicBrew"],"campfire_rested":2,"item_purchase_floors":[4,4,20,20,31,37,37,37],"current_hp_per_floor":[72,49,54,54,54,54,37,37,37,37,18,40,45,50,50,51,69,56,56,56,53,53,53,54,59,59,33,39,49,46,46,68,40,66,65,47,47,75,0],"gold":79,"neow_bonus":"HUNDRED_GOLD","is_prod":false,"is_daily":false,"chose_seed":false,"campfire_upgraded":5,"win_rate":0,"timestamp":1554110205,"path_taken":["M","?","M","$","?","R","E","R","T","R","E","R","M","E","R","BOSS","M","?","$","?","?","R","M","?","T","E","M","M","E","?","R","BOSS","M","?","$","M","M"],"build_version":"2019-03-15","purchased_purges":2,"victory":false,"max_hp_per_floor":[75,75,75,75,75,75,75,75,75,75,75,75,75,75,75,75,75,75,75,75,75,75,75,75,75,75,75,75,75,75,75,75,75,75,75,75,75,75,75],"card_choices":[{"not_picked":["Power Through","Wild Strike"],"picked":"Rampage","floor":1.0},{"not_picked":["Wild Strike","Rage"],"picked":"Disarm","floor":3.0},{"not_picked":["Intimidate","Hemokinesis"],"picked":"Headbutt","floor":7.0},{"not_picked":["Intimidate","Bloodletting","Infernal Blade"],"picked":"SKIP","floor":11.0},{"not_picked":["Armaments","Iron Wave"],"picked":"Sword Boomerang","floor":13.0},{"not_picked":["Second Wind","Flex"],"picked":"Demon Form","floor":14.0},{"not_picked":["Dark Embrace","Bludgeon"],"picked":"Impervious","floor":16.0},{"not_picked":["Thunderclap","Sever Soul","Inflame"],"picked":"SKIP","floor":18.0},{"not_picked":["Thunderclap","Headbutt"],"picked":"Shrug It Off","floor":21.0},{"not_picked":["Heavy Blade","Flex"],"picked":"Disarm","floor":24.0},{"not_picked":["Rampage","Shockwave","Wild Strike"],"picked":"SKIP","floor":25.0},{"not_picked":["Carnage","Clash","Clothesline"],"picked":"SKIP","floor":27.0},{"not_picked":["Pummel","Wild Strike","Flex"],"picked":"SKIP","floor":28.0},{"not_picked":["Entrench","Thunderclap","Wild Strike"],"picked":"SKIP","floor":29.0},{"not_picked":["Cleave","Impervious"],"picked":"Exhume","floor":30.0},{"not_picked":["Barricade","Limit Break","Exhume"],"picked":"Reaper","floor":33.0},{"not_picked":["Searing Blow","Body Slam","Bloodletting"],"picked":"Dual Wield","floor":34.0},{"not_picked":["Rupture","Warcry","Dropkick"],"picked":"Entrench","floor":34.0},{"not_picked":["Pummel","Iron Wave","Clothesline"],"picked":"Shrug It Off","floor":34.0},{"not_picked":["Bludgeon","Wild Strike+1","Clothesline","Combust"],"picked":"SKIP","floor":35.0},{"not_picked":["Warcry","Pommel Strike","Twin Strike"],"picked":"Entrench","floor":38}],"player_experience":1385901,"relics_obtained":[{"floor":7.0,"key":"Happy Flower"},{"floor":9.0,"key":"Turnip"},{"floor":11.0,"key":"Meat on the Bone"},{"floor":14.0,"key":"Bag of Marbles"},{"floor":26.0,"key":"Potion Belt"},{"floor":27.0,"key":"Orichalcum"},{"floor":30.0,"key":"Question Card"},{"floor":36.0,"key":"Dead Branch"}],"event_choices":[{"damage_healed":0.0,"max_hp_gain":0.0,"max_hp_loss":0.0,"gold_gain":0.0,"event_name":"Shining Light","player_choice":"Entered Light","floor":2.0,"gold_loss":0.0,"damage_taken":23.0,"cards_upgraded":["Strike_R","Defend_R"]},{"cards_removed":["Strike_R"],"damage_healed":0.0,"max_hp_gain":0.0,"max_hp_loss":0.0,"gold_gain":0.0,"event_name":"Living Wall","player_choice":"Forget","floor":5.0,"gold_loss":0.0,"damage_taken":0.0},{"damage_healed":0.0,"max_hp_gain":0.0,"max_hp_loss":0.0,"gold_gain":0.0,"event_name":"Duplicator","player_choice":"Copied","floor":19.0,"gold_loss":0.0,"damage_taken":0.0,"cards_obtained":["Impervious"]},{"damage_healed":0.0,"max_hp_gain":0.0,"max_hp_loss":0.0,"gold_gain":0.0,"event_name":"Mysterious Sphere","player_choice":"Fight","floor":36.0,"gold_loss":0.0,"damage_taken":0.0}],"is_beta":true,"boss_relics":[{"not_picked":["Tiny House","Eternal Feather"],"picked":"Runic Pyramid"},{"not_picked":["Black Blood","Calling Bell"],"picked":"Orrery"}],"items_purged_floors":[4,31],"is_endless":false,"potions_floor_spawned":[1,7,16,24,25,28,30,33,35],"killed_by":"Transient","ascension_level":20}