{"gold_per_floor":[111,127,147,163,163,163,183,202,202,220,252,252],"floor_reached":12,"playtime":696,"items_purged":[],"score":84,"play_id":"670e91aa-4629-4c03-a879-4c144ce1c1ff","local_time":"20190421111916","is_ascension_mode":false,"campfire_choices":[{"data":"Beam Cell","floor":6,"key":"SMITH"}],"neow_cost":"NONE","seed_source_timestamp":1004088012698284,"circlet_count":0,"master_deck":["Strike_B","Strike_B","Defend_B","Defend_B","Zap","Dualcast","Stack+1","Tempest+1","Machine Learning+1","Beam Cell+1","Gash","Rebound","Genetic Algorithm","Thunder Strike","Conserve Battery"],"relics":["Astrolabe","Orichalcum","Frozen Egg 2"],"potions_floor_usage":[7,10],"damage_taken":[{"damage":7,"enemies":"Jaw Worm","floor":1,"turns":4},{"damage":0,"enemies":"Cultist","floor":2,"turns":3},{"damage":7,"enemies":"2 Louse","floor":3,"turns":2},{"damage":7,"enemies":"Blue Slaver","floor":4,"turns":3},{"damage":12,"enemies":"Looter","floor":7,"turns":3},{"damage":18,"enemies":"2 Fungi Beasts","floor":8,"turns":3},{"damage":0,"enemies":"3 Louse","floor":10,"turns":2},{"damage":10,"enemies":"Gremlin Nob","floor":11,"turns":3}],"seed_played":"6541160901943582641","potions_obtained":[{"floor":3,"key":"Weak Potion"},{"floor":4,"key":"Explosive Potion"},{"floor":7,"key":"Swift Potion"}],"is_trial":false,"path_per_floor":["M","M","M","M","?","R","M","M","T","M","E","?"],"character_chosen":"DEFECT","items_purchased":[],"campfire_rested":0,"item_purchase_floors":[],"current_hp_per_floor":[68,68,61,54,54,54,42,24,24,24,14,0],"gold":252,"neow_bonus":"BOSS_RELIC","is_prod":false,"is_daily":false,"chose_seed":false,"campfire_upgraded":1,"win_rate":0.0,"timestamp":1555859956,"path_taken":["M","M","M","M","?","R","M","?","T","M","E","?"],"build_version":"2019-01-23","purchased_purges":0,"victory":false,"max_hp_per_floor":[75,75,75,75,75,75,75,75,75,75,75,75],"card_choices":[{"not_picked":["Streamline","Rebound"],"picked":"Beam Cell","floor":1},{"not_picked":["Coolheaded","Sweeping Beam"],"picked":"Gash","floor":2},{"not_picked":["Coolheaded","Beam Cell"],"picked":"Rebound","floor":3},{"not_picked":["Compile Driver","Stack","Redo"],"picked":"SKIP","floor":4},{"not_picked":["Sweeping Beam","Rebound"],"picked":"Genetic Algorithm","floor":7},{"not_picked":["Streamline","Compile Driver","Tempest"],"picked":"SKIP","floor":8},{"not_picked":["Rebound","Cold Snap"],"picked":"Thunder Strike","floor":10},{"not_picked":["White Noise","Redo"],"picked":"Conserve Battery","floor":11}],"player_experience":92574,"relics_obtained":[{"floor":9,"key":"Orichalcum"},{"floor":11,"key":"Frozen Egg 2"}],"event_choices":[{"cards_removed":["Defend_B"],"damage_healed":0,"gold_gain":0,"player_choice":"Offered Basic","damage_taken":0,"max_hp_gain":0,"max_hp_loss":0,"event_name":"Bonfire Elementals","floor":5,"gold_loss":0}],"is_beta":false,"boss_relics":[],"items_purged_floors":[],"is_endless":false,"potions_floor_spawned":[3,4,7],"ascension_level":0}