{"gold_per_floor":[119,44,119,138,138,165,165,65,114,126,166,195,237,265,277,385,397,397,322,322,322,322,322,70,70,70,70,70,70,70,70,70,70],"floor_reached":33,"playtime":1725,"items_purged":["Strike_R","Pain"],"score":366,"play_id":"38950547-a9be-4e29-8083-5d6134a08fc5","local_time":"20190421183227","is_ascension_mode":true,"campfire_choices":[{"data":"Whirlwind","floor":7,"key":"SMITH"},{"data":"Disarm","floor":10,"key":"SMITH"},{"data":"Combust","floor":15,"key":"SMITH"},{"floor":25,"key":"REST"},{"floor":32,"key":"DIG"}],"neow_cost":"NONE","seed_source_timestamp":452112470767388,"circlet_count":0,"master_deck":["Defend_R","Defend_R","Defend_R","Defend_R","Bash","Cleave","Whirlwind+1","Disarm+1","Ghostly Armor","Shrug It Off","Combust+1","Juggernaut","Rage+1","Fire Breathing","Corruption","Seeing Red","Rampage","Entrench+1","Bite","Bite","Bite","Bite","Bite","Ghostly+1","Ghostly+1","Ghostly+1","Ghostly+1","Ghostly+1"],"relics":["Burning Blood","WarpedTongs","Juzu Bracelet","MawBank","Orichalcum","Odd Mushroom","Ectoplasm","MutagenicStrength","Dream Catcher","Question Card","Matryoshka","Kunai","Toxic Egg 2","Red Mask","Darkstone Periapt","Shovel","Sundial","Blue Candle"],"potions_floor_usage":[16,33,33,33],"damage_taken":[{"damage":11,"enemies":"Small Slimes","floor":1,"turns":4},{"damage":3,"enemies":"2 Louse","floor":4,"turns":3},{"damage":13,"enemies":"3 Sentries","floor":6,"turns":4},{"damage":9,"enemies":"Lagavulin","floor":11,"turns":7},{"damage":0,"enemies":"Cultist","floor":12,"turns":3},{"damage":3,"enemies":"The Mushroom Lair","floor":13,"turns":2},{"damage":10,"enemies":"Exordium Wildlife","floor":14,"turns":2},{"damage":31,"enemies":"Slime Boss","floor":16,"turns":7},{"damage":0,"enemies":"3 Byrds","floor":18,"turns":2},{"damage":13,"enemies":"Shell Parasite","floor":20,"turns":6},{"damage":59,"enemies":"Slavers","floor":23,"turns":6},{"damage":0,"enemies":"Masked Bandits","floor":27,"turns":1},{"damage":18,"enemies":"Colosseum Slavers","floor":28,"turns":3},{"damage":9,"enemies":"Colosseum Nobs","floor":28,"turns":3},{"damage":11,"enemies":"Gremlin Leader","floor":31,"turns":6},{"damage":41,"enemies":"Automaton","floor":33,"turns":6}],"seed_played":"-6460658483520596198","potions_obtained":[{"floor":4,"key":"EssenceOfSteel"},{"floor":6,"key":"Poison Potion"},{"floor":13,"key":"GamblersBrew"},{"floor":16,"key":"Poison Potion"},{"floor":18,"key":"Poison Potion"}],"is_trial":false,"path_per_floor":["M","$","?","M","?","E","R","$","T","R","E","M","?","M","R","B",null,"M","?","M","?","T","E","$","R","T","?","?","?","?","E","R","B"],"character_chosen":"IRONCLAD","items_purchased":["Matryoshka"],"campfire_rested":1,"item_purchase_floors":[24],"current_hp_per_floor":[75,75,64,67,67,60,60,60,60,60,57,63,66,62,62,37,80,80,80,73,73,73,20,20,44,44,50,35,35,28,28,28,0],"gold":70,"neow_bonus":"THREE_CARDS","is_prod":false,"is_daily":false,"chose_seed":false,"campfire_upgraded":3,"win_rate":0,"timestamp":1555851747,"path_taken":["M","$","?","M","?","E","R","$","T","R","E","M","?","M","R","BOSS","M","?","M","?","?","E","$","R","T","?","?","?","?","E","R","BOSS"],"build_version":"2019-01-23","purchased_purges":2,"victory":false,"max_hp_per_floor":[80,80,80,80,80,80,80,80,80,80,80,80,80,80,80,80,80,80,80,80,80,80,80,80,80,80,80,80,56,28,28,28,28],"card_choices":[{"not_picked":["Clothesline","Heavy Blade"],"picked":"Cleave","floor":0},{"not_picked":["Perfected Strike","Heavy Blade"],"picked":"Whirlwind","floor":1},{"not_picked":["Thunderclap","Clash","Sword Boomerang"],"picked":"SKIP","floor":4},{"not_picked":["Armaments","Pommel Strike"],"picked":"Disarm","floor":6},{"not_picked":["Whirlwind","Limit Break"],"picked":"Ghostly Armor","floor":11},{"not_picked":["Armaments","Pommel Strike"],"picked":"Shrug It Off","floor":12},{"not_picked":["Havoc","Wild Strike"],"picked":"Combust","floor":14},{"not_picked":["Fiend Fire","Exhume"],"picked":"Juggernaut","floor":16},{"not_picked":["Carnage","Perfected Strike"],"picked":"Rage+1","floor":18},{"not_picked":["Feel No Pain+1","Rage"],"picked":"Fire Breathing","floor":20},{"not_picked":["Wild Strike","Havoc"],"picked":"Corruption","floor":23},{"not_picked":["Clash","Shockwave","Dropkick"],"picked":"Seeing Red","floor":25},{"not_picked":["Heavy Blade","Iron Wave","Clash"],"picked":"Rampage","floor":27},{"not_picked":["Hemokinesis","Body Slam","Rage+1"],"picked":"Entrench+1","floor":28},{"not_picked":["Perfected Strike","Combust+1","Reckless Charge+1","Clash"],"picked":"SKIP","floor":31}],"player_experience":111272,"relics_obtained":[{"floor":6,"key":"Juzu Bracelet"},{"floor":9,"key":"MawBank"},{"floor":11,"key":"Orichalcum"},{"floor":13,"key":"Odd Mushroom"},{"floor":22,"key":"Dream Catcher"},{"floor":23,"key":"Question Card"},{"floor":26,"key":"Kunai"},{"floor":26,"key":"Toxic Egg 2"},{"floor":27,"key":"Red Mask"},{"floor":28,"key":"Darkstone Periapt"},{"floor":28,"key":"Shovel"},{"floor":31,"key":"Sundial"},{"floor":32,"key":"Blue Candle"}],"event_choices":[{"damage_healed":0,"gold_gain":75,"player_choice":"Gather Gold","damage_taken":11,"max_hp_gain":0,"max_hp_loss":0,"event_name":"World of Goop","floor":3,"gold_loss":0},{"damage_healed":0,"gold_gain":0,"player_choice":"Rummage","damage_taken":0,"relics_obtained":["WarpedTongs"],"max_hp_gain":0,"max_hp_loss":0,"event_name":"Accursed Blacksmith","floor":5,"gold_loss":0,"cards_obtained":["Pain"]},{"damage_healed":0,"gold_gain":0,"player_choice":"Fought Mushrooms","damage_taken":0,"max_hp_gain":0,"max_hp_loss":0,"event_name":"Mushrooms","floor":13,"gold_loss":0},{"cards_removed":["Strike_R"],"damage_healed":0,"gold_gain":0,"player_choice":"Gave Gold","damage_taken":0,"max_hp_gain":0,"max_hp_loss":0,"event_name":"Beggar","floor":19,"gold_loss":75},{"damage_healed":0,"gold_gain":0,"player_choice":"Inject Mutagens","damage_taken":0,"relics_obtained":["MutagenicStrength"],"max_hp_gain":0,"max_hp_loss":0,"event_name":"Drug Dealer","floor":21,"gold_loss":0},{"damage_healed":0,"gold_gain":0,"player_choice":"Fought Bandits","damage_taken":0,"max_hp_gain":0,"max_hp_loss":0,"event_name":"Masked Bandits","floor":27,"gold_loss":0},{"damage_healed":0,"gold_gain":0,"player_choice":"Fight","damage_taken":0,"max_hp_gain":0,"max_hp_loss":0,"event_name":"Colosseum","floor":28,"gold_loss":0},{"damage_healed":0,"gold_gain":0,"player_choice":"Fought Nobs","damage_taken":0,"max_hp_gain":0,"max_hp_loss":0,"event_name":"Colosseum","floor":28,"gold_loss":0},{"damage_healed":0,"gold_gain":0,"player_choice":"Became a vampire","damage_taken":0,"max_hp_gain":0,"max_hp_loss":24,"event_name":"Vampires","floor":29,"gold_loss":0,"cards_obtained":["Bite","Bite","Bite","Bite","Bite"]},{"damage_healed":0,"gold_gain":0,"player_choice":"Became a Ghost","damage_taken":0,"max_hp_gain":0,"max_hp_loss":28,"event_name":"Ghosts","floor":30,"gold_loss":0,"cards_obtained":["Ghostly","Ghostly","Ghostly","Ghostly","Ghostly"]}],"is_beta":false,"boss_relics":[{"not_picked":["Sozu","Black Blood"],"picked":"Ectoplasm"}],"items_purged_floors":[2,8],"is_endless":false,"potions_floor_spawned":[4,6,13,16,18,20,28],"killed_by":"Automaton","ascension_level":2}