{"gold_per_floor":[112,53,66,66,76,107,107,138,138,155,165,165,175,206,206,277,277,293,60,60,72,72,105,105,105,131,131,31,57,57,86,86,86],"floor_reached":33,"playtime":1085,"items_purged":["Clumsy","Strike_R"],"score":642,"play_id":"213fd2aa-61e7-4a01-86b7-e48ef2284432","local_time":"20190306032203","is_ascension_mode":true,"campfire_choices":[{"data":"Perfected Strike","floor":7.0,"key":"SMITH"},{"data":"Whirlwind","floor":12,"key":"SMITH"},{"data":"Bash","floor":15,"key":"SMITH"},{"data":"Offering","floor":24,"key":"SMITH"},{"data":"Spot Weakness","floor":25,"key":"SMITH"},{"data":"Disarm","floor":27,"key":"SMITH"},{"data":"Dual Wield","floor":30,"key":"SMITH"},{"data":"Shockwave","floor":32,"key":"SMITH"}],"neow_cost":"CURSE","seed_source_timestamp":2942052341093921,"circlet_count":0,"master_deck":["AscendersBane","Strike_R","Strike_R","Strike_R","Strike_R","Defend_R","Defend_R+1","Defend_R","Defend_R+1","Bash+1","Reaper","Perfected Strike+1","Thunderclap","Whirlwind+1","Shrug It Off","Shockwave+1","Dropkick","Offering+1","Spot Weakness+1","Disarm+1","Dual Wield+1","Shrug It Off"],"special_seed":0,"relics":["Burning Blood","WingedGreaves","Ginger","Magic Flower","Ancient Tea Set","Runic Dome","PreservedInsect","War Paint","Potion Belt","Smiling Mask","Sundial"],"potions_floor_usage":[8,16,33],"damage_taken":[{"damage":12.0,"enemies":"Small Slimes","floor":1.0,"turns":4.0},{"damage":6.0,"enemies":"Cultist","floor":3.0,"turns":3.0},{"damage":9.0,"enemies":"Jaw Worm","floor":5.0,"turns":4.0},{"damage":17.0,"enemies":"3 Sentries","floor":6.0,"turns":5.0},{"damage":32,"enemies":"Gremlin Nob","floor":8,"turns":4},{"damage":17,"enemies":"Exordium Wildlife","floor":10,"turns":4},{"damage":18,"enemies":"3 Louse","floor":11,"turns":3},{"damage":11,"enemies":"Large Slime","floor":13,"turns":5},{"damage":12,"enemies":"3 Sentries","floor":14,"turns":5},{"damage":43,"enemies":"Slime Boss","floor":16,"turns":6},{"damage":23,"enemies":"2 Thieves","floor":18,"turns":3},{"damage":0,"enemies":"3 Byrds","floor":21,"turns":3},{"damage":18,"enemies":"Gremlin Leader","floor":23,"turns":4},{"damage":23,"enemies":"Book of Stabbing","floor":29,"turns":3},{"damage":35,"enemies":"Slavers","floor":31,"turns":2},{"damage":158,"enemies":"Automaton","floor":33,"turns":8}],"seed_played":"7112399264049717954","potions_obtained":[{"floor":4.0,"key":"PowerPotion"},{"floor":4.0,"key":"Strength Potion"},{"floor":6.0,"key":"Poison Potion"},{"floor":10,"key":"Fire Potion"},{"floor":21,"key":"FearPotion"},{"floor":31,"key":"Poison Potion"}],"is_trial":false,"path_per_floor":["M","$","M","?","M","E","R","E","T","M","M","R","M","E","R","B",null,"M","$","?","M","?","E","R","R","T","R","$","E","R","E","R","B"],"character_chosen":"IRONCLAD","items_purchased":["Thunderclap","PreservedInsect"],"campfire_rested":0,"item_purchase_floors":[2,19],"current_hp_per_floor":[66,66,70,70,71,72,72,50,50,51,60,60,58,55,55,39,66,61,61,61,75,75,75,75,75,75,75,75,75,75,49,49,0],"gold":86,"neow_bonus":"THREE_RARE_CARDS","is_prod":false,"is_daily":false,"chose_seed":false,"campfire_upgraded":8,"win_rate":0,"timestamp":1551871323,"path_taken":["M","$","M","?","M","E","R","E","T","?","M","R","M","E","R","BOSS","M","$","?","M","?","E","R","R","T","R","$","E","R","E","R","BOSS"],"build_version":"2019-02-06","purchased_purges":2,"victory":false,"max_hp_per_floor":[75,75,75,75,75,75,75,75,75,75,75,75,75,75,75,75,75,75,75,75,75,75,75,75,75,75,75,75,75,75,75,75,75],"card_choices":[{"not_picked":["Impervious","Berserk"],"picked":"Reaper","floor":0.0},{"not_picked":["Rampage","Havoc"],"picked":"Perfected Strike","floor":1.0},{"not_picked":["Sentinel","Clash"],"picked":"Whirlwind","floor":3.0},{"not_picked":["True Grit","Flex"],"picked":"Shrug It Off","floor":5.0},{"not_picked":["Sword Boomerang","Barricade"],"picked":"Shockwave","floor":6.0},{"not_picked":["Iron Wave","Thunderclap"],"picked":"Dropkick","floor":8},{"not_picked":["Pommel Strike","Heavy Blade","Iron Wave"],"picked":"SKIP","floor":10},{"not_picked":["Twin Strike","Metallicize","Burning Pact"],"picked":"SKIP","floor":11},{"not_picked":["Clothesline","Wild Strike","Twin Strike"],"picked":"SKIP","floor":13},{"not_picked":["Sever Soul","Corruption","Clothesline"],"picked":"SKIP","floor":14},{"not_picked":["Dark Embrace","Double Tap"],"picked":"Offering","floor":16},{"not_picked":["Twin Strike","Metallicize","Cleave"],"picked":"SKIP","floor":18},{"not_picked":["Pummel","True Grit"],"picked":"Disarm","floor":21},{"not_picked":["Havoc","Clash"],"picked":"Dual Wield","floor":23},{"not_picked":["Wild Strike","Cleave+1"],"picked":"Shrug It Off","floor":29},{"not_picked":["Barricade","Armaments","Evolve"],"picked":"SKIP","floor":31}],"player_experience":1323498,"relics_obtained":[{"floor":6.0,"key":"WingedGreaves"},{"floor":8,"key":"Ginger"},{"floor":9,"key":"Magic Flower"},{"floor":14,"key":"Ancient Tea Set"},{"floor":23,"key":"War Paint"},{"floor":26,"key":"Potion Belt"},{"floor":29,"key":"Smiling Mask"},{"floor":31,"key":"Sundial"}],"event_choices":[{"damage_healed":0.0,"max_hp_gain":0.0,"max_hp_loss":0.0,"gold_gain":0.0,"event_name":"Lab","player_choice":"Got Potions","floor":4.0,"gold_loss":0.0,"damage_taken":0.0},{"damage_healed":0,"gold_gain":0,"player_choice":"Read","damage_taken":0,"max_hp_gain":0,"max_hp_loss":0,"event_name":"The Library","floor":20,"gold_loss":0,"cards_obtained":["Spot Weakness"]},{"damage_healed":0,"gold_gain":0,"player_choice":"Ignored","damage_taken":0,"max_hp_gain":0,"max_hp_loss":0,"event_name":"Ghosts","floor":22,"gold_loss":0}],"is_beta":true,"boss_relics":[{"not_picked":["Mark of Pain","White Beast Statue"],"picked":"Runic Dome"}],"items_purged_floors":[19,28],"is_endless":false,"potions_floor_spawned":[5,6,10,14,21,31],"killed_by":"Automaton","ascension_level":20}