{"gold_per_floor":[111,61,61,78,78,78,106,126,151,186,261,261,436,21,21,126,126,144,144,154,154,167,167,199,199,199,199],"floor_reached":27,"playtime":625,"items_purged":["Doubt"],"score":301,"play_id":"e59f1512-48cf-4d11-871c-1dac9aeeff26","local_time":"20190330190023","is_ascension_mode":true,"campfire_choices":[{"data":"Iron Wave","floor":6.0,"key":"SMITH"},{"floor":12.0,"key":"REST"},{"data":"Demon Form","floor":15.0,"key":"SMITH"},{"data":"Double Tap","floor":23,"key":"SMITH"},{"floor":25,"key":"REST"}],"neow_cost":"NONE","seed_source_timestamp":0,"circlet_count":0,"master_deck":["Strike_R+1","Strike_R+1","Strike_R+1","Strike_R+1","Defend_R+1","Defend_R+1","Defend_R+1","Defend_R+1","Bash","Sword Boomerang+1","Iron Wave+1","Regret","Demon Form+1","Uppercut","Double Tap+1","Warcry","Thunderclap","Heavy Blade","Spot Weakness+1","Sentinel+1","Immolate","Second Wind"],"special_seed":0,"relics":["Black Blood","Vajra","Red Skull","Dream Catcher","Pantograph","Pen Nib","ClockworkSouvenir","Boot","Sundial"],"potions_floor_usage":[24,24],"damage_taken":[{"damage":9.0,"enemies":"Jaw Worm","floor":1.0,"turns":3.0},{"damage":3.0,"enemies":"Small Slimes","floor":4.0,"turns":3.0},{"damage":33.0,"enemies":"3 Sentries","floor":7.0,"turns":8.0},{"damage":3.0,"enemies":"2 Louse","floor":8.0,"turns":2.0},{"damage":15.0,"enemies":"Lagavulin","floor":10.0,"turns":5.0},{"damage":29.0,"enemies":"The Guardian","floor":16.0,"turns":8.0},{"damage":36.0,"enemies":"Spheric Guardian","floor":18.0,"turns":4.0},{"damage":35.0,"enemies":"3 Byrds","floor":20.0,"turns":5.0},{"damage":14,"enemies":"3 Cultists","floor":22,"turns":4},{"damage":0,"enemies":"Slavers","floor":24,"turns":2},{"damage":65,"enemies":"Book of Stabbing","floor":27,"turns":5}],"seed_played":"-6440497637493585634","potions_obtained":[{"floor":4.0,"key":"SpeedPotion"},{"floor":7.0,"key":"SteroidPotion"},{"floor":10.0,"key":"Explosive Potion"},{"floor":24,"key":"SneckoOil"}],"is_trial":false,"path_per_floor":["M","?","?","M","?","R","E","M","T","E","?","R","?","$","R","B",null,"M","?","M","?","M","R","E","R","T","E"],"character_chosen":"IRONCLAD","items_purchased":["Pen Nib","ClockworkSouvenir"],"campfire_rested":2,"item_purchase_floors":[14,14],"current_hp_per_floor":[77,77,61,64,64,64,37,40,40,31,20,44,44,44,44,46,80,54,54,29,29,25,25,35,59,59,0],"gold":199,"neow_bonus":"RANDOM_COMMON_RELIC","is_prod":false,"is_daily":false,"chose_seed":false,"campfire_upgraded":3,"win_rate":0,"timestamp":1553972423,"path_taken":["M","?","?","M","?","R","E","M","T","E","?","R","?","$","R","BOSS","M","?","M","?","?","R","E","R","T","E"],"build_version":"2019-01-23","purchased_purges":1,"victory":false,"max_hp_per_floor":[80,80,80,80,80,80,80,80,80,80,80,80,80,80,80,80,80,80,80,80,80,80,80,80,80,80,80],"card_choices":[{"not_picked":["Cleave","Sever Soul"],"picked":"Sword Boomerang","floor":1.0},{"not_picked":["Sever Soul","Reckless Charge"],"picked":"Iron Wave","floor":4.0},{"not_picked":["Dropkick","Feel No Pain"],"picked":"Demon Form","floor":7.0},{"not_picked":["Havoc","Twin Strike"],"picked":"Uppercut","floor":8.0},{"not_picked":["Inflame","Power Through"],"picked":"Double Tap","floor":10.0},{"not_picked":["Burning Pact","Evolve"],"picked":"Warcry","floor":12.0},{"not_picked":["Cleave","Flex+1"],"picked":"Thunderclap","floor":18.0},{"not_picked":["Cleave","Infernal Blade+1"],"picked":"Spot Weakness+1","floor":20.0},{"not_picked":["Perfected Strike+1","Dropkick"],"picked":"Sentinel+1","floor":22},{"not_picked":["Barricade","Pummel+1"],"picked":"Immolate","floor":24},{"not_picked":["Flex+1","Body Slam"],"picked":"Second Wind","floor":25}],"player_experience":329921,"relics_obtained":[{"floor":9.0,"key":"Dream Catcher"},{"floor":10.0,"key":"Pantograph"},{"floor":24,"key":"Boot"},{"floor":26,"key":"Sundial"}],"event_choices":[{"cards_removed":["Strike_R"],"damage_healed":0.0,"max_hp_gain":0.0,"max_hp_loss":0.0,"gold_gain":0.0,"event_name":"The Cleric","player_choice":"Card Removal","floor":2.0,"gold_loss":50.0,"damage_taken":0.0},{"damage_healed":0.0,"max_hp_gain":0.0,"max_hp_loss":0.0,"gold_gain":0.0,"event_name":"Shining Light","player_choice":"Entered Light","floor":3.0,"gold_loss":0.0,"damage_taken":16.0,"cards_upgraded":["Strike_R","Sword Boomerang"]},{"damage_healed":0.0,"max_hp_gain":0.0,"max_hp_loss":0.0,"gold_gain":0.0,"event_name":"Big Fish","player_choice":"Box","floor":5.0,"gold_loss":0.0,"damage_taken":0.0,"relics_obtained":["Red Skull"],"cards_obtained":["Regret"]},{"damage_healed":0.0,"max_hp_gain":0.0,"max_hp_loss":0.0,"gold_gain":75.0,"event_name":"World of Goop","player_choice":"Gather Gold","floor":11.0,"gold_loss":0.0,"damage_taken":11.0},{"damage_healed":0.0,"max_hp_gain":0.0,"max_hp_loss":0.0,"gold_gain":175.0,"event_name":"Liars Game","player_choice":"AGREE","floor":13.0,"gold_loss":0.0,"damage_taken":0.0,"cards_obtained":["Doubt"]},{"damage_healed":0.0,"max_hp_gain":0.0,"max_hp_loss":0.0,"gold_gain":0.0,"event_name":"The Library","player_choice":"Read","floor":19.0,"gold_loss":0.0,"damage_taken":0.0,"cards_obtained":["Heavy Blade"]},{"damage_healed":0,"gold_gain":0,"player_choice":"Simplicity","damage_taken":0,"max_hp_gain":0,"max_hp_loss":0,"event_name":"Back to Basics","floor":21,"gold_loss":0,"cards_upgraded":["Strike_R","Strike_R","Strike_R","Defend_R","Defend_R","Defend_R","Defend_R"]}],"is_beta":false,"boss_relics":[{"not_picked":["Ectoplasm","Calling Bell"],"picked":"Black Blood"}],"items_purged_floors":[14],"is_endless":false,"potions_floor_spawned":[4,7,10,16,18,24],"killed_by":"Book of Stabbing","ascension_level":3}