{"gold_per_floor":[110,127,202,202,222,222,249,249,249,260,275,286,301,321,321,321],"floor_reached":16,"playtime":447,"items_purged":[],"score":127,"play_id":"8fa02377-bbfa-4cc1-949c-d9d689fc242a","local_time":"20190407022313","is_ascension_mode":true,"campfire_choices":[{"data":"Gash","floor":6,"key":"SMITH"},{"data":"Thunder Strike","floor":8,"key":"SMITH"},{"floor":15,"key":"REST"}],"neow_cost":"NONE","seed_source_timestamp":14289934270397,"circlet_count":0,"master_deck":["Strike_B","Strike_B","Strike_B","Strike_B","Defend_B","Defend_B","Defend_B","Defend_B","Zap","Dualcast","Redo","Gash+1","Defragment","Thunder Strike+1","Scrape","Hologram","Go for the Eyes","Leap","Gash"],"relics":["Cracked Core","Anchor","Bottled Lightning","Boot"],"potions_floor_usage":[7,10,13,14,16,16],"damage_taken":[{"damage":0,"enemies":"2 Louse","floor":1,"turns":2},{"damage":8,"enemies":"Small Slimes","floor":2,"turns":3},{"damage":1,"enemies":"Cultist","floor":5,"turns":3},{"damage":26,"enemies":"Gremlin Nob","floor":7,"turns":4},{"damage":0,"enemies":"Gremlin Gang","floor":10,"turns":2},{"damage":7,"enemies":"Exordium Wildlife","floor":11,"turns":3},{"damage":13,"enemies":"Exordium Thugs","floor":12,"turns":4},{"damage":0,"enemies":"2 Fungi Beasts","floor":13,"turns":3},{"damage":7,"enemies":"Large Slime","floor":14,"turns":4},{"damage":27,"enemies":"Hexaghost","floor":16,"turns":9}],"seed_played":"1204790421071922609","potions_obtained":[{"floor":1,"key":"Strength Potion"},{"floor":2,"key":"Block Potion"},{"floor":4,"key":"Explosive Potion"},{"floor":7,"key":"EssenceOfSteel"},{"floor":10,"key":"AttackPotion"},{"floor":13,"key":"Explosive Potion"}],"is_trial":false,"path_per_floor":["M","M","?","?","M","R","E","R","T","M","M","M","M","M","R","B"],"character_chosen":"DEFECT","items_purchased":[],"campfire_rested":1,"item_purchase_floors":[],"current_hp_per_floor":[75,67,56,56,55,55,29,29,29,29,22,9,9,2,24,0],"gold":321,"neow_bonus":"RANDOM_COMMON_RELIC","is_prod":false,"is_daily":false,"chose_seed":false,"campfire_upgraded":2,"win_rate":0,"timestamp":1554600193,"path_taken":["M","M","?","?","M","R","E","R","T","M","M","?","?","M","R","BOSS"],"build_version":"2019-01-23","purchased_purges":0,"victory":false,"max_hp_per_floor":[75,75,75,75,75,75,75,75,75,75,75,75,75,75,75,75],"card_choices":[{"not_picked":["Heatsinks","Auto Shields"],"picked":"Redo","floor":1},{"not_picked":["Conserve Battery","Compile Driver"],"picked":"Gash","floor":2},{"not_picked":["Cold Snap","Compile Driver"],"picked":"Defragment","floor":5},{"not_picked":["Chaos","Turbo"],"picked":"Thunder Strike","floor":7},{"not_picked":["Double Energy","BootSequence"],"picked":"Scrape","floor":10},{"not_picked":["Turbo","Compile Driver"],"picked":"Hologram","floor":11},{"not_picked":["Ball Lightning","Conserve Battery"],"picked":"Go for the Eyes","floor":12},{"not_picked":["Streamline","Hello World"],"picked":"Leap","floor":13},{"not_picked":["Multi-Cast","Turbo"],"picked":"Gash","floor":14}],"player_experience":391097,"relics_obtained":[{"floor":7,"key":"Bottled Lightning"},{"floor":9,"key":"Boot"}],"event_choices":[{"damage_healed":0,"gold_gain":75,"player_choice":"Gather Gold","damage_taken":11,"max_hp_gain":0,"max_hp_loss":0,"event_name":"World of Goop","floor":3,"gold_loss":0},{"damage_healed":0,"gold_gain":0,"player_choice":"Got Potions","damage_taken":0,"max_hp_gain":0,"max_hp_loss":0,"event_name":"Lab","floor":4,"gold_loss":0}],"is_beta":false,"boss_relics":[],"items_purged_floors":[],"is_endless":false,"potions_floor_spawned":[1,2,7,10,13],"killed_by":"Hexaghost","ascension_level":4}