{"gold_per_floor":[112,131,143,93,93,93,123,197,197,223,236,255,273,291,291,387,387,400,384,384,400,400,435,435,463,463,477,477,333,353,198,198,303,303,319,21,21,21,21],"floor_reached":39,"playtime":3661,"items_purged":["Self Repair"],"score":474,"play_id":"39f2e66b-ab75-463f-bbb9-8e6bfc9641fe","local_time":"20190421175850","is_ascension_mode":true,"campfire_choices":[{"data":"Zap","floor":6,"key":"SMITH"},{"data":"Defragment","floor":15,"key":"SMITH"},{"data":"Biased Cognition","floor":24,"key":"SMITH"},{"floor":32,"key":"REST"}],"neow_cost":"NONE","seed_source_timestamp":448158885122196,"circlet_count":0,"master_deck":["Strike_B+1","Strike_B+1","Defend_B","Defend_B+1","Defend_B+1","Zap+1","Hologram","Self Repair+1","Cold Snap","Defragment+1","Capacitor","Coolheaded","Loop","Biased Cognition+1","Go for the Eyes","Buffer","Skim+1","Genetic Algorithm","Leap+1","Glacier+1","Hologram+1"],"relics":["Cracked Core","Anchor","Mummified Hand","Whetstone","Black Star","Strawberry","Pear","Bag of Marbles","Ancient Tea Set","Toxic Egg 2","WingedGreaves","War Paint","Busted Crown","Gambling Chip"],"potions_floor_usage":[10,23,25,25,30,33],"damage_taken":[{"damage":1,"enemies":"Cultist","floor":1,"turns":3},{"damage":2,"enemies":"2 Louse","floor":2,"turns":3},{"damage":5,"enemies":"Jaw Worm","floor":3,"turns":4},{"damage":15,"enemies":"3 Sentries","floor":7,"turns":8},{"damage":10,"enemies":"Lagavulin","floor":10,"turns":6},{"damage":14,"enemies":"Exordium Wildlife","floor":11,"turns":5},{"damage":0,"enemies":"Looter","floor":12,"turns":3},{"damage":0,"enemies":"Large Slime","floor":13,"turns":5},{"damage":0,"enemies":"Blue Slaver","floor":14,"turns":4},{"damage":59,"enemies":"Hexaghost","floor":16,"turns":10},{"damage":0,"enemies":"3 Byrds","floor":18,"turns":4},{"damage":3,"enemies":"2 Thieves","floor":19,"turns":5},{"damage":26,"enemies":"Snake Plant","floor":21,"turns":5},{"damage":8,"enemies":"Book of Stabbing","floor":23,"turns":6},{"damage":43,"enemies":"Slavers","floor":25,"turns":6},{"damage":51,"enemies":"3 Cultists","floor":27,"turns":6},{"damage":8,"enemies":"Chosen and Byrds","floor":30,"turns":7},{"damage":30,"enemies":"Collector","floor":33,"turns":15},{"damage":0,"enemies":"3 Darklings","floor":35,"turns":6},{"damage":96,"enemies":"Time Eater","floor":39,"turns":21}],"seed_played":"-9031244745100692993","potions_obtained":[{"floor":1,"key":"Fire Potion"},{"floor":3,"key":"Swift Potion"},{"floor":10,"key":"Explosive Potion"},{"floor":11,"key":"Weak Potion"},{"floor":12,"key":"Ancient Potion"},{"floor":23,"key":"FocusPotion"},{"floor":30,"key":"Weak Potion"},{"floor":33,"key":"Explosive Potion"}],"is_trial":false,"path_per_floor":["M","M","M","?","?","R","E","T","T","E","M","M","M","M","R","B",null,"M","M","?","M","?","E","R","E","T","M","T","$","M","$","R","B",null,"M","$","?","?","B"],"character_chosen":"DEFECT","items_purchased":["War Paint","Glacier+1","Gambling Chip"],"campfire_rested":1,"item_purchase_floors":[29,31,36],"current_hp_per_floor":[74,72,74,74,59,59,54,54,54,54,50,60,70,75,75,26,75,75,75,75,59,59,85,85,59,59,25,25,25,34,34,61,41,92,92,92,87,87,0],"gold":21,"neow_bonus":"REMOVE_CARD","is_prod":false,"is_daily":false,"chose_seed":false,"campfire_upgraded":3,"win_rate":0,"timestamp":1555849730,"path_taken":["M","M","M","?","?","R","E","?","T","E","?","M","M","M","R","BOSS","M","M","?","M","?","E","R","E","T","M","?","$","M","$","R","BOSS","M","$","?","?","BOSS"],"build_version":"2019-01-23","purchased_purges":1,"victory":false,"max_hp_per_floor":[75,75,75,75,75,75,75,75,75,75,75,75,75,75,75,75,75,75,75,75,75,75,92,92,92,92,92,92,92,92,92,92,92,92,92,92,87,87,87],"card_choices":[{"not_picked":["Recycle","Gash"],"picked":"Hologram","floor":1},{"not_picked":["Hello World","Reinforced Body"],"picked":"Self Repair","floor":2},{"not_picked":["Conserve Battery","Barrage"],"picked":"Cold Snap","floor":3},{"not_picked":["Streamline","Glacier"],"picked":"Defragment","floor":7},{"not_picked":["Hologram","Steam"],"picked":"Capacitor","floor":10},{"not_picked":["Chaos","Hologram"],"picked":"Coolheaded","floor":11},{"not_picked":["Tempest","Storm"],"picked":"Loop","floor":12},{"not_picked":["Barrage","Glacier"],"picked":"Biased Cognition","floor":13},{"not_picked":["Hologram","Gash"],"picked":"Go for the Eyes","floor":14},{"not_picked":["Thunder Strike","Biased Cognition"],"picked":"Buffer","floor":16},{"not_picked":["Steam","Gash"],"picked":"Skim","floor":18},{"not_picked":["Cold Snap","Go for the Eyes"],"picked":"Genetic Algorithm","floor":19},{"not_picked":["Fusion","Scrape","Heatsinks"],"picked":"SKIP","floor":21},{"not_picked":["Biased Cognition","Redo","Streamline+1"],"picked":"SKIP","floor":23},{"not_picked":["Fusion+1","Beam Cell","Conserve Battery"],"picked":"SKIP","floor":25},{"not_picked":["Darkness+1","Go for the Eyes"],"picked":"Leap+1","floor":27},{"not_picked":["Sweeping Beam","Gash","Cold Snap"],"picked":"SKIP","floor":30},{"not_picked":[],"picked":"Hologram+1","floor":35}],"player_experience":107611,"relics_obtained":[{"floor":7,"key":"Anchor"},{"floor":9,"key":"Mummified Hand"},{"floor":10,"key":"Whetstone"},{"floor":23,"key":"Strawberry"},{"floor":23,"key":"Pear"},{"floor":25,"key":"Bag of Marbles"},{"floor":25,"key":"Ancient Tea Set"},{"floor":26,"key":"Toxic Egg 2"},{"floor":28,"key":"WingedGreaves"}],"event_choices":[{"cards_removed":["Strike_B"],"damage_healed":0,"gold_gain":0,"player_choice":"Card Removal","damage_taken":0,"max_hp_gain":0,"max_hp_loss":0,"event_name":"The Cleric","floor":4,"gold_loss":50},{"damage_healed":0,"gold_gain":0,"player_choice":"Entered Light","damage_taken":15,"max_hp_gain":0,"max_hp_loss":0,"event_name":"Shining Light","floor":5,"gold_loss":0,"cards_upgraded":["Self Repair","Defend_B"]},{"damage_healed":0,"gold_gain":0,"cards_transformed":["Defend_B","Dualcast"],"player_choice":"Became Test Subject","damage_taken":0,"max_hp_gain":0,"max_hp_loss":0,"event_name":"Drug Dealer","floor":20,"gold_loss":0,"cards_obtained":["Redo","Self Repair"]},{"cards_removed":["Redo"],"damage_healed":0,"gold_gain":0,"player_choice":"Elegance","damage_taken":0,"max_hp_gain":0,"max_hp_loss":0,"event_name":"Back to Basics","floor":22,"gold_loss":0},{"damage_healed":0,"gold_gain":0,"player_choice":"Max HP","damage_taken":0,"max_hp_gain":0,"max_hp_loss":5,"event_name":"Winding Halls","floor":37,"gold_loss":0},{"damage_healed":0,"gold_gain":0,"player_choice":"Took Portal","damage_taken":0,"max_hp_gain":0,"max_hp_loss":0,"event_name":"SecretPortal","floor":38,"gold_loss":0}],"is_beta":false,"boss_relics":[{"not_picked":["Nuclear Battery","Calling Bell"],"picked":"Black Star"},{"not_picked":["Sozu","FrozenCore"],"picked":"Busted Crown"}],"items_purged_floors":[31],"is_endless":false,"potions_floor_spawned":[1,3,10,11,12,19,23,30,33],"killed_by":"Time Eater","ascension_level":2}