{"path_per_floor":["M","?","M","?","M","E","R","M","T","$","E","M","$","M","R","B",null,"M","$","M","T","M","E","M","R","T","$","E","?","E","M","R","B",null,"M","M","M","?","?","R","M","?","T","E","R","M","E","$","R","B"],"character_chosen":"IRONCLAD","items_purchased":["Toolbox","Flex","War Paint","Bag of Marbles","Gremlin Horn","Shrug It Off"],"gold_per_floor":[117,192,207,457,472,502,502,513,513,145,170,186,86,97,97,198,198,210,53,67,90,102,136,155,155,205,54,86,86,113,130,130,230,230,249,267,282,282,282,282,301,301,327,360,360,372,402,74,74,74],"floor_reached":51,"campfire_rested":2,"playtime":3574,"current_hp_per_floor":[80,69,70,70,76,53,53,46,46,46,41,38,38,44,44,27,87,85,85,81,81,83,55,62,62,62,62,37,37,17,18,44,49,87,87,87,72,72,72,72,76,65,65,11,52,87,87,87,87,16],"items_purged":["Regret","Strike_R","Defend_R"],"gold":74,"score":865,"play_id":"c267ffea-20da-45c0-bde8-e93dd13a6376","local_time":"20180415202216","is_prod":false,"is_daily":false,"chose_seed":false,"is_ascension_mode":true,"campfire_upgraded":5,"timestamp":1523838136,"path_taken":["M","?","M","?","M","E","R","M","T","?","E","?","$","M","R","BOSS","M","$","M","?","?","E","M","R","T","$","E","?","E","?","R","BOSS","M","M","M","?","?","R","M","?","T","E","R","M","E","$","R","BOSS"],"build_version":"2018-04-12","seed_source_timestamp":0,"purchased_purges":3,"victory":true,"master_deck":["Defend_R","Defend_R","Defend_R+1","Bash","Pommel Strike","Twin Strike+1","Flex+1","Inflame+1","Iron Wave","Flex+1","Sword Boomerang","Cleave","Armaments+1","Limit Break+1","Spot Weakness+1","Headbutt","Reaper","Iron Wave+1","Bite","Bite","Bite","Bite","Bite","Shrug It Off","Offering+1","Shrug It Off","Cleave+1","Madness","Madness","Twin Strike+1","Shrug It Off"],"max_hp_per_floor":[80,80,80,80,80,87,87,87,87,87,87,87,87,87,87,87,87,87,87,87,87,87,87,87,87,87,87,87,87,87,87,87,87,87,87,87,87,87,87,87,87,87,87,87,87,87,87,87,87,87],"relics":["Burning Blood","Strawberry","Mercury Hourglass","Toolbox","Orichalcum","Lizard Tail","War Paint","Pen Nib","Art of War","Bag of Marbles","Smiling Mask","Molten Egg 2","Sozu","Regal Pillow","Happy Flower","Oddly Smooth Stone","Gremlin Horn"],"card_choices":[{"not_picked":["Intimidate","True Grit"],"picked":"Pommel Strike","floor":1.0},{"not_picked":["Cleave","Carnage"],"picked":"Twin Strike","floor":3.0},{"not_picked":["Clothesline","Dropkick"],"picked":"Flex","floor":5.0},{"not_picked":["Anger","Headbutt"],"picked":"Inflame","floor":6.0},{"not_picked":["Anger","Cleave"],"picked":"Iron Wave","floor":8.0},{"not_picked":["Iron Wave","Clothesline"],"picked":"Sword Boomerang","floor":11.0},{"not_picked":["Havoc","Evolve"],"picked":"Cleave","floor":12.0},{"not_picked":["Thunderclap","Body Slam"],"picked":"Armaments","floor":14.0},{"not_picked":["Feed","Barricade"],"picked":"Limit Break","floor":16.0},{"not_picked":["Iron Wave","Pommel Strike"],"picked":"Spot Weakness","floor":18.0},{"not_picked":["Rampage","Blood for Blood"],"picked":"Headbutt","floor":20.0},{"not_picked":["Headbutt","Thunderclap"],"picked":"Reaper","floor":23.0},{"not_picked":["Power Through","Blood for Blood"],"picked":"Iron Wave","floor":24.0},{"not_picked":["Clash","Flex"],"picked":"Shrug It Off","floor":31.0},{"not_picked":["Brutality","Double Tap"],"picked":"Offering","floor":33.0},{"not_picked":["Evolve","Shockwave"],"picked":"Shrug It Off","floor":35.0},{"not_picked":["Blood for Blood","Clothesline"],"picked":"Cleave","floor":36.0},{"not_picked":["Ghostly Armor","Blood for Blood"],"picked":"Twin Strike","floor":46}],"player_experience":91287,"potions_floor_usage":[44],"damage_taken":[{"damage":1.0,"enemies":"2 Louse","floor":1.0,"turns":3.0},{"damage":5.0,"enemies":"Small Slimes","floor":3.0,"turns":3.0},{"damage":0.0,"enemies":"Cultist","floor":5.0,"turns":2.0},{"damage":36.0,"enemies":"Lagavulin","floor":6.0,"turns":5.0},{"damage":13.0,"enemies":"3 Louse","floor":8.0,"turns":3.0},{"damage":11.0,"enemies":"3 Sentries","floor":11.0,"turns":3.0},{"damage":9.0,"enemies":"Red Slaver","floor":12.0,"turns":2.0},{"damage":0.0,"enemies":"2 Fungi Beasts","floor":14.0,"turns":2.0},{"damage":23.0,"enemies":"Hexaghost","floor":16.0,"turns":8.0},{"damage":8.0,"enemies":"Shell Parasite","floor":18.0,"turns":4.0},{"damage":10.0,"enemies":"3 Byrds","floor":20.0,"turns":4.0},{"damage":4.0,"enemies":"Cultist and Chosen","floor":22.0,"turns":3.0},{"damage":34.0,"enemies":"Slavers","floor":23.0,"turns":4.0},{"damage":9.0,"enemies":"Chosen and Byrds","floor":24.0,"turns":4.0},{"damage":46.0,"enemies":"Book of Stabbing","floor":28.0,"turns":5.0},{"damage":38.0,"enemies":"Gremlin Leader","floor":30.0,"turns":5.0},{"damage":11.0,"enemies":"Centurion and Healer","floor":31.0,"turns":3.0},{"damage":75.0,"enemies":"Collector","floor":33.0,"turns":8.0},{"damage":0.0,"enemies":"Orb Walker","floor":35.0,"turns":2.0},{"damage":3.0,"enemies":"3 Shapes","floor":36.0,"turns":3.0},{"damage":46.0,"enemies":"Maw","floor":37.0,"turns":6.0},{"damage":4,"enemies":"Sphere and 2 Shapes","floor":41,"turns":3},{"damage":89,"enemies":"Giant Head","floor":44,"turns":8},{"damage":4,"enemies":"3 Darklings","floor":46,"turns":2},{"damage":4,"enemies":"Nemesis","floor":47,"turns":3},{"damage":83,"enemies":"Time Eater","floor":50,"turns":7}],"event_choices":[{"event_name":"World of Goop","player_choice":"Gather Gold","floor":2.0,"damage_taken":0.0},{"event_name":"Golden Shrine","player_choice":"Desecrate","floor":4.0,"damage_taken":0.0},{"event_name":"Vampires","player_choice":"Became a vampire (Vial)","floor":29.0,"damage_taken":0.0},{"event_name":"Match and Keep!","player_choice":"0 cards matched","floor":38.0,"damage_taken":0.0},{"event_name":"Accursed Blacksmith","player_choice":"Forge","floor":39.0,"damage_taken":0.0},{"event_name":"Winding Halls","player_choice":"Embrace Madness","floor":42,"damage_taken":0}],"boss_relics":[],"potions_floor_spawned":[1,5,6,11,18,20,30,31,41,46],"seed_played":"-5415757877114324648","ascension_level":1,"is_trial":false}