{"gold_per_floor":[110,126,50,102,113,148,148,148,148,148,168,168,168,196,196,274,274,284,294,394,412,412,412,430,17,17,17,17,48,66,93,93,170,170,180,199,209,222,322,349,349,377,377,390,400,420,440,450,450,450,450,450,450,65,94,94],"floor_reached":57,"playtime":2955,"items_purged":[],"score":2732,"play_id":"65d5cbcd-48bd-4816-a9db-08051326c485","local_time":"20190228033325","is_ascension_mode":true,"campfire_choices":[{"data":"Neutralize","floor":8.0,"key":"SMITH"},{"data":"Deadly Poison","floor":10.0,"key":"SMITH"},{"floor":12.0,"key":"REST"},{"data":"Catalyst","floor":15.0,"key":"SMITH"},{"floor":23.0,"key":"REST"},{"floor":27.0,"key":"REST"},{"floor":32.0,"key":"REST"},{"floor":41.0,"key":"REST"},{"floor":49.0,"key":"RECALL"},{"floor":53.0,"key":"REST"}],"neow_cost":"NONE","seed_source_timestamp":2601846332951938,"circlet_count":0,"master_deck":["AscendersBane","Defend_G","Defend_G","Defend_G","Defend_G","Defend_G","Strike_G","Strike_G","Strike_G","Strike_G","Strike_G","Survivor","Neutralize+1","Flying Knee","Cloak And Dagger","Skewer","Crippling Poison+1","Deadly Poison+1","Catalyst+1","Dagger Spray+1","Cloak And Dagger+1","Noxious Fumes","PiercingWail+1","Leg Sweep+1","Well Laid Plans","Deadly Poison+1","Envenom","Crippling Poison+1","Malaise+1","Escape Plan+1","Cloak And Dagger+1","Leg Sweep+1","PiercingWail+1","Dodge and Roll+1","Calculated Gamble+1","Well Laid Plans","Footwork"],"special_seed":0,"relics":["Ring of the Snake","Ninja Scroll","Molten Egg 2","Shuriken","Toxic Egg 2","Fusion Hammer","Torii","Letter Opener","MutagenicStrength","Gambling Chip","The Specimen","Potion Belt","Ornamental Fan","Busted Crown","Tough Bandages","Centennial Puzzle","Pantograph","Darkstone Periapt","TwistedFunnel","Oddly Smooth Stone"],"potions_floor_usage":[56,56,56,56],"damage_taken":[{"damage":3.0,"enemies":"Cultist","floor":1.0,"turns":5.0},{"damage":1.0,"enemies":"Jaw Worm","floor":2.0,"turns":4.0},{"damage":7.0,"enemies":"Small Slimes","floor":5.0,"turns":4.0},{"damage":50.0,"enemies":"3 Sentries","floor":6.0,"turns":13.0},{"damage":3.0,"enemies":"Looter","floor":11.0,"turns":3.0},{"damage":9.0,"enemies":"Lagavulin","floor":14.0,"turns":3.0},{"damage":10.0,"enemies":"Hexaghost","floor":16.0,"turns":6.0},{"damage":1.0,"enemies":"3 Byrds","floor":18.0,"turns":3.0},{"damage":9.0,"enemies":"2 Thieves","floor":19.0,"turns":4.0},{"damage":7.0,"enemies":"Colosseum Slavers","floor":20.0,"turns":3.0},{"damage":1.0,"enemies":"Colosseum Nobs","floor":20.0,"turns":4.0},{"damage":8.0,"enemies":"Snecko","floor":21.0,"turns":4.0},{"damage":17.0,"enemies":"Snake Plant","floor":24.0,"turns":4.0},{"damage":11.0,"enemies":"Book of Stabbing","floor":29.0,"turns":4.0},{"damage":4.0,"enemies":"Shelled Parasite and Fungi","floor":30.0,"turns":3.0},{"damage":20.0,"enemies":"Slavers","floor":31.0,"turns":4.0},{"damage":20.0,"enemies":"Automaton","floor":33.0,"turns":8.0},{"damage":0.0,"enemies":"3 Shapes","floor":35.0,"turns":3.0},{"damage":0.0,"enemies":"Orb Walker","floor":36.0,"turns":2.0},{"damage":0.0,"enemies":"Writhing Mass","floor":37.0,"turns":5.0},{"damage":27.0,"enemies":"Spire Growth","floor":38.0,"turns":3.0},{"damage":0.0,"enemies":"Mind Bloom Boss Battle","floor":39.0,"turns":5.0},{"damage":2.0,"enemies":"Nemesis","floor":40.0,"turns":7.0},{"damage":17.0,"enemies":"Giant Head","floor":42.0,"turns":7.0},{"damage":0.0,"enemies":"Transient","floor":44.0,"turns":6.0},{"damage":0.0,"enemies":"Writhing Mass","floor":45.0,"turns":5.0},{"damage":0.0,"enemies":"Jaw Worm Horde","floor":46.0,"turns":3.0},{"damage":17.0,"enemies":"Maw","floor":47.0,"turns":7.0},{"damage":2.0,"enemies":"Spire Growth","floor":48.0,"turns":3.0},{"damage":23.0,"enemies":"Donu and Deca","floor":50.0,"turns":8.0},{"damage":40.0,"enemies":"Time Eater","floor":51.0,"turns":8.0},{"damage":35,"enemies":"Shield and Spear","floor":55,"turns":7},{"damage":24,"enemies":"The Heart","floor":56,"turns":9}],"seed_played":"5985923765368553947","potions_obtained":[{"floor":1.0,"key":"SteroidPotion"},{"floor":2.0,"key":"Regen Potion"},{"floor":11.0,"key":"SkillPotion"},{"floor":14.0,"key":"SpeedPotion"},{"floor":20.0,"key":"Ancient Potion"},{"floor":35.0,"key":"GamblersBrew"},{"floor":38.0,"key":"Dexterity Potion"},{"floor":39.0,"key":"SpeedPotion"},{"floor":42.0,"key":"SkillPotion"}],"is_trial":false,"path_per_floor":["M","M","$","T","M","E","?","R","T","R","M","R","?","E","R","B",null,"M","M","?","M","?","R","M","$","T","R","?","E","M","E","R","B",null,"M","M","M","M","?","E","R","E","T","M","M","M","M","M","R","B","B",null,"R","$","E","B",null],"character_chosen":"THE_SILENT","items_purchased":["Skewer","Well Laid Plans","Gambling Chip","GhostInAJar","TwistedFunnel","Well Laid Plans"],"campfire_rested":6,"item_purchase_floors":[3,25,25,54,54,54],"current_hp_per_floor":[62,61,61,61,54,19,19,19,19,19,16,37,37,28,28,18,59,58,49,41,33,33,54,37,37,37,58,58,47,43,23,44,24,60,60,60,60,33,33,31,52,35,35,35,35,35,18,16,16,18,3,55,72,72,37,38],"gold":94,"neow_bonus":"TEN_PERCENT_HP_BONUS","is_prod":false,"is_daily":false,"chose_seed":false,"campfire_upgraded":3,"win_rate":0,"timestamp":1551353605,"path_taken":["M","M","$","?","M","E","?","R","T","R","M","R","?","E","R","BOSS","M","M","?","M","?","R","M","$","T","R","?","E","M","E","R","BOSS","M","M","M","M","?","E","R","E","T","M","M","M","M","M","R","BOSS","BOSS","R","$","E","BOSS"],"build_version":"2019-02-06","purchased_purges":0,"victory":true,"max_hp_per_floor":[72,72,72,72,72,72,72,72,72,72,72,72,72,72,72,72,72,72,72,72,72,72,72,72,72,72,72,72,72,72,72,72,72,72,72,72,72,72,72,72,72,72,72,72,72,72,72,72,72,72,72,72,72,72,72,72],"card_choices":[{"not_picked":["Caltrops","Slice"],"picked":"Flying Knee","floor":1.0},{"not_picked":["Blade Dance","Masterful Stab"],"picked":"Cloak And Dagger","floor":2.0},{"not_picked":["Blade Dance","Dagger Spray"],"picked":"Crippling Poison","floor":5.0},{"not_picked":["Storm of Steel","Dagger Throw"],"picked":"Deadly Poison","floor":6.0},{"not_picked":["Infinite Blades","Crippling Poison"],"picked":"Catalyst","floor":11.0},{"not_picked":["All Out Attack+1","Dagger Spray+1","Masterful Stab+1"],"picked":"SKIP","floor":14.0},{"not_picked":["All Out Attack+1","Masterful Stab+1"],"picked":"Dagger Spray+1","floor":14.0},{"not_picked":["Sucker Punch+1","Outmaneuver+1","Terror+1"],"picked":"SKIP","floor":18.0},{"not_picked":["Prepared+1","Sucker Punch+1"],"picked":"Cloak And Dagger+1","floor":19.0},{"not_picked":["Deflect+1","Poisoned Stab+1"],"picked":"Noxious Fumes","floor":20.0},{"not_picked":["Footwork","Underhanded Strike+1"],"picked":"PiercingWail+1","floor":21.0},{"not_picked":["Acrobatics+1","Prepared+1"],"picked":"Leg Sweep+1","floor":24.0},{"not_picked":["Distraction+1","Cloak And Dagger+1"],"picked":"Deadly Poison+1","floor":29.0},{"not_picked":["Distraction+1","Dodge and Roll+1"],"picked":"Envenom","floor":30.0},{"not_picked":["Calculated Gamble+1","Terror+1"],"picked":"Crippling Poison+1","floor":31.0},{"not_picked":["Venomology+1","Glass Knife+1"],"picked":"Malaise+1","floor":33.0},{"not_picked":[],"picked":"Escape Plan+1","floor":35.0},{"not_picked":["Quick Slash+1"],"picked":"SKIP","floor":36.0},{"not_picked":[],"picked":"Cloak And Dagger+1","floor":37.0},{"not_picked":[],"picked":"Leg Sweep+1","floor":38.0},{"not_picked":[],"picked":"PiercingWail+1","floor":39.0},{"not_picked":["Bane+1"],"picked":"SKIP","floor":40.0},{"not_picked":["Finisher+1"],"picked":"SKIP","floor":42.0},{"not_picked":[],"picked":"Dodge and Roll+1","floor":44.0},{"not_picked":["Accuracy"],"picked":"SKIP","floor":45.0},{"not_picked":["Outmaneuver+1"],"picked":"SKIP","floor":46.0},{"not_picked":["Predator+1"],"picked":"SKIP","floor":47.0},{"not_picked":[],"picked":"Calculated Gamble+1","floor":48.0},{"not_picked":[],"picked":"Footwork","floor":55}],"player_experience":1282661,"relics_obtained":[{"floor":6.0,"key":"Ninja Scroll"},{"floor":9.0,"key":"Molten Egg 2"},{"floor":14.0,"key":"Toxic Egg 2"},{"floor":20.0,"key":"Torii"},{"floor":20.0,"key":"Letter Opener"},{"floor":26.0,"key":"The Specimen"},{"floor":29.0,"key":"Potion Belt"},{"floor":31.0,"key":"Ornamental Fan"},{"floor":39.0,"key":"Tough Bandages"},{"floor":40.0,"key":"Centennial Puzzle"},{"floor":42.0,"key":"Pantograph"},{"floor":43.0,"key":"Darkstone Periapt"},{"floor":55,"key":"Oddly Smooth Stone"}],"event_choices":[{"damage_healed":0.0,"max_hp_gain":0.0,"max_hp_loss":0.0,"gold_gain":0.0,"event_name":"Living Wall","player_choice":"Grow","floor":7.0,"gold_loss":0.0,"damage_taken":0.0,"cards_upgraded":["Crippling Poison"]},{"damage_healed":0.0,"max_hp_gain":0.0,"max_hp_loss":0.0,"gold_gain":0.0,"event_name":"Dead Adventurer","player_choice":"Searched \u00272\u0027 times","floor":13.0,"gold_loss":0.0,"damage_taken":0.0,"relics_obtained":["Shuriken"]},{"damage_healed":0.0,"max_hp_gain":0.0,"max_hp_loss":0.0,"gold_gain":0.0,"event_name":"Colosseum","player_choice":"Fight","floor":20.0,"gold_loss":0.0,"damage_taken":0.0},{"damage_healed":0.0,"max_hp_gain":0.0,"max_hp_loss":0.0,"gold_gain":0.0,"event_name":"Colosseum","player_choice":"Fought Nobs","floor":20.0,"gold_loss":0.0,"damage_taken":0.0},{"damage_healed":0.0,"max_hp_gain":0.0,"max_hp_loss":0.0,"gold_gain":0.0,"event_name":"Drug Dealer","player_choice":"Inject Mutagens","floor":22.0,"gold_loss":0.0,"damage_taken":0.0,"relics_obtained":["MutagenicStrength"]},{"damage_healed":0.0,"max_hp_gain":0.0,"max_hp_loss":0.0,"gold_gain":0.0,"event_name":"Beggar","player_choice":"Ignored","floor":28.0,"gold_loss":0.0,"damage_taken":0.0},{"damage_healed":0.0,"max_hp_gain":0.0,"max_hp_loss":0.0,"gold_gain":0.0,"event_name":"MindBloom","player_choice":"Fight","floor":39.0,"gold_loss":0.0,"damage_taken":0.0}],"is_beta":true,"boss_relics":[{"not_picked":["Eternal Feather","Sozu"],"picked":"Fusion Hammer"},{"not_picked":["Pandora\u0027s Box","HoveringKite"],"picked":"Busted Crown"}],"items_purged_floors":[],"is_endless":false,"potions_floor_spawned":[1,2,11,14,19,20,21,24,35,38,39,40,42],"ascension_level":20}