{"gold_per_floor":[115,115,128,53,53,84,103,163,188,220,220,220,220,237,237,316,316,336,336,355,365,376,376,406,406],"floor_reached":25,"playtime":1295,"items_purged":["Strike_B"],"score":532,"play_id":"1d180898-920e-4cf2-b368-7fd61ca254f4","local_time":"20190120184356","is_ascension_mode":true,"campfire_choices":[{"data":"Consume","floor":11.0,"key":"SMITH"},{"data":"Multi-Cast","floor":13.0,"key":"SMITH"},{"floor":15.0,"key":"REST"},{"floor":23.0,"key":"REST"}],"neow_cost":"NONE","seed_source_timestamp":229777006284180,"circlet_count":0,"master_deck":["AscendersBane","Strike_B","Strike_B","Strike_B","Defend_B","Defend_B+1","Defend_B","Defend_B","Zap","Dualcast","Cold Snap+1","Chill","Consume+1","Coolheaded","Multi-Cast+1","Darkness","Conserve Battery","Seek","Turbo+1","Hologram","Steam+1","Multi-Cast"],"special_seed":0,"relics":["Cracked Core","NeowsBlessing","Dream Catcher","Tiny Chest","Oddly Smooth Stone","Runic Dome","Bag of Marbles"],"potions_floor_usage":[25],"damage_taken":[{"damage":0.0,"enemies":"2 Louse","floor":1.0,"turns":1.0},{"damage":0.0,"enemies":"Cultist","floor":3.0,"turns":1.0},{"damage":0.0,"enemies":"Lagavulin","floor":6.0,"turns":1.0},{"damage":0.0,"enemies":"Small Slimes","floor":7.0,"turns":5.0},{"damage":16.0,"enemies":"3 Sentries","floor":8.0,"turns":10.0},{"damage":23.0,"enemies":"Lagavulin","floor":10.0,"turns":9.0},{"damage":0.0,"enemies":"Gremlin Gang","floor":14.0,"turns":6.0},{"damage":17.0,"enemies":"Slime Boss","floor":16.0,"turns":5.0},{"damage":7.0,"enemies":"2 Thieves","floor":18.0,"turns":5.0},{"damage":4.0,"enemies":"3 Byrds","floor":20.0,"turns":6.0},{"damage":23.0,"enemies":"Sentry and Sphere","floor":21.0,"turns":9.0},{"damage":11.0,"enemies":"Snecko","floor":22.0,"turns":6.0},{"damage":38.0,"enemies":"Book of Stabbing","floor":24.0,"turns":6.0},{"damage":12,"enemies":"Snake Plant","floor":25,"turns":1}],"seed_played":"6842323306527298512","potions_obtained":[{"floor":3.0,"key":"Explosive Potion"},{"floor":8.0,"key":"Swift Potion"},{"floor":16.0,"key":"Fire Potion"},{"floor":19.0,"key":"Fruit Juice"},{"floor":19.0,"key":"Weak Potion"},{"floor":21.0,"key":"Block Potion"},{"floor":24.0,"key":"Dexterity Potion"}],"is_trial":false,"path_per_floor":["M","?","M","$","?","E","M","E","T","E","R","?","R","M","R","B",null,"M","?","M","M","M","R","E","M"],"character_chosen":"DEFECT","items_purchased":[],"campfire_rested":2,"item_purchase_floors":[],"current_hp_per_floor":[64,43,43,43,48,48,48,32,32,9,9,9,9,9,31,14,61,54,59,55,32,21,45,7,0],"gold":406,"neow_bonus":"THREE_ENEMY_KILL","is_prod":false,"is_daily":false,"chose_seed":false,"campfire_upgraded":2,"win_rate":0,"timestamp":1548038636,"path_taken":["M","?","M","$","?","E","M","E","T","E","R","?","R","?","R","BOSS","M","?","M","?","M","R","E","M"],"build_version":"2019-01-19","purchased_purges":1,"victory":false,"max_hp_per_floor":[71,71,71,71,76,76,76,76,76,76,76,76,76,76,76,76,76,76,81,81,81,81,81,81,81],"card_choices":[{"not_picked":["Streamline","Turbo"],"picked":"Cold Snap","floor":1.0},{"not_picked":["Gash","Steam"],"picked":"Chill","floor":3.0},{"not_picked":["Rainbow","Darkness"],"picked":"Consume","floor":6.0},{"not_picked":["Scrape","Stack","Leap"],"picked":"SKIP","floor":7.0},{"not_picked":["Leap","Turbo","Auto Shields"],"picked":"SKIP","floor":8.0},{"not_picked":["Go for the Eyes","Gash"],"picked":"Coolheaded","floor":10.0},{"not_picked":["Scrape","Tempest"],"picked":"Conserve Battery","floor":14.0},{"not_picked":["Core Surge","Hyperbeam"],"picked":"Seek","floor":16.0},{"not_picked":["Gash","Barrage"],"picked":"Turbo+1","floor":18.0},{"not_picked":["Coolheaded","Beam Cell"],"picked":"Hologram","floor":20.0},{"not_picked":["Machine Learning","Leap","Reprogram"],"picked":"SKIP","floor":21.0},{"not_picked":["Lockon","Rip and Tear+1"],"picked":"Steam+1","floor":22.0},{"not_picked":["Steam Power","Scrape"],"picked":"Multi-Cast","floor":24.0}],"player_experience":992846,"relics_obtained":[{"floor":6.0,"key":"Dream Catcher"},{"floor":8.0,"key":"Tiny Chest"},{"floor":10.0,"key":"Oddly Smooth Stone"},{"floor":24.0,"key":"Bag of Marbles"}],"event_choices":[{"damage_healed":0.0,"max_hp_gain":0.0,"max_hp_loss":0.0,"gold_gain":0.0,"event_name":"Shining Light","player_choice":"Entered Light","floor":2.0,"gold_loss":0.0,"damage_taken":21.0,"cards_upgraded":["Defend_B","Cold Snap"]},{"damage_healed":0.0,"max_hp_gain":5.0,"max_hp_loss":0.0,"gold_gain":0.0,"event_name":"Big Fish","player_choice":"Donut","floor":5.0,"gold_loss":0.0,"damage_taken":0.0},{"damage_healed":0.0,"max_hp_gain":0.0,"max_hp_loss":0.0,"gold_gain":0.0,"event_name":"Match and Keep!","player_choice":"2 cards matched","floor":12.0,"gold_loss":0.0,"damage_taken":0.0,"cards_obtained":["Multi-Cast","Darkness"]},{"damage_healed":0.0,"max_hp_gain":0.0,"max_hp_loss":0.0,"gold_gain":0.0,"event_name":"Lab","player_choice":"Got Potions","floor":19.0,"gold_loss":0.0,"damage_taken":0.0}],"is_beta":true,"boss_relics":[{"not_picked":["Busted Crown","Nuclear Battery"],"picked":"Runic Dome"}],"items_purged_floors":[4],"is_endless":false,"potions_floor_spawned":[3,8,14,16,21,24],"killed_by":"Snake Plant","ascension_level":20}