{"gold_per_floor":[113,189,189,136,151,184,184,216,243,278,118,83,98,109,109,186,186,202,18,29,39,57,57,90,90,116,135,235,251,270,288,288,361,361,380,380,36,60,76,76,91,103,157,19,46,46,58,84,84,84,84,84,84,0,34,34],"floor_reached":56,"playtime":2950,"items_purged":["Strike_R","Strike_R"],"score":1948,"play_id":"6cce04a4-3a4c-4f9a-91c1-4a057689c378","local_time":"20190209040532","is_ascension_mode":true,"campfire_choices":[{"data":"Inflame","floor":7.0,"key":"SMITH"},{"data":"Combust","floor":15.0,"key":"SMITH"},{"floor":23.0,"key":"REST"},{"data":"Demon Form","floor":25.0,"key":"SMITH"},{"floor":32.0,"key":"REST"},{"floor":40.0,"key":"RECALL"},{"floor":46.0,"key":"REST"},{"floor":49.0,"key":"REST"},{"floor":53.0,"key":"REST"}],"neow_cost":"NONE","seed_source_timestamp":1417277850434539,"circlet_count":0,"master_deck":["AscendersBane","Strike_R","Strike_R","Strike_R+1","Defend_R+1","Defend_R","Defend_R","Defend_R","Bash","Carnage+1","True Grit","Shrug It Off","Inflame+1","Evolve","Combust+1","Disarm+1","Flame Barrier","Demon Form+1","Dual Wield","Heavy Blade","Juggernaut","Shrug It Off","Inflame","Impervious","Bludgeon","Shockwave","Disarm","Disarm","Flame Barrier+1","Spot Weakness+1","Impervious","Reaper","Limit Break"],"special_seed":0,"relics":["Burning Blood","NeowsBlessing","Mummified Hand","Ancient Tea Set","Regal Pillow","Potion Belt","Lantern","Snecko Eye","Blood Vial","Bag of Preparation","Nunchaku","Pear","Fusion Hammer","Pantograph","War Paint","Omamori","Smiling Mask","Ice Cream"],"potions_floor_usage":[56,56,56,56],"damage_taken":[{"damage":0.0,"enemies":"Cultist","floor":1.0,"turns":1.0},{"damage":0.0,"enemies":"2 Louse","floor":5.0,"turns":1.0},{"damage":0.0,"enemies":"3 Sentries","floor":6.0,"turns":2.0},{"damage":23.0,"enemies":"Lagavulin","floor":8.0,"turns":5.0},{"damage":32.0,"enemies":"Gremlin Nob","floor":10.0,"turns":4.0},{"damage":2.0,"enemies":"Jaw Worm","floor":13.0,"turns":3.0},{"damage":6.0,"enemies":"Looter","floor":14.0,"turns":3.0},{"damage":23.0,"enemies":"Slime Boss","floor":16.0,"turns":7.0},{"damage":13.0,"enemies":"3 Byrds","floor":18.0,"turns":4.0},{"damage":15.0,"enemies":"Chosen","floor":20.0,"turns":5.0},{"damage":16.0,"enemies":"Snake Plant","floor":21.0,"turns":4.0},{"damage":15.0,"enemies":"Sentry and Sphere","floor":22.0,"turns":5.0},{"damage":31.0,"enemies":"Book of Stabbing","floor":24.0,"turns":4.0},{"damage":15.0,"enemies":"Centurion and Healer","floor":27.0,"turns":4.0},{"damage":0.0,"enemies":"Colosseum Slavers","floor":28.0,"turns":2.0},{"damage":4.0,"enemies":"Colosseum Nobs","floor":28.0,"turns":4.0},{"damage":8.0,"enemies":"Snecko","floor":29.0,"turns":4.0},{"damage":25.0,"enemies":"Shelled Parasite and Fungi","floor":30.0,"turns":4.0},{"damage":12.0,"enemies":"Cultist and Chosen","floor":31.0,"turns":4.0},{"damage":42.0,"enemies":"Champ","floor":33.0,"turns":11.0},{"damage":25.0,"enemies":"3 Darklings","floor":35.0,"turns":5.0},{"damage":3.0,"enemies":"3 Shapes","floor":39.0,"turns":4.0},{"damage":8.0,"enemies":"Writhing Mass","floor":41.0,"turns":4.0},{"damage":4.0,"enemies":"Sphere and 2 Shapes","floor":42.0,"turns":5.0},{"damage":14.0,"enemies":"Giant Head","floor":45.0,"turns":5.0},{"damage":3.0,"enemies":"4 Shapes","floor":47.0,"turns":4.0},{"damage":61.0,"enemies":"Reptomancer","floor":48.0,"turns":6.0},{"damage":64.0,"enemies":"Donu and Deca","floor":50.0,"turns":9.0},{"damage":40.0,"enemies":"Awakened One","floor":51.0,"turns":24.0},{"damage":110.0,"enemies":"Shield and Spear","floor":55.0,"turns":8.0},{"damage":24,"enemies":"The Heart","floor":56,"turns":3}],"seed_played":"-7420024135824609314","potions_obtained":[{"floor":1.0,"key":"SneckoOil"},{"floor":6.0,"key":"Strength Potion"},{"floor":8.0,"key":"Dexterity Potion"},{"floor":16.0,"key":"SpeedPotion"},{"floor":20.0,"key":"Ancient Potion"},{"floor":21.0,"key":"AttackPotion"},{"floor":27.0,"key":"Energy Potion"},{"floor":29.0,"key":"Regen Potion"},{"floor":31.0,"key":"Poison Potion"},{"floor":41.0,"key":"GamblersBrew"}],"is_trial":false,"path_per_floor":["M","T","?","$","M","E","R","E","T","E","$","?","M","M","R","B",null,"M","$","M","M","M","R","E","R","T","M","?","M","M","M","R","B",null,"M","?","$","T","M","R","M","M","T","$","E","R","M","E","R","B","B",null,"R","$","E","B"],"character_chosen":"IRONCLAD","items_purchased":["True Grit","Disarm","Dual Wield","Disarm","Pantograph","Ancient Potion","Dexterity Potion","Reaper"],"campfire_rested":5,"item_purchase_floors":[4,11,19,37,37,44,44,54],"current_hp_per_floor":[74,74,51,51,57,63,63,46,46,20,20,38,42,42,42,25,63,56,56,47,37,28,65,40,40,40,33,55,55,38,34,74,40,74,57,57,57,57,62,62,62,66,66,66,60,85,85,30,70,27,20,69,85,85,43,49],"gold":34,"neow_bonus":"THREE_ENEMY_KILL","is_prod":false,"is_daily":false,"chose_seed":false,"campfire_upgraded":3,"win_rate":0,"timestamp":1549713932,"path_taken":["M","?","?","$","M","E","R","E","T","E","$","?","M","M","R","BOSS","M","$","M","M","M","R","E","R","T","M","?","M","M","M","R","BOSS","M","?","$","?","M","R","M","M","T","?","E","R","M","E","R","BOSS","BOSS","R","$","E","BOSS"],"build_version":"2019-02-06","purchased_purges":2,"victory":false,"max_hp_per_floor":[75,75,75,75,75,75,75,75,75,75,75,75,75,75,75,75,75,75,75,75,75,75,75,75,75,75,75,85,85,85,85,85,85,85,85,85,85,85,85,85,85,85,85,85,85,85,85,85,85,85,85,85,85,85,85,85],"card_choices":[{"not_picked":["Entrench","Evolve"],"picked":"Carnage","floor":1.0},{"not_picked":["Twin Strike","Iron Wave"],"picked":"Shrug It Off","floor":5.0},{"not_picked":["Carnage","Flex"],"picked":"Inflame","floor":6.0},{"not_picked":["Rupture","Infernal Blade"],"picked":"Evolve","floor":8.0},{"not_picked":["Sever Soul","Havoc"],"picked":"Combust","floor":10.0},{"not_picked":["Pummel","Dark Embrace"],"picked":"Flame Barrier","floor":13.0},{"not_picked":["Body Slam","Iron Wave","Headbutt"],"picked":"SKIP","floor":14.0},{"not_picked":["Exhume","Berserk"],"picked":"Demon Form","floor":16.0},{"not_picked":["Clash","Wild Strike","Pommel Strike"],"picked":"SKIP","floor":18.0},{"not_picked":["Blood for Blood","Body Slam","Sentinel"],"picked":"SKIP","floor":20.0},{"not_picked":["Headbutt+1","Flex"],"picked":"Heavy Blade","floor":21.0},{"not_picked":["Havoc","Burning Pact"],"picked":"Juggernaut","floor":22.0},{"not_picked":["Intimidate","Cleave"],"picked":"Shrug It Off","floor":24.0},{"not_picked":["Body Slam","Flex"],"picked":"Inflame","floor":27.0},{"not_picked":["Intimidate","Wild Strike"],"picked":"Impervious","floor":29.0},{"not_picked":["Twin Strike","Flex+1","Evolve"],"picked":"SKIP","floor":30.0},{"not_picked":["Thunderclap","Havoc+1","Armaments"],"picked":"SKIP","floor":31.0},{"not_picked":["Feed","Juggernaut"],"picked":"Bludgeon","floor":33.0},{"not_picked":["True Grit","Corruption"],"picked":"Shockwave","floor":35.0},{"not_picked":["Dual Wield","Wild Strike","Pummel+1"],"picked":"SKIP","floor":39.0},{"not_picked":["Infernal Blade","Seeing Red+1","Twin Strike"],"picked":"SKIP","floor":41.0},{"not_picked":["Flex+1","Wild Strike"],"picked":"Flame Barrier+1","floor":42.0},{"not_picked":["Rage+1","Carnage+1","Cleave+1"],"picked":"SKIP","floor":45.0},{"not_picked":["Cleave","Sentinel"],"picked":"Spot Weakness+1","floor":47.0},{"not_picked":["Clothesline","True Grit"],"picked":"Impervious","floor":48.0},{"not_picked":["Combust","Blood for Blood+1"],"picked":"Limit Break","floor":55.0}],"player_experience":1120746,"relics_obtained":[{"floor":2.0,"key":"Mummified Hand"},{"floor":6.0,"key":"Ancient Tea Set"},{"floor":8.0,"key":"Regal Pillow"},{"floor":9.0,"key":"Potion Belt"},{"floor":10.0,"key":"Lantern"},{"floor":24.0,"key":"Blood Vial"},{"floor":26.0,"key":"Bag of Preparation"},{"floor":28.0,"key":"Nunchaku"},{"floor":28.0,"key":"Pear"},{"floor":43.0,"key":"War Paint"},{"floor":45.0,"key":"Omamori"},{"floor":48.0,"key":"Smiling Mask"},{"floor":55.0,"key":"Ice Cream"}],"event_choices":[{"damage_healed":0.0,"max_hp_gain":0.0,"max_hp_loss":0.0,"gold_gain":0.0,"event_name":"Shining Light","player_choice":"Entered Light","floor":3.0,"gold_loss":0.0,"damage_taken":23.0,"cards_upgraded":["Strike_R","Carnage"]},{"damage_healed":18.0,"max_hp_gain":0.0,"max_hp_loss":0.0,"gold_gain":0.0,"event_name":"The Cleric","player_choice":"Healed","floor":12.0,"gold_loss":35.0,"damage_taken":0.0},{"damage_healed":0.0,"max_hp_gain":0.0,"max_hp_loss":0.0,"gold_gain":0.0,"event_name":"Colosseum","player_choice":"Fight","floor":28.0,"gold_loss":0.0,"damage_taken":0.0},{"damage_healed":0.0,"max_hp_gain":0.0,"max_hp_loss":0.0,"gold_gain":0.0,"event_name":"Colosseum","player_choice":"Fought Nobs","floor":28.0,"gold_loss":0.0,"damage_taken":0.0},{"damage_healed":0.0,"max_hp_gain":0.0,"max_hp_loss":0.0,"gold_gain":0.0,"event_name":"Duplicator","player_choice":"Copied","floor":36.0,"gold_loss":0.0,"damage_taken":0.0,"cards_obtained":["Disarm"]}],"is_beta":true,"boss_relics":[{"not_picked":["Coffee Dripper","Eternal Feather"],"picked":"Snecko Eye"},{"not_picked":["Pandora\u0027s Box","White Beast Statue"],"picked":"Fusion Hammer"}],"items_purged_floors":[11,19],"is_endless":false,"potions_floor_spawned":[1,6,8,16,20,21,27,29,31,39,41,45,47],"killed_by":"The Heart","ascension_level":20}