{"gold_per_floor":[110,75,88,100,100,100,100,100,125,156,107,132,173,192,192,192],"floor_reached":16,"playtime":1611,"items_purged":[],"score":150,"play_id":"74b5d5e1-50c4-4ebf-ab4b-43f28ca1a0b1","local_time":"20190404222401","is_ascension_mode":true,"campfire_choices":[{"data":"Sucker Punch","floor":6.0,"key":"SMITH"},{"data":"Deflect","floor":8.0,"key":"SMITH"},{"data":"Glass Knife","floor":15.0,"key":"SMITH"}],"neow_cost":"NONE","seed_source_timestamp":944022923554600,"circlet_count":0,"master_deck":["AscendersBane","Defend_G","Defend_G+1","Defend_G","Defend_G","Defend_G","Strike_G","Strike_G","Strike_G","Strike_G","Strike_G","Survivor","Neutralize","Sucker Punch+1","Well Laid Plans","Deflect+1","Cloak And Dagger+1","Injury","Dagger Spray","Glass Knife+1","Quick Slash"],"special_seed":0,"relics":["Ring of the Snake","Golden Idol","Omamori","Odd Mushroom","Sundial"],"potions_floor_usage":[],"damage_taken":[{"damage":4.0,"enemies":"Jaw Worm","floor":1.0,"turns":5.0},{"damage":3.0,"enemies":"2 Louse","floor":3.0,"turns":4.0},{"damage":5.0,"enemies":"Small Slimes","floor":4.0,"turns":5.0},{"damage":13.0,"enemies":"The Mushroom Lair","floor":10.0,"turns":5.0},{"damage":1.0,"enemies":"Blue Slaver","floor":12.0,"turns":4.0},{"damage":9.0,"enemies":"3 Sentries","floor":13.0,"turns":7.0},{"damage":6.0,"enemies":"Exordium Wildlife","floor":14.0,"turns":5.0},{"damage":41,"enemies":"Slime Boss","floor":16,"turns":11}],"seed_played":"-3895921587028523502","potions_obtained":[{"floor":4.0,"key":"Poison Potion"},{"floor":12.0,"key":"Poison Potion"},{"floor":14.0,"key":"FairyPotion"}],"is_trial":false,"path_per_floor":["M","?","M","M","?","R","?","R","T","?","$","M","E","M","R","B"],"character_chosen":"THE_SILENT","items_purchased":["Fire Potion"],"campfire_rested":0,"item_purchase_floors":[11],"current_hp_per_floor":[59,70,67,62,62,62,48,48,48,35,35,34,25,19,19,0],"gold":192,"neow_bonus":"THREE_CARDS","is_prod":false,"is_daily":false,"chose_seed":false,"campfire_upgraded":3,"win_rate":0,"timestamp":1554409441,"path_taken":["M","?","M","M","?","R","?","R","T","?","?","M","E","M","R","BOSS"],"build_version":"2019-01-23","purchased_purges":0,"victory":false,"max_hp_per_floor":[70,70,70,70,70,70,70,70,70,70,70,70,70,70,70,70],"card_choices":[{"not_picked":["Flying Knee","PiercingWail"],"picked":"Sucker Punch","floor":0.0},{"not_picked":["PiercingWail","Outmaneuver"],"picked":"Well Laid Plans","floor":1.0},{"not_picked":["Flying Knee","Reflex"],"picked":"Deflect","floor":3.0},{"not_picked":["Bane","Prepared"],"picked":"Cloak And Dagger","floor":4.0},{"not_picked":["Escape Plan","PiercingWail"],"picked":"Dagger Spray","floor":10.0},{"not_picked":["Expertise","Deadly Poison","Endless Agony"],"picked":"SKIP","floor":12.0},{"not_picked":["After Image","Catalyst"],"picked":"Glass Knife","floor":13.0},{"not_picked":["Concentrate","Masterful Stab"],"picked":"Quick Slash","floor":14.0}],"player_experience":628328,"relics_obtained":[{"floor":9.0,"key":"Omamori"},{"floor":10.0,"key":"Odd Mushroom"},{"floor":13.0,"key":"Sundial"}],"event_choices":[{"damage_healed":17.0,"max_hp_gain":0.0,"max_hp_loss":0.0,"gold_gain":0.0,"event_name":"The Cleric","player_choice":"Healed","floor":2.0,"gold_loss":35.0,"damage_taken":0.0},{"damage_healed":0.0,"max_hp_gain":0.0,"max_hp_loss":0.0,"gold_gain":0.0,"event_name":"Golden Idol","player_choice":"Take Wound","floor":5.0,"gold_loss":0.0,"damage_taken":0.0,"relics_obtained":["Golden Idol"],"cards_obtained":["Injury"]},{"damage_healed":0.0,"max_hp_gain":0.0,"max_hp_loss":0.0,"gold_gain":0.0,"event_name":"Shining Light","player_choice":"Entered Light","floor":7.0,"gold_loss":0.0,"damage_taken":14.0,"cards_upgraded":["Defend_G","Cloak And Dagger"]},{"damage_healed":0.0,"max_hp_gain":0.0,"max_hp_loss":0.0,"gold_gain":0.0,"event_name":"Mushrooms","player_choice":"Fought Mushrooms","floor":10.0,"gold_loss":0.0,"damage_taken":0.0}],"is_beta":false,"boss_relics":[],"items_purged_floors":[],"is_endless":false,"potions_floor_spawned":[4,12,14],"killed_by":"Slime Boss","ascension_level":10}