{"gold_per_floor":[118,129,129,142,162,162,190,204,204,204,234,234,88,12,12,105,105,125,125,148,169,169,169,205,221,221,221,252,266,266,281,281,371,371,395,395,395,320,343,383,383,304,304,335,359,384,409,185,185,185,185,185,185,52,91,91],"floor_reached":56,"playtime":3816,"items_purged":["Strike_B","Beam Cell+1"],"score":2039,"play_id":"23c4be14-0bbf-411d-8537-b3316812781e","local_time":"20190301003800","is_ascension_mode":true,"campfire_choices":[{"data":"Sweeping Beam","floor":6.0,"key":"SMITH"},{"floor":10.0,"key":"REST"},{"data":"Consume","floor":15.0,"key":"SMITH"},{"data":"Coolheaded","floor":23.0,"key":"SMITH"},{"data":"Coolheaded","floor":27.0,"key":"SMITH"},{"data":"Zap","floor":30.0,"key":"SMITH"},{"floor":32.0,"key":"REST"},{"data":"Coolheaded","floor":41.0,"key":"SMITH"},{"floor":49.0,"key":"RECALL"},{"data":"Hologram","floor":53.0,"key":"SMITH"}],"neow_cost":"NONE","seed_source_timestamp":2662880671360729,"circlet_count":0,"master_deck":["AscendersBane","Defend_B","Defend_B","Defend_B","Defend_B","Zap+1","Dualcast","Ball Lightning","Sweeping Beam+1","Coolheaded+1","Core Surge","Consume+1","Hologram+1","Capacitor+1","Coolheaded+1","Self Repair+1","Electrodynamics+1","Fusion+1","Echo Form+1","Coolheaded+1","Cold Snap","Seek+1","Force Field+1","Steam+1","Seek+1","Dark Shackles+1","Secret Technique+1","Finesse+1","Chill+1","Conserve Battery+1","Capacitor+1","Storm+1","Static Discharge+1","Panacea+1","Capacitor+1"],"special_seed":0,"relics":["Cracked Core","Regal Pillow","Blue Candle","Frozen Egg 2","Mummified Hand","Golden Idol","Astrolabe","Meat on the Bone","Dream Catcher","Toxic Egg 2","Nuclear Battery","Bag of Marbles","Pantograph","Peace Pipe","Symbiotic Virus"],"potions_floor_usage":[55,56],"damage_taken":[{"damage":0.0,"enemies":"Small Slimes","floor":1.0,"turns":2.0},{"damage":1.0,"enemies":"Cultist","floor":2.0,"turns":3.0},{"damage":7.0,"enemies":"Jaw Worm","floor":4.0,"turns":3.0},{"damage":10.0,"enemies":"3 Louse","floor":5.0,"turns":3.0},{"damage":22.0,"enemies":"3 Sentries","floor":7.0,"turns":6.0},{"damage":6.0,"enemies":"Lots of Slimes","floor":8.0,"turns":2.0},{"damage":18.0,"enemies":"Gremlin Nob","floor":11.0,"turns":4.0},{"damage":15.0,"enemies":"Hexaghost","floor":16.0,"turns":9.0},{"damage":24.0,"enemies":"Chosen","floor":18.0,"turns":6.0},{"damage":23.0,"enemies":"2 Thieves","floor":20.0,"turns":3.0},{"damage":32.0,"enemies":"Snake Plant","floor":21.0,"turns":4.0},{"damage":0.0,"enemies":"Gremlin Leader","floor":24.0,"turns":5.0},{"damage":32.0,"enemies":"Sentry and Sphere","floor":25.0,"turns":6.0},{"damage":47.0,"enemies":"Slavers","floor":28.0,"turns":3.0},{"damage":40.0,"enemies":"Shelled Parasite and Fungi","floor":29.0,"turns":6.0},{"damage":22.0,"enemies":"Snake Plant","floor":31.0,"turns":4.0},{"damage":56.0,"enemies":"Collector","floor":33.0,"turns":13.0},{"damage":1.0,"enemies":"Orb Walker","floor":35.0,"turns":4.0},{"damage":0.0,"enemies":"3 Shapes","floor":39.0,"turns":5.0},{"damage":26.0,"enemies":"Nemesis","floor":40.0,"turns":11.0},{"damage":10.0,"enemies":"Reptomancer","floor":44.0,"turns":9.0},{"damage":0.0,"enemies":"3 Darklings","floor":45.0,"turns":3.0},{"damage":0.0,"enemies":"Sphere and 2 Shapes","floor":46.0,"turns":5.0},{"damage":0.0,"enemies":"Maw","floor":47.0,"turns":9.0},{"damage":0.0,"enemies":"Donu and Deca","floor":50.0,"turns":10.0},{"damage":43.0,"enemies":"Awakened One","floor":51.0,"turns":28.0},{"damage":36,"enemies":"Shield and Spear","floor":55,"turns":4},{"damage":70,"enemies":"The Heart","floor":56,"turns":8}],"seed_played":"2757527535100550915","potions_obtained":[{"floor":1.0,"key":"Swift Potion"},{"floor":2.0,"key":"EntropicBrew"},{"floor":16.0,"key":"GamblersBrew"},{"floor":28.0,"key":"EntropicBrew"},{"floor":40.0,"key":"AttackPotion"},{"floor":45.0,"key":"Regen Potion"}],"is_trial":false,"path_per_floor":["M","M","?","M","M","R","E","M","T","R","E","?","$","$","R","B",null,"M","?","M","M","?","R","E","M","T","R","E","M","R","M","R","B",null,"M","?","?","$","M","E","R","$","T","E","M","M","M","$","R","B","B",null,"R","$","E","B"],"character_chosen":"DEFECT","items_purchased":["Capacitor+1","Coolheaded","Self Repair+1","FocusPotion","FocusPotion","Storm+1","Static Discharge+1","Panacea+1"],"campfire_rested":2,"item_purchase_floors":[13,13,14,42,48,48,54,54],"current_hp_per_floor":[64,63,63,56,46,46,24,18,18,54,36,36,36,36,36,31,56,52,52,51,51,34,34,56,56,56,56,41,23,23,23,58,24,58,67,57,57,57,69,53,53,53,53,63,63,69,69,69,69,69,58,66,66,66,52,0],"gold":91,"neow_bonus":"THREE_CARDS","is_prod":false,"is_daily":false,"chose_seed":false,"campfire_upgraded":7,"win_rate":0,"timestamp":1551429480,"path_taken":["M","M","?","?","M","R","E","M","T","R","E","?","?","$","R","BOSS","M","?","?","M","?","R","E","M","T","R","E","M","R","M","R","BOSS","M","?","?","$","M","E","R","$","T","E","M","?","M","$","R","BOSS","BOSS","R","$","E","BOSS"],"build_version":"2019-02-06","purchased_purges":2,"victory":false,"max_hp_per_floor":[71,71,71,71,71,71,71,71,71,71,71,64,64,64,64,64,64,64,64,64,64,69,69,69,69,69,69,69,69,69,69,69,69,69,69,69,69,69,69,69,69,69,69,69,69,69,69,69,69,69,69,69,69,69,69,69],"card_choices":[{"not_picked":["Rip and Tear","Scrape"],"picked":"Ball Lightning","floor":0.0},{"not_picked":["Storm","Compile Driver","Streamline"],"picked":"SKIP","floor":1.0},{"not_picked":["Storm","Compile Driver","Streamline"],"picked":"SKIP","floor":1.0},{"not_picked":["Streamline","Barrage"],"picked":"Sweeping Beam","floor":2.0},{"not_picked":["Steam","Consume"],"picked":"Coolheaded","floor":4.0},{"not_picked":["Redo","Beam Cell","Go for the Eyes"],"picked":"SKIP","floor":5.0},{"not_picked":["Rip and Tear","Redo"],"picked":"Core Surge","floor":7.0},{"not_picked":["Doom and Gloom","Leap"],"picked":"Consume","floor":8.0},{"not_picked":["Lockon","Recycle"],"picked":"Hologram","floor":11.0},{"not_picked":["Thunder Strike","Reboot"],"picked":"Electrodynamics+1","floor":16.0},{"not_picked":["Turbo","Streamline","Barrage"],"picked":"SKIP","floor":18.0},{"not_picked":["Scrape","Darkness","Gash"],"picked":"SKIP","floor":20.0},{"not_picked":["Leap","Turbo","Rebound"],"picked":"SKIP","floor":21.0},{"not_picked":["Rebound","Compile Driver"],"picked":"Coolheaded","floor":24.0},{"not_picked":["Sunder","Hologram+1"],"picked":"Cold Snap","floor":25.0},{"not_picked":["Chaos","Beam Cell"],"picked":"Seek","floor":28.0},{"not_picked":["Leap+1","Cold Snap+1","Compile Driver"],"picked":"SKIP","floor":29.0},{"not_picked":["Redo+1","Sweeping Beam"],"picked":"Force Field+1","floor":31.0},{"not_picked":["Streamline","Barrage"],"picked":"Steam+1","floor":32.0},{"not_picked":["Buffer+1","Electrodynamics+1"],"picked":"Seek+1","floor":33.0},{"not_picked":["Sweeping Beam","Go for the Eyes","FTL+1"],"picked":"SKIP","floor":35.0},{"not_picked":["Madness+1","Flash of Steel"],"picked":"Dark Shackles+1","floor":36.0},{"not_picked":["Blind+1","Sadistic Nature+1"],"picked":"Secret Technique+1","floor":36.0},{"not_picked":["Transmutation+1","Thinking Ahead+1"],"picked":"Finesse+1","floor":36.0},{"not_picked":["Steam+1","Rebound","Redo+1"],"picked":"SKIP","floor":39.0},{"not_picked":["Coolheaded+1","Steam+1"],"picked":"Chill+1","floor":40.0},{"not_picked":["Tempest+1","Reprogram+1","Streamline+1"],"picked":"SKIP","floor":44.0},{"not_picked":["Barrage","Cold Snap"],"picked":"Conserve Battery+1","floor":45.0},{"not_picked":["Force Field+1","Reboot+1"],"picked":"Capacitor+1","floor":46.0},{"not_picked":["Capacitor+1","Gash","Fusion+1"],"picked":"SKIP","floor":47.0},{"not_picked":["Darkness+1","Storm+1"],"picked":"Capacitor+1","floor":55}],"player_experience":1289047,"relics_obtained":[{"floor":3.0,"key":"Regal Pillow"},{"floor":7.0,"key":"Blue Candle"},{"floor":9.0,"key":"Frozen Egg 2"},{"floor":11.0,"key":"Mummified Hand"},{"floor":19.0,"key":"Meat on the Bone"},{"floor":24.0,"key":"Dream Catcher"},{"floor":28.0,"key":"Toxic Egg 2"},{"floor":40.0,"key":"Bag of Marbles"},{"floor":43.0,"key":"Pantograph"},{"floor":44.0,"key":"Peace Pipe"},{"floor":55,"key":"Symbiotic Virus"}],"event_choices":[{"damage_healed":0.0,"max_hp_gain":0.0,"max_hp_loss":0.0,"gold_gain":0.0,"event_name":"Wheel of Change","player_choice":"Relic","floor":3.0,"gold_loss":0.0,"damage_taken":0.0},{"damage_healed":0.0,"max_hp_gain":0.0,"max_hp_loss":7.0,"gold_gain":0.0,"event_name":"Golden Idol","player_choice":"Lose Max HP","floor":12.0,"gold_loss":0.0,"damage_taken":0.0,"relics_obtained":["Golden Idol"]},{"damage_healed":0.0,"max_hp_gain":0.0,"max_hp_loss":0.0,"gold_gain":0.0,"event_name":"Wheel of Change","player_choice":"Relic","floor":19.0,"gold_loss":0.0,"damage_taken":0.0},{"damage_healed":0.0,"max_hp_gain":5.0,"max_hp_loss":0.0,"gold_gain":0.0,"event_name":"Forgotten Altar","player_choice":"Shed Blood","floor":22.0,"gold_loss":0.0,"damage_taken":22.0},{"damage_healed":0.0,"max_hp_gain":0.0,"max_hp_loss":0.0,"gold_gain":0.0,"event_name":"SensoryStone","player_choice":"Memory 3","floor":36.0,"gold_loss":0.0,"damage_taken":10.0},{"damage_healed":0.0,"max_hp_gain":0.0,"max_hp_loss":0.0,"gold_gain":0.0,"event_name":"Lab","player_choice":"Got Potions","floor":37.0,"gold_loss":0.0,"damage_taken":0.0}],"is_beta":true,"boss_relics":[{"not_picked":["FrozenCore","Snecko Eye"],"picked":"Astrolabe"},{"not_picked":["Lizard Tail","Busted Crown"],"picked":"Nuclear Battery"}],"items_purged_floors":[38,48],"is_endless":false,"potions_floor_spawned":[1,2,16,18,20,28,31,40,45,46],"killed_by":"The Heart","ascension_level":20}