{"gold_per_floor":[145,145,145,159,170,198,198,216,270,40,51,226,259,309,309,413,413,400,412,627,646,665,665,665,1,25,45,45,45,73,73,73,73],"floor_reached":33,"playtime":1024,"items_purged":["Regret","Doubt"],"score":355,"play_id":"5b08073c-8881-4d22-810c-4238eeb59a10","local_time":"20190407025835","is_ascension_mode":true,"campfire_choices":[{"floor":7,"key":"REST"},{"floor":15,"key":"REST"},{"floor":23,"key":"REST"},{"floor":29,"key":"REST"},{"data":"Echo Form","floor":32,"key":"SMITH"}],"neow_cost":"NONE","seed_source_timestamp":15868517981564,"circlet_count":0,"master_deck":["Strike_B","Strike_B","Strike_B","Strike_B","Defend_B","Defend_B","Defend_B","Defend_B","Zap","Dualcast","Conserve Battery","Core Surge+1","Rebound+1","Gash","Redo","Echo Form+1","Conserve Battery+1","Ball Lightning+1","Gash","FTL","Scrape+1","Self Repair","Ball Lightning+1","Gash+1","Sweeping Beam+1"],"relics":["Cracked Core","Tiny Chest","Cables","Regal Pillow","Whetstone","Oddly Smooth Stone","Juzu Bracelet","Ancient Tea Set","Nuclear Battery","Old Coin","PreservedInsect","Molten Egg 2","Art of War","Happy Flower"],"potions_floor_usage":[16,16,16,22,22,24],"damage_taken":[{"damage":0,"enemies":"Small Slimes","floor":1,"turns":4},{"damage":3,"enemies":"2 Louse","floor":4,"turns":2},{"damage":9,"enemies":"Jaw Worm","floor":5,"turns":4},{"damage":31,"enemies":"Gremlin Nob","floor":6,"turns":4},{"damage":14,"enemies":"2 Fungi Beasts","floor":8,"turns":3},{"damage":11,"enemies":"Exordium Thugs","floor":11,"turns":3},{"damage":24,"enemies":"3 Sentries","floor":13,"turns":5},{"damage":24,"enemies":"Hexaghost","floor":16,"turns":7},{"damage":26,"enemies":"2 Thieves","floor":18,"turns":4},{"damage":18,"enemies":"Spheric Guardian","floor":19,"turns":4},{"damage":4,"enemies":"Cultist and Chosen","floor":21,"turns":5},{"damage":24,"enemies":"Centurion and Healer","floor":22,"turns":5},{"damage":18,"enemies":"Colosseum Slavers","floor":24,"turns":4},{"damage":0,"enemies":"Snecko","floor":27,"turns":4},{"damage":30,"enemies":"Slavers","floor":30,"turns":4},{"damage":56,"enemies":"Automaton","floor":33,"turns":6}],"seed_played":"1425705586095172920","potions_obtained":[{"floor":4,"key":"Poison Potion"},{"floor":8,"key":"Poison Potion"},{"floor":11,"key":"PowerPotion"},{"floor":18,"key":"SneckoOil"},{"floor":19,"key":"Swift Potion"},{"floor":21,"key":"Energy Potion"}],"is_trial":false,"path_per_floor":["M","?","?","M","M","E","R","M","T","$","M","?","E","T","R","B",null,"M","M","?","M","M","R","?","$","T","M","?","R","E","$","R","B"],"character_chosen":"DEFECT","items_purchased":["Oddly Smooth Stone","PreservedInsect","Molten Egg 2","Scrape+1","Self Repair","Ball Lightning+1"],"campfire_rested":4,"item_purchase_floors":[10,25,25,25,25,25],"current_hp_per_floor":[75,75,75,72,63,32,69,55,55,55,44,44,20,20,57,33,75,49,31,31,27,3,40,22,22,22,29,29,66,50,50,50,0],"gold":73,"neow_bonus":"RANDOM_COMMON_RELIC","is_prod":false,"is_daily":false,"chose_seed":false,"campfire_upgraded":1,"win_rate":0,"timestamp":1554602315,"path_taken":["M","?","?","M","M","E","R","M","T","$","M","?","E","?","R","BOSS","M","M","?","M","M","R","?","$","T","M","?","R","E","$","R","BOSS"],"build_version":"2019-01-23","purchased_purges":2,"victory":false,"max_hp_per_floor":[75,75,75,75,75,75,75,75,75,75,75,75,75,75,75,75,75,75,75,75,75,75,75,75,75,75,75,75,75,75,75,75,75],"card_choices":[{"not_picked":["Barrage","Static Discharge"],"picked":"Conserve Battery","floor":1},{"not_picked":["Conserve Battery","Cold Snap","Stack"],"picked":"SKIP","floor":4},{"not_picked":["Barrage","Streamline"],"picked":"Core Surge","floor":5},{"not_picked":["Streamline","Double Energy"],"picked":"Rebound","floor":6},{"not_picked":["Auto Shields","Doom and Gloom"],"picked":"Gash","floor":8},{"not_picked":["Streamline","Amplify"],"picked":"Redo","floor":11},{"not_picked":["Stack","Barrage","Consume"],"picked":"SKIP","floor":13},{"not_picked":["Amplify","Buffer"],"picked":"Echo Form","floor":16},{"not_picked":["Stack","Chill"],"picked":"Conserve Battery+1","floor":18},{"not_picked":["Reprogram","Coolheaded+1"],"picked":"Ball Lightning+1","floor":19},{"not_picked":["Rip and Tear","Turbo+1"],"picked":"Gash","floor":21},{"not_picked":["Storm","Streamline+1"],"picked":"FTL","floor":22},{"not_picked":["Sweeping Beam+1","Rip and Tear+1"],"picked":"Gash+1","floor":27},{"not_picked":["Coolheaded+1","Rebound+1"],"picked":"Sweeping Beam+1","floor":30}],"player_experience":392584,"relics_obtained":[{"floor":6,"key":"Regal Pillow"},{"floor":9,"key":"Whetstone"},{"floor":13,"key":"Juzu Bracelet"},{"floor":14,"key":"Ancient Tea Set"},{"floor":26,"key":"Art of War"},{"floor":30,"key":"Happy Flower"}],"event_choices":[{"damage_healed":0,"gold_gain":0,"player_choice":"Leave","damage_taken":0,"max_hp_gain":0,"max_hp_loss":0,"event_name":"The Cleric","floor":2,"gold_loss":0},{"damage_healed":0,"gold_gain":0,"player_choice":"Box","damage_taken":0,"relics_obtained":["Cables"],"max_hp_gain":0,"max_hp_loss":0,"event_name":"Big Fish","floor":3,"gold_loss":0,"cards_obtained":["Regret"]},{"damage_healed":0,"gold_gain":175,"player_choice":"AGREE","damage_taken":0,"max_hp_gain":0,"max_hp_loss":0,"event_name":"Liars Game","floor":12,"gold_loss":0,"cards_obtained":["Doubt"]},{"damage_healed":0,"gold_gain":0,"player_choice":"Obtained Relic","damage_taken":0,"relics_obtained":["Old Coin"],"max_hp_gain":0,"max_hp_loss":0,"event_name":"Addict","floor":20,"gold_loss":85},{"damage_healed":0,"gold_gain":0,"player_choice":"Fight","damage_taken":0,"max_hp_gain":0,"max_hp_loss":0,"event_name":"Colosseum","floor":24,"gold_loss":0},{"damage_healed":0,"gold_gain":0,"player_choice":"Fled From Nobs","damage_taken":0,"max_hp_gain":0,"max_hp_loss":0,"event_name":"Colosseum","floor":24,"gold_loss":0},{"damage_healed":0,"gold_gain":0,"player_choice":"Ignored","damage_taken":0,"max_hp_gain":0,"max_hp_loss":0,"event_name":"Beggar","floor":28,"gold_loss":0}],"is_beta":false,"boss_relics":[{"not_picked":["Busted Crown","Empty Cage"],"picked":"Nuclear Battery"}],"items_purged_floors":[10,25],"is_endless":false,"potions_floor_spawned":[4,8,11,13,18,19,21],"killed_by":"Automaton","ascension_level":4}