{"gold_per_floor":[214,164,12,28,28,59,59,79,79,99,131,206,206,206,206,308,308,318,318,318,28,40,67,67,78,78,110,123,157,169,185,185,285,285,296,296,341,414,434,467,467,493,493,493,493,96,112,145,145,145],"floor_reached":51,"playtime":1624,"items_purged":[],"score":1031,"play_id":"eee4461c-dd23-4756-ab34-55adce14c8eb","local_time":"20190424025612","is_ascension_mode":true,"campfire_choices":[{"data":"Streamline","floor":7,"key":"SMITH"},{"floor":13,"key":"REST"},{"data":"1","floor":15,"key":"LIFT"},{"data":"2","floor":24,"key":"LIFT"},{"data":"3","floor":32,"key":"LIFT"},{"data":"Finesse","floor":41,"key":"SMITH"},{"floor":44,"key":"REST"},{"floor":49,"key":"REST"}],"neow_cost":"NONE","seed_source_timestamp":1100137526294825,"circlet_count":0,"master_deck":["Strike_B","Strike_B+1","Strike_B","Defend_B","Defend_B+1","Defend_B","Defend_B","Zap","Dualcast","Streamline+1","Reinforced Body","Cold Snap+1","Hologram","Steam","All For One+1","Leap","Go for the Eyes+1","Beam Cell+1","Scrape+1","Go for the Eyes+1","Sunder+1","Go for the Eyes+1","FTL+1","Go for the Eyes+1","Reinforced Body","Go for the Eyes+1","Tempest+1","Beam Cell+1","Core Surge+1","Genetic Algorithm","Finesse+1","FTL+1","Madness","Madness","FTL+1","Biased Cognition+1","Consume"],"relics":["Cracked Core","Boot","Molten Egg 2","Omamori","Centennial Puzzle","Girya","Orrery","Chemical X","Art of War","Frozen Egg 2","Meat on the Bone","The Courier","Runic Pyramid","Nunchaku","Shuriken","Smiling Mask","Pen Nib","Kunai","Oddly Smooth Stone","Lantern","Bag of Preparation","Gremlin Horn"],"potions_floor_usage":[11,11,23,27,27,33,37,39,50,50],"damage_taken":[{"damage":0,"enemies":"Small Slimes","floor":1,"turns":3},{"damage":2,"enemies":"Jaw Worm","floor":4,"turns":3},{"damage":31,"enemies":"Gremlin Nob","floor":6,"turns":4},{"damage":0,"enemies":"2 Louse","floor":8,"turns":1},{"damage":8,"enemies":"Blue Slaver","floor":10,"turns":3},{"damage":6,"enemies":"Lagavulin","floor":11,"turns":5},{"damage":14,"enemies":"The Guardian","floor":16,"turns":11},{"damage":5,"enemies":"Chosen","floor":18,"turns":3},{"damage":5,"enemies":"2 Thieves","floor":22,"turns":2},{"damage":17,"enemies":"Slavers","floor":23,"turns":4},{"damage":0,"enemies":"Snecko","floor":25,"turns":3},{"damage":15,"enemies":"Book of Stabbing","floor":27,"turns":2},{"damage":0,"enemies":"3 Cultists","floor":28,"turns":5},{"damage":19,"enemies":"Slavers","floor":29,"turns":4},{"damage":0,"enemies":"Shelled Parasite and Fungi","floor":30,"turns":2},{"damage":5,"enemies":"Centurion and Healer","floor":31,"turns":4},{"damage":25,"enemies":"Automaton","floor":33,"turns":9},{"damage":0,"enemies":"3 Shapes","floor":35,"turns":4},{"damage":26,"enemies":"2 Orb Walkers","floor":37,"turns":3},{"damage":1,"enemies":"3 Darklings","floor":39,"turns":4},{"damage":5,"enemies":"Giant Head","floor":40,"turns":6},{"damage":25,"enemies":"Reptomancer","floor":42,"turns":6},{"damage":0,"enemies":"4 Shapes","floor":47,"turns":5},{"damage":0,"enemies":"Nemesis","floor":48,"turns":3},{"damage":48,"enemies":"Time Eater","floor":50,"turns":7}],"seed_played":"-7116042963137666642","potions_obtained":[{"floor":6,"key":"SpeedPotion"},{"floor":8,"key":"FearPotion"},{"floor":10,"key":"GamblersBrew"},{"floor":16,"key":"SteroidPotion"},{"floor":18,"key":"PowerPotion"},{"floor":23,"key":"FearPotion"},{"floor":27,"key":"LiquidBronze"},{"floor":29,"key":"Poison Potion"},{"floor":33,"key":"FocusPotion"},{"floor":37,"key":"Energy Potion"},{"floor":39,"key":"Weak Potion"}],"is_trial":false,"path_per_floor":["M","?","$","M","?","E","R","M","T","M","E","?","R","?","R","B",null,"M","?","?","$","M","E","R","M","T","E","M","E","M","M","R","B",null,"M","?","?","T","M","E","R","E","T","R","?","$","M","E","R","B",null],"character_chosen":"DEFECT","items_purchased":["Boot","Chemical X","Sunder+1","Go for the Eyes+1","FTL+1","Oddly Smooth Stone","Lantern","Bag of Preparation"],"campfire_rested":3,"item_purchase_floors":[3,21,21,21,46,46,46,46],"current_hp_per_floor":[75,75,75,73,58,27,27,27,27,19,13,2,24,24,24,10,75,70,70,70,70,65,48,48,48,48,33,45,38,38,45,45,32,75,75,75,49,49,48,43,43,30,30,52,43,43,43,43,65,29],"gold":145,"neow_bonus":"HUNDRED_GOLD","is_prod":false,"is_daily":false,"chose_seed":false,"campfire_upgraded":2,"win_rate":0,"timestamp":1556070972,"path_taken":["M","?","$","M","?","E","R","M","T","M","E","?","R","?","R","BOSS","M","?","?","$","?","E","R","M","T","E","M","E","M","M","R","BOSS","M","?","?","?","M","E","R","E","T","R","?","?","M","E","R","BOSS"],"build_version":"2019-01-23","purchased_purges":0,"victory":true,"max_hp_per_floor":[75,75,75,75,75,75,75,75,75,75,75,75,75,75,75,75,75,75,75,75,75,75,75,75,75,75,75,75,75,75,75,75,75,75,75,75,75,75,75,75,75,75,75,75,75,75,75,75,75,75],"card_choices":[{"not_picked":["Coolheaded","Doom and Gloom"],"picked":"Streamline","floor":1},{"not_picked":["Leap","Hologram"],"picked":"Reinforced Body","floor":4},{"not_picked":["BootSequence","Steam Power"],"picked":"Cold Snap","floor":6},{"not_picked":["Undo","Skim"],"picked":"Hologram","floor":8},{"not_picked":["Reprogram","Hello World"],"picked":"Steam","floor":10},{"not_picked":["Chaos","Hologram","Turbo"],"picked":"SKIP","floor":11},{"not_picked":["Core Surge+1","Echo Form"],"picked":"All For One+1","floor":16},{"not_picked":["Conserve Battery","Double Energy"],"picked":"Leap","floor":17},{"not_picked":["Coolheaded","Streamline+1"],"picked":"Go for the Eyes+1","floor":17},{"not_picked":["BootSequence","Ball Lightning+1"],"picked":"Beam Cell+1","floor":17},{"not_picked":["Blizzard+1","Steam Power"],"picked":"Scrape+1","floor":17},{"not_picked":["Compile Driver+1","Steam"],"picked":"Go for the Eyes+1","floor":17},{"not_picked":["Glacier","Redo","Ball Lightning+1"],"picked":"SKIP","floor":18},{"not_picked":["Glacier","Streamline+1"],"picked":"FTL+1","floor":22},{"not_picked":["BootSequence","Machine Learning"],"picked":"Go for the Eyes+1","floor":23},{"not_picked":["Conserve Battery","Ball Lightning+1","Reprogram"],"picked":"SKIP","floor":25},{"not_picked":["Reprogram","Turbo+1"],"picked":"Reinforced Body","floor":27},{"not_picked":["Darkness+1","Conserve Battery"],"picked":"Go for the Eyes+1","floor":28},{"not_picked":["Rebound+1","White Noise"],"picked":"Tempest+1","floor":29},{"not_picked":["Ball Lightning+1","Steam","Stack"],"picked":"SKIP","floor":30},{"not_picked":["Recycle","Sweeping Beam+1"],"picked":"Beam Cell+1","floor":31},{"not_picked":["Reboot","All For One+1"],"picked":"Core Surge+1","floor":33},{"not_picked":["Leap","Static Discharge+1"],"picked":"Genetic Algorithm","floor":35},{"not_picked":["Mind Blast+1","Forethought"],"picked":"Finesse","floor":36},{"not_picked":["Streamline+1","White Noise","Sweeping Beam+1"],"picked":"SKIP","floor":39},{"not_picked":["Rebound+1","Heatsinks+1","Sweeping Beam+1"],"picked":"SKIP","floor":40},{"not_picked":["Hello World+1","Chaos"],"picked":"FTL+1","floor":42},{"not_picked":["Auto Shields","Static Discharge+1"],"picked":"Biased Cognition+1","floor":47},{"not_picked":["Reinforced Body","Blizzard+1"],"picked":"Consume","floor":48}],"player_experience":450584,"relics_obtained":[{"floor":6,"key":"Molten Egg 2"},{"floor":9,"key":"Omamori"},{"floor":11,"key":"Centennial Puzzle"},{"floor":23,"key":"Art of War"},{"floor":26,"key":"Frozen Egg 2"},{"floor":27,"key":"Meat on the Bone"},{"floor":29,"key":"The Courier"},{"floor":37,"key":"Nunchaku"},{"floor":38,"key":"Shuriken"},{"floor":40,"key":"Smiling Mask"},{"floor":42,"key":"Pen Nib"},{"floor":43,"key":"Kunai"},{"floor":48,"key":"Gremlin Horn"}],"event_choices":[{"cards_removed":["Strike_B"],"damage_healed":0,"gold_gain":0,"player_choice":"Card Removal","damage_taken":0,"max_hp_gain":0,"max_hp_loss":0,"event_name":"The Cleric","floor":2,"gold_loss":50},{"damage_healed":0,"gold_gain":0,"player_choice":"Entered Light","damage_taken":15,"max_hp_gain":0,"max_hp_loss":0,"event_name":"Shining Light","floor":5,"gold_loss":0,"cards_upgraded":["Strike_B","Defend_B"]},{"damage_healed":0,"gold_gain":75,"player_choice":"Gather Gold","damage_taken":11,"max_hp_gain":0,"max_hp_loss":0,"event_name":"World of Goop","floor":12,"gold_loss":0},{"damage_healed":0,"gold_gain":0,"player_choice":"Box","damage_taken":0,"relics_obtained":["Girya"],"max_hp_gain":0,"max_hp_loss":0,"event_name":"Big Fish","floor":14,"gold_loss":0,"cards_obtained":["Regret"]},{"damage_healed":0,"gold_gain":0,"player_choice":"Ignored","damage_taken":0,"max_hp_gain":0,"max_hp_loss":0,"event_name":"Ghosts","floor":19,"gold_loss":0},{"damage_healed":0,"gold_gain":0,"player_choice":"Ignored","damage_taken":0,"max_hp_gain":0,"max_hp_loss":0,"event_name":"N\u0027loth","floor":20,"gold_loss":0},{"damage_healed":0,"gold_gain":0,"player_choice":"Memory 1","damage_taken":0,"max_hp_gain":0,"max_hp_loss":0,"event_name":"SensoryStone","floor":36,"gold_loss":0},{"damage_healed":0,"gold_gain":0,"player_choice":"Fight","damage_taken":0,"max_hp_gain":0,"max_hp_loss":0,"event_name":"Mysterious Sphere","floor":37,"gold_loss":0},{"damage_healed":0,"gold_gain":0,"player_choice":"Embrace Madness","damage_taken":9,"max_hp_gain":0,"max_hp_loss":0,"event_name":"Winding Halls","floor":45,"gold_loss":0,"cards_obtained":["Madness","Madness"]}],"is_beta":false,"boss_relics":[{"not_picked":["Empty Cage","Nuclear Battery"],"picked":"Orrery"},{"not_picked":["Lizard Tail","Astrolabe"],"picked":"Runic Pyramid"}],"items_purged_floors":[],"is_endless":false,"potions_floor_spawned":[6,8,10,16,18,23,27,29,30,33,37,39,40],"ascension_level":4}