{"path_per_floor":["M","$","M","?","M","E","?","E","T","M","R","M","M","?","R","B",null,"M","M","?","$","M","E","M","R","T","$","M","R","?","E","R","B",null,"M","?","$","M","$","R","M","E","T","?","E","M","M","M","R"],"character_chosen":"IRONCLAD","items_purchased":["Inflame","Bottled Lightning","Double Tap","Impervious","Kunai","Trip","Gremlin Horn"],"gold_per_floor":[111,29,44,44,60,100,275,313,313,332,332,352,367,367,367,486,486,510,535,535,199,223,262,287,287,587,416,437,437,437,478,478,602,602,615,948,406,423,30,30,50,76,76,76,108,123,133,149,149],"floor_reached":50,"campfire_rested":2,"playtime":3962,"current_hp_per_floor":[80,80,80,60,60,52,52,36,36,42,42,35,41,67,67,33,80,80,71,71,71,60,62,62,62,62,62,57,57,57,45,69,49,80,57,57,57,58,58,58,64,48,48,48,43,18,20,26,50],"items_purged":["Doubt","Writhe","Strike_R","Defend_R"],"gold":149,"score":630,"play_id":"839b8f7e-b4d5-4e70-b373-a19a2b12dbd2","local_time":"20180314011142","is_prod":false,"is_daily":false,"is_ascension_mode":false,"campfire_upgraded":5,"timestamp":1521004302,"path_taken":["M","$","M","?","M","E","?","E","T","M","R","M","M","?","R","BOSS","M","M","?","$","M","E","M","R","T","$","M","R","?","E","R","BOSS","M","?","$","M","$","R","M","E","T","?","E","?","?","M","R","BOSS"],"build_version":"2018-03-09","purchased_purges":4,"victory":false,"master_deck":["Strike_R","Strike_R","Strike_R+1","Defend_R","Defend_R","Defend_R","Bash","Headbutt","Inflame+1","Inflame+1","Shrug It Off","Armaments+1","Heavy Blade+1","Headbutt+1","Battle Trance+1","Whirlwind","Inflame","Double Tap","Warcry+1","Impervious","Trip","True Grit+1","Headbutt","Inflame+1"],"max_hp_per_floor":[80,80,80,80,80,80,80,80,80,80,80,80,80,80,80,80,80,80,80,80,80,80,80,80,80,80,80,80,80,80,80,80,80,80,80,80,80,80,80,80,80,80,80,80,80,80,80,80,80],"relics":["Burning Blood","Anchor","Toolbox","Lantern","Red Skull","Mark of Pain","Calipers","Bottled Lightning","Champion Belt","Old Coin","Paper Frog","Black Star","Kunai","Gremlin Horn","Omamori","Whetstone","Shovel","Oddly Smooth Stone","Bronze Scales"],"card_choices":[{"not_picked":["Blood for Blood","Warcry"],"picked":"Headbutt"},{"not_picked":["Rupture","Flame Barrier"],"picked":"Inflame"},{"not_picked":["Flex","Bludgeon"],"picked":"Shrug It Off"},{"not_picked":["Feel No Pain","Clash"],"picked":"Armaments"},{"not_picked":["Searing Blow","Wild Strike"],"picked":"Heavy Blade"},{"not_picked":["Bloodletting","Second Wind"],"picked":"Headbutt"},{"not_picked":["Disarm","Blood for Blood"],"picked":"Battle Trance"},{"not_picked":["Armaments","True Grit"],"picked":"Whirlwind"},{"not_picked":["Clothesline","Disarm"],"picked":"Inflame"},{"not_picked":["Fiend Fire","Immolate"],"picked":"Demon Form"},{"not_picked":["True Grit","Second Wind"],"picked":"Warcry"},{"not_picked":["Spot Weakness","Anger"],"picked":"True Grit"},{"not_picked":["Armaments","Dark Embrace"],"picked":"Headbutt"},{"not_picked":["Burning Pact","Rage"],"picked":"Inflame"}],"player_experience":67570,"potions_floor_usage":[16,18,28,31,41,42,45,47,50,50],"damage_taken":[{"damage":1,"enemies":"Jaw Worm","floor":1,"turns":2},{"damage":5,"enemies":"Small Slimes","floor":3,"turns":3},{"damage":6,"enemies":"Cultist","floor":5,"turns":3},{"damage":14,"enemies":"Gremlin Nob","floor":6,"turns":3},{"damage":22,"enemies":"3 Sentries","floor":8,"turns":11},{"damage":0,"enemies":"3 Louse","floor":10,"turns":3},{"damage":13,"enemies":"2 Fungi Beasts","floor":12,"turns":3},{"damage":0,"enemies":"Red Slaver","floor":13,"turns":2},{"damage":40,"enemies":"The Guardian","floor":16,"turns":10},{"damage":0,"enemies":"Chosen","floor":18,"turns":3},{"damage":15,"enemies":"Spheric Guardian","floor":19,"turns":4},{"damage":17,"enemies":"Snecko","floor":22,"turns":4},{"damage":4,"enemies":"Gremlin Leader","floor":23,"turns":5},{"damage":6,"enemies":"Cultist and Chosen","floor":24,"turns":6},{"damage":11,"enemies":"Centurion and Healer","floor":28,"turns":4},{"damage":18,"enemies":"Book of Stabbing","floor":31,"turns":3},{"damage":26,"enemies":"Automaton","floor":33,"turns":5},{"damage":29,"enemies":"3 Darklings","floor":35,"turns":4},{"damage":5,"enemies":"Orb Walker","floor":38,"turns":2},{"damage":0,"enemies":"Sphere and 2 Shapes","floor":41,"turns":3},{"damage":25,"enemies":"2 Orb Walkers","floor":42,"turns":3},{"damage":11,"enemies":"Giant Head","floor":45,"turns":7},{"damage":31,"enemies":"4 Shapes","floor":46,"turns":2},{"damage":10,"enemies":"Maw","floor":47,"turns":4},{"damage":0,"enemies":"3 Darklings","floor":48,"turns":3},{"damage":53,"enemies":"Time Eater","floor":50,"turns":4}],"event_choices":[{"event_name":"Golden Idol","player_choice":"Take Damage","floor":4,"damage_taken":0},{"event_name":"Liars Game","player_choice":"agreed","floor":7,"damage_taken":0},{"event_name":"Big Fish","player_choice":"Banana","floor":14,"damage_taken":0},{"event_name":"The Mausoleum","player_choice":"Yes","floor":20,"damage_taken":0},{"event_name":"Purifier","player_choice":"One Purge","floor":30,"damage_taken":0},{"event_name":"The Moai Head","player_choice":"Gave Idol","floor":36,"damage_taken":0}],"boss_relics":[{"not_picked":["Question Card","Tiny House"],"picked":"Mark of Pain"},{"not_picked":["Philosopher\u0027s Stone","Runic Dome"],"picked":"Black Star"}],"potions_floor_spawned":[5,10,12,13,22,23,24,33,35,45,46,48],"seed_played":"2536218743290977506","killed_by":"Time Eater","ascension_level":0,"is_trial":false}