{"gold_per_floor":[109,109,28,47,47,47,75,75,75,92,119,119,130,130,130,201,201,211,211,211,224,39,65,65,99,124,124],"floor_reached":27,"playtime":885,"items_purged":["Strike_B"],"score":564,"play_id":"a1eac28e-3402-460e-b9b0-c59084fbba9b","local_time":"20190215005232","is_ascension_mode":true,"campfire_choices":[{"data":"Darkness","floor":6.0,"key":"SMITH"},{"data":"Hologram","floor":8.0,"key":"SMITH"},{"data":"Redo","floor":12.0,"key":"SMITH"},{"data":"Zap","floor":15.0,"key":"SMITH"},{"floor":24.0,"key":"REST"}],"neow_cost":"NONE","seed_source_timestamp":1797256697260567,"circlet_count":0,"master_deck":["AscendersBane","Strike_B","Strike_B","Strike_B","Defend_B","Defend_B","Defend_B","Defend_B","Zap+1","Dualcast","Cold Snap","Darkness+1","Hologram+1","Redo+1","Creative AI","Conserve Battery","Electrodynamics","Hologram","Darkness","Multi-Cast"],"special_seed":0,"relics":["Cracked Core","NeowsBlessing","Potion Belt","Sundial","Meat on the Bone","Oddly Smooth Stone","Inserter","Bag of Marbles","Orichalcum","Smiling Mask"],"potions_floor_usage":[27],"damage_taken":[{"damage":0.0,"enemies":"Jaw Worm","floor":1.0,"turns":1.0},{"damage":0.0,"enemies":"Cultist","floor":4.0,"turns":1.0},{"damage":0.0,"enemies":"Gremlin Nob","floor":7.0,"turns":1.0},{"damage":0.0,"enemies":"Small Slimes","floor":10.0,"turns":3.0},{"damage":39.0,"enemies":"3 Sentries","floor":11.0,"turns":9.0},{"damage":2.0,"enemies":"Blue Slaver","floor":13.0,"turns":3.0},{"damage":24.0,"enemies":"Slime Boss","floor":16.0,"turns":5.0},{"damage":6.0,"enemies":"Chosen","floor":18.0,"turns":3.0},{"damage":30.0,"enemies":"2 Thieves","floor":21.0,"turns":3.0},{"damage":12.0,"enemies":"Gremlin Leader","floor":23.0,"turns":5.0},{"damage":19.0,"enemies":"Slavers","floor":25.0,"turns":3.0},{"damage":48,"enemies":"Book of Stabbing","floor":27,"turns":4}],"seed_played":"4508033380705358411","potions_obtained":[{"floor":4.0,"key":"SteroidPotion"},{"floor":7.0,"key":"GamblersBrew"},{"floor":18.0,"key":"FearPotion"},{"floor":23.0,"key":"GamblersBrew"}],"is_trial":false,"path_per_floor":["M","?","$","M","?","R","E","R","T","M","E","R","M","?","R","B",null,"M","?","?","M","$","E","R","E","T","E"],"character_chosen":"DEFECT","items_purchased":["Darkness","PowerPotion","PowerPotion"],"campfire_rested":1,"item_purchase_floors":[3,22,22],"current_hp_per_floor":[64,60,60,60,55,55,55,55,55,55,28,28,38,43,43,31,65,59,59,37,19,19,19,43,36,36,0],"gold":124,"neow_bonus":"THREE_ENEMY_KILL","is_prod":false,"is_daily":false,"chose_seed":false,"campfire_upgraded":4,"win_rate":0,"timestamp":1550220752,"path_taken":["M","?","$","?","?","R","E","R","T","M","E","R","M","?","R","BOSS","M","?","?","M","$","E","R","E","T","E"],"build_version":"2019-02-06","purchased_purges":1,"victory":false,"max_hp_per_floor":[71,71,71,71,71,71,71,71,71,71,71,71,71,76,76,76,76,76,76,81,81,81,81,81,81,81,81],"card_choices":[{"not_picked":["Beam Cell","Streamline"],"picked":"Cold Snap","floor":1.0},{"not_picked":["Streamline","Lockon"],"picked":"Hologram","floor":4.0},{"not_picked":["Gash","Recycle"],"picked":"Redo","floor":7.0},{"not_picked":["Barrage","Capacitor"],"picked":"Creative AI","floor":10.0},{"not_picked":["Redo","Barrage"],"picked":"Conserve Battery","floor":11.0},{"not_picked":["Recycle","Cold Snap","Leap"],"picked":"SKIP","floor":13.0},{"not_picked":["Amplify","Biased Cognition"],"picked":"Electrodynamics","floor":16.0},{"not_picked":["Sweeping Beam+1","Beam Cell+1"],"picked":"Hologram","floor":18.0},{"not_picked":["Hologram","Conserve Battery"],"picked":"Darkness","floor":21.0},{"not_picked":["Machine Learning","Redo","Streamline"],"picked":"SKIP","floor":23.0},{"not_picked":["Doom and Gloom","Turbo"],"picked":"Multi-Cast","floor":25.0}],"player_experience":1165112,"relics_obtained":[{"floor":7.0,"key":"Sundial"},{"floor":9.0,"key":"Meat on the Bone"},{"floor":11.0,"key":"Oddly Smooth Stone"},{"floor":23.0,"key":"Bag of Marbles"},{"floor":25.0,"key":"Orichalcum"},{"floor":26.0,"key":"Smiling Mask"}],"event_choices":[{"damage_healed":0.0,"max_hp_gain":0.0,"max_hp_loss":0.0,"gold_gain":0.0,"event_name":"The Woman in Blue","player_choice":"Bought 0 Potions","floor":2.0,"gold_loss":0.0,"damage_taken":0.0},{"damage_healed":0.0,"max_hp_gain":0.0,"max_hp_loss":0.0,"gold_gain":0.0,"event_name":"Scrap Ooze","player_choice":"Success","floor":5.0,"gold_loss":0.0,"damage_taken":5.0,"relics_obtained":["Potion Belt"]},{"damage_healed":0.0,"max_hp_gain":5.0,"max_hp_loss":0.0,"gold_gain":0.0,"event_name":"Big Fish","player_choice":"Donut","floor":14.0,"gold_loss":0.0,"damage_taken":0.0},{"damage_healed":0.0,"max_hp_gain":0.0,"max_hp_loss":0.0,"gold_gain":0.0,"event_name":"Vampires","player_choice":"Ignored","floor":19.0,"gold_loss":0.0,"damage_taken":0.0},{"damage_healed":0.0,"max_hp_gain":5.0,"max_hp_loss":0.0,"gold_gain":0.0,"event_name":"Forgotten Altar","player_choice":"Shed Blood","floor":20.0,"gold_loss":0.0,"damage_taken":27.0}],"is_beta":true,"boss_relics":[{"not_picked":["Tiny House","Pandora\u0027s Box"],"picked":"Inserter"}],"items_purged_floors":[22],"is_endless":false,"potions_floor_spawned":[4,7,18,23],"killed_by":"Book of Stabbing","ascension_level":20}