{"gold_per_floor":[118,43,63,138,165,177,208,255,267,291,322,334,359,7,7,86,86,103,103,378,388,399,399],"floor_reached":23,"playtime":683,"items_purged":[],"score":386,"play_id":"794104aa-6082-4bdb-963b-fff7073ef275","local_time":"20190305001454","is_ascension_mode":true,"campfire_choices":[{"data":"Bash","floor":6.0,"key":"SMITH"},{"data":"Anger","floor":12.0,"key":"SMITH"},{"data":"Battle Trance","floor":15.0,"key":"SMITH"}],"neow_cost":"NONE","seed_source_timestamp":2883277972130792,"circlet_count":0,"master_deck":["AscendersBane","Strike_R","Strike_R","Strike_R","Strike_R","Defend_R","Defend_R","Defend_R","Defend_R","Bash+1","Feel No Pain","Anger+1","Battle Trance+1","Clothesline","Spot Weakness","Limit Break","Headbutt+1","Regret","Disarm+1","Shockwave"],"special_seed":0,"relics":["Burning Blood","NeowsBlessing","MawBank","Paper Frog","Ornamental Fan","Meat on the Bone","Velvet Choker"],"potions_floor_usage":[23],"damage_taken":[{"damage":0.0,"enemies":"2 Louse","floor":1.0,"turns":1.0},{"damage":0.0,"enemies":"Jaw Worm","floor":3.0,"turns":1.0},{"damage":0.0,"enemies":"Cultist","floor":7.0,"turns":1.0},{"damage":53.0,"enemies":"Gremlin Nob","floor":8.0,"turns":5.0},{"damage":14.0,"enemies":"2 Fungi Beasts","floor":10.0,"turns":5.0},{"damage":5.0,"enemies":"Exordium Wildlife","floor":11.0,"turns":5.0},{"damage":7.0,"enemies":"Exordium Thugs","floor":13.0,"turns":4.0},{"damage":8.0,"enemies":"Slime Boss","floor":16.0,"turns":6.0},{"damage":32.0,"enemies":"3 Byrds","floor":18.0,"turns":6.0},{"damage":32.0,"enemies":"Chosen","floor":21.0,"turns":6.0},{"damage":19.0,"enemies":"Snake Plant","floor":22.0,"turns":5.0},{"damage":38,"enemies":"Colosseum Slavers","floor":23,"turns":2}],"seed_played":"8770917933984889398","potions_obtained":[{"floor":7.0,"key":"Swift Potion"},{"floor":10.0,"key":"Regen Potion"},{"floor":16.0,"key":"Weak Potion"},{"floor":18.0,"key":"Poison Potion"}],"is_trial":false,"path_per_floor":["M","?","M","?","T","R","M","E","T","M","M","R","M","$","R","B",null,"M","?","?","M","M","?"],"character_chosen":"IRONCLAD","items_purchased":["Spot Weakness","Meat on the Bone","AttackPotion"],"campfire_rested":0,"item_purchase_floors":[14,14,14],"current_hp_per_floor":[74,74,75,64,64,64,70,23,23,15,30,30,29,29,29,39,66,52,52,52,38,37,0],"gold":399,"neow_bonus":"THREE_ENEMY_KILL","is_prod":false,"is_daily":false,"chose_seed":false,"campfire_upgraded":3,"win_rate":0,"timestamp":1551773694,"path_taken":["M","?","M","?","?","R","?","E","T","M","M","R","M","$","R","BOSS","M","?","?","M","?","?"],"build_version":"2019-02-06","purchased_purges":0,"victory":false,"max_hp_per_floor":[75,75,75,75,75,75,75,75,75,75,75,75,75,75,75,75,75,75,75,75,75,75,75],"card_choices":[{"not_picked":["Clash","Evolve"],"picked":"Feel No Pain","floor":1.0},{"not_picked":["Pommel Strike","Metallicize"],"picked":"Anger","floor":3.0},{"not_picked":["Warcry","Blood for Blood","Dual Wield"],"picked":"SKIP","floor":7.0},{"not_picked":["Sword Boomerang","Warcry","Heavy Blade"],"picked":"SKIP","floor":8.0},{"not_picked":["Warcry","Anger"],"picked":"Battle Trance","floor":10.0},{"not_picked":["Exhume","Reckless Charge","Blood for Blood"],"picked":"SKIP","floor":11.0},{"not_picked":["Havoc","Warcry"],"picked":"Clothesline","floor":13.0},{"not_picked":["Brutality","Bludgeon"],"picked":"Limit Break","floor":16.0},{"not_picked":["Armaments","Iron Wave"],"picked":"Headbutt+1","floor":18.0},{"not_picked":["Shrug It Off","Hemokinesis"],"picked":"Disarm+1","floor":21.0},{"not_picked":["Ghostly Armor","True Grit"],"picked":"Shockwave","floor":22.0}],"player_experience":1315456,"relics_obtained":[{"floor":5.0,"key":"MawBank"},{"floor":8.0,"key":"Paper Frog"},{"floor":9.0,"key":"Ornamental Fan"}],"event_choices":[{"cards_removed":["Strike_R"],"damage_healed":0.0,"max_hp_gain":0.0,"max_hp_loss":0.0,"gold_gain":0.0,"event_name":"The Cleric","player_choice":"Card Removal","floor":2.0,"gold_loss":75.0,"damage_taken":0.0},{"damage_healed":0.0,"max_hp_gain":0.0,"max_hp_loss":0.0,"gold_gain":75.0,"event_name":"World of Goop","player_choice":"Gather Gold","floor":4.0,"gold_loss":0.0,"damage_taken":11.0},{"damage_healed":0.0,"max_hp_gain":0.0,"max_hp_loss":0.0,"gold_gain":0.0,"event_name":"Ghosts","player_choice":"Ignored","floor":19.0,"gold_loss":0.0,"damage_taken":0.0},{"damage_healed":0.0,"max_hp_gain":0.0,"max_hp_loss":0.0,"gold_gain":275.0,"event_name":"Golden Shrine","player_choice":"Desecrate","floor":20.0,"gold_loss":0.0,"damage_taken":0.0,"cards_obtained":["Regret"]},{"damage_healed":0,"gold_gain":0,"player_choice":"Fight","damage_taken":0,"max_hp_gain":0,"max_hp_loss":0,"event_name":"Colosseum","floor":23,"gold_loss":0}],"is_beta":true,"boss_relics":[{"not_picked":["Orrery","Black Blood"],"picked":"Velvet Choker"}],"items_purged_floors":[],"is_endless":false,"potions_floor_spawned":[7,10,16,18],"killed_by":"Colosseum Slavers","ascension_level":20}