{"gold_per_floor":[118,118,68,82,101,129,140,160,160,172,197,197,45,79,79,174,174,190,15,90,108,127,454,454],"floor_reached":24,"playtime":1476,"items_purged":["Defend_G","Strike_G"],"score":238,"play_id":"71e9fc1f-be18-4151-a602-9af4777ab3dc","local_time":"20190420015118","is_ascension_mode":false,"campfire_choices":[{"data":"Noxious Fumes","floor":12,"key":"SMITH"},{"floor":15,"key":"REST"}],"neow_cost":"PERCENT_DAMAGE","seed_source_timestamp":621281689450556,"circlet_count":0,"master_deck":["Defend_G","Defend_G","Defend_G","Defend_G","Strike_G","Strike_G","Strike_G","Survivor","Neutralize","Flying Knee","Dagger Throw","Backstab","Noxious Fumes+1","Blade Dance","Cloak And Dagger","Prepared+1","Dagger Throw","Dodge and Roll+1","Quick Slash","Deadly Poison+1","Bullet Time+1","Underhanded Strike","Blur+1","Masterful Stab","Dodge and Roll+1","Deflect+1"],"relics":["Ring of the Snake","Tingsha","Bottled Flame","Toxic Egg 2","Regal Pillow","Bird Faced Urn","WristBlade","Old Coin"],"potions_floor_usage":[11,16,22,24],"damage_taken":[{"damage":0,"enemies":"Jaw Worm","floor":1,"turns":4},{"damage":0,"enemies":"Small Slimes","floor":4,"turns":4},{"damage":0,"enemies":"Cultist","floor":5,"turns":4},{"damage":21,"enemies":"Lagavulin","floor":6,"turns":6},{"damage":4,"enemies":"Exordium Wildlife","floor":7,"turns":3},{"damage":1,"enemies":"Blue Slaver","floor":8,"turns":2},{"damage":1,"enemies":"Looter","floor":10,"turns":3},{"damage":10,"enemies":"Gremlin Nob","floor":11,"turns":3},{"damage":9,"enemies":"Lagavulin","floor":14,"turns":5},{"damage":19,"enemies":"Hexaghost","floor":16,"turns":9},{"damage":22,"enemies":"Shell Parasite","floor":18,"turns":4},{"damage":6,"enemies":"2 Thieves","floor":21,"turns":4},{"damage":6,"enemies":"Shelled Parasite and Fungi","floor":22,"turns":4},{"damage":39,"enemies":"Book of Stabbing","floor":23,"turns":7},{"damage":4,"enemies":"Centurion and Healer","floor":24,"turns":1}],"seed_played":"-1011969928035081282","potions_obtained":[{"floor":6,"key":"Fire Potion"},{"floor":11,"key":"Ancient Potion"},{"floor":14,"key":"Poison Potion"},{"floor":21,"key":"Poison Potion"},{"floor":22,"key":"SneckoOil"}],"is_trial":false,"path_per_floor":["M","?","?","M","M","E","M","M","T","M","E","R","$","E","R","B",null,"M","$","?","M","M","E","M"],"character_chosen":"THE_SILENT","items_purchased":["Dodge and Roll+1","Quick Slash","Blur+1"],"campfire_rested":1,"item_purchase_floors":[13,13,19],"current_hp_per_floor":[49,54,54,54,54,33,29,28,28,27,17,17,17,8,45,28,75,53,53,46,42,38,1,0],"gold":454,"neow_bonus":"ONE_RARE_RELIC","is_prod":false,"is_daily":false,"chose_seed":false,"campfire_upgraded":1,"win_rate":0,"timestamp":1555739478,"path_taken":["M","?","?","M","M","E","M","M","T","M","E","R","$","E","R","BOSS","M","$","?","?","M","E","M"],"build_version":"2019-01-23","purchased_purges":2,"victory":false,"max_hp_per_floor":[70,75,75,75,75,75,75,75,75,75,75,75,75,75,75,75,75,75,75,75,75,75,75,75],"card_choices":[{"not_picked":["Slice","Outmaneuver"],"picked":"Flying Knee","floor":1},{"not_picked":["Cloak And Dagger","Deadly Poison"],"picked":"Dagger Throw","floor":4},{"not_picked":["Footwork","Terror"],"picked":"Backstab","floor":5},{"not_picked":["Deadly Poison","Blade Dance"],"picked":"Noxious Fumes","floor":6},{"not_picked":["Deflect","Setup"],"picked":"Blade Dance","floor":7},{"not_picked":["Quick Slash","Endless Agony"],"picked":"Cloak And Dagger","floor":8},{"not_picked":["Glass Knife","Tactician+1"],"picked":"Prepared+1","floor":10},{"not_picked":["Riddle With Holes","Acrobatics+1"],"picked":"Dagger Throw","floor":11},{"not_picked":["Footwork","Acrobatics+1"],"picked":"Deadly Poison+1","floor":14},{"not_picked":["Night Terror+1","Storm of Steel+1"],"picked":"Bullet Time+1","floor":16},{"not_picked":["All Out Attack","Acrobatics+1"],"picked":"Underhanded Strike","floor":18},{"not_picked":["Footwork","Outmaneuver+1"],"picked":"Masterful Stab","floor":21},{"not_picked":["Flying Knee","Accuracy"],"picked":"Dodge and Roll+1","floor":22},{"not_picked":["Sucker Punch","Outmaneuver+1"],"picked":"Deflect+1","floor":23}],"player_experience":108606,"relics_obtained":[{"floor":6,"key":"Bottled Flame"},{"floor":9,"key":"Toxic Egg 2"},{"floor":11,"key":"Regal Pillow"},{"floor":14,"key":"Bird Faced Urn"},{"floor":23,"key":"Old Coin"}],"event_choices":[{"damage_healed":0,"gold_gain":0,"player_choice":"Donut","damage_taken":0,"max_hp_gain":5,"max_hp_loss":0,"event_name":"Big Fish","floor":2,"gold_loss":0},{"cards_removed":["Strike_G"],"damage_healed":0,"gold_gain":0,"player_choice":"Card Removal","damage_taken":0,"max_hp_gain":0,"max_hp_loss":0,"event_name":"The Cleric","floor":3,"gold_loss":50},{"damage_healed":0,"gold_gain":75,"player_choice":"Touch","damage_taken":7,"max_hp_gain":0,"max_hp_loss":0,"event_name":"FaceTrader","floor":20,"gold_loss":0}],"is_beta":false,"boss_relics":[{"not_picked":["HoveringKite","Eternal Feather"],"picked":"WristBlade"}],"items_purged_floors":[13,19],"is_endless":false,"potions_floor_spawned":[6,11,14,21,22],"killed_by":"Centurion and Healer","ascension_level":0}