{"gold_per_floor":[114,132,132,146,146,173,187,187],"floor_reached":8,"playtime":218,"items_purged":[],"score":116,"play_id":"3f6581f9-916c-4039-9f6c-aeb5b1c9268e","local_time":"20190119184418","is_ascension_mode":true,"campfire_choices":[],"neow_cost":"NONE","seed_source_timestamp":176372312803031,"circlet_count":0,"master_deck":["AscendersBane","Strike_B","Strike_B+1","Strike_B","Strike_B","Defend_B","Defend_B","Defend_B","Defend_B","Zap","Dualcast+1","Rip and Tear","Consume","Cold Snap","Leap"],"relics":["Cracked Core","NeowsBlessing","Boot","Frozen Egg 2"],"potions_floor_usage":[6,8,8],"damage_taken":[{"damage":0,"enemies":"Cultist","floor":1,"turns":1},{"damage":0,"enemies":"2 Louse","floor":2,"turns":1},{"damage":0,"enemies":"Jaw Worm","floor":4,"turns":1},{"damage":19,"enemies":"3 Sentries","floor":6,"turns":8},{"damage":21,"enemies":"Lots of Slimes","floor":7,"turns":4},{"damage":0,"enemies":"Gremlin Nob","floor":8,"turns":2}],"seed_played":"5642838273234776763","potions_obtained":[{"floor":2,"key":"Energy Potion"},{"floor":4,"key":"Energy Potion"},{"floor":6,"key":"Swift Potion"},{"floor":7,"key":"LiquidBronze"}],"is_trial":false,"path_per_floor":["M","M","?","M","?","E","M","E"],"character_chosen":"DEFECT","items_purchased":[],"campfire_rested":0,"item_purchase_floors":[],"current_hp_per_floor":[64,64,43,43,43,24,3,3],"gold":187,"neow_bonus":"THREE_ENEMY_KILL","is_prod":false,"is_daily":false,"chose_seed":false,"campfire_upgraded":0,"win_rate":0,"timestamp":1547952258,"path_taken":["M","?","?","M","?","E","M","E"],"build_version":"2019-01-17","purchased_purges":0,"victory":false,"max_hp_per_floor":[71,71,71,71,71,71,71,71],"card_choices":[{"not_picked":["Coolheaded","Heatsinks"],"picked":"Rip and Tear","floor":1},{"not_picked":["Storm","Reinforced Body"],"picked":"Consume","floor":2},{"not_picked":["Coolheaded","Storm"],"picked":"Cold Snap","floor":4},{"not_picked":["Fusion","Consume","Reprogram"],"picked":"SKIP","floor":6},{"not_picked":["Barrage","Compile Driver"],"picked":"Leap","floor":7}],"player_experience":985588,"relics_obtained":[{"floor":6,"key":"Frozen Egg 2"}],"event_choices":[{"damage_healed":0,"gold_gain":0,"player_choice":"Entered Light","damage_taken":21,"max_hp_gain":0,"max_hp_loss":0,"event_name":"Shining Light","floor":3,"gold_loss":0,"cards_upgraded":["Strike_B","Dualcast"]},{"damage_healed":0,"gold_gain":0,"player_choice":"Gave Potion","damage_taken":0,"relics_obtained":["Boot"],"max_hp_gain":0,"max_hp_loss":0,"event_name":"WeMeetAgain","floor":5,"gold_loss":0}],"is_beta":true,"boss_relics":[],"items_purged_floors":[],"is_endless":false,"potions_floor_spawned":[2,4,6,7],"killed_by":"Gremlin Nob","ascension_level":20}