{"gold_per_floor":[115,125,125,125,1,40,54,94,94,115,139,175,195,216,216,346,346,365,193,206,231,306,319,319,333,333,374,374,473,473,494,494,494],"floor_reached":33,"playtime":1825,"items_purged":["Strike_R","Strike_R"],"score":291,"play_id":"59d18499-f027-4c07-a53e-ea4a56e2c2b1","local_time":"20190413160712","is_ascension_mode":false,"campfire_choices":[{"data":"Armaments","floor":15,"key":"SMITH"},{"data":"Demon Form","floor":24,"key":"SMITH"},{"data":"Inflame","floor":28,"key":"SMITH"},{"data":"Armaments","floor":30,"key":"SMITH"},{"data":"Heavy Blade","floor":32,"key":"SMITH"}],"neow_cost":"NONE","seed_source_timestamp":67474664799465,"circlet_count":0,"master_deck":["Strike_R","Strike_R","Strike_R","Defend_R","Defend_R","Defend_R","Defend_R","Bash","True Grit","Flex","Armaments+1","Twin Strike","Whirlwind","Heavy Blade+1","Flex","Flex","Armaments+1","Demon Form+1","Heavy Blade+1","Inflame+1","Sword Boomerang","Sword Boomerang+1","Power Through+1","Inflame+1","Entrench+1"],"relics":["Burning Blood","Golden Idol","Ancient Tea Set","Pocketwatch","Shovel","Bottled Lightning","Ginger","Coffee Dripper","Matryoshka","Art of War"],"potions_floor_usage":[6,14,16,16,20,27,27],"damage_taken":[{"damage":11,"enemies":"Jaw Worm","floor":1,"turns":4},{"damage":5,"enemies":"Small Slimes","floor":2,"turns":4},{"damage":6,"enemies":"Gremlin Nob","floor":6,"turns":3},{"damage":1,"enemies":"Cultist","floor":7,"turns":3},{"damage":19,"enemies":"Lagavulin","floor":8,"turns":5},{"damage":2,"enemies":"Blue Slaver","floor":10,"turns":3},{"damage":7,"enemies":"Gremlin Gang","floor":11,"turns":3},{"damage":16,"enemies":"Gremlin Nob","floor":12,"turns":3},{"damage":0,"enemies":"3 Louse","floor":13,"turns":2},{"damage":11,"enemies":"Large Slime","floor":14,"turns":2},{"damage":33,"enemies":"The Guardian","floor":16,"turns":8},{"damage":14,"enemies":"Shell Parasite","floor":18,"turns":6},{"damage":0,"enemies":"Spheric Guardian","floor":20,"turns":3},{"damage":0,"enemies":"Centurion and Healer","floor":21,"turns":3},{"damage":0,"enemies":"Chosen and Byrds","floor":23,"turns":6},{"damage":36,"enemies":"Snake Plant","floor":25,"turns":5},{"damage":54,"enemies":"Slavers","floor":27,"turns":5},{"damage":0,"enemies":"Shelled Parasite and Fungi","floor":31,"turns":2},{"damage":29,"enemies":"Automaton","floor":33,"turns":4}],"seed_played":"-8749309822311038416","potions_obtained":[{"floor":2,"key":"Fire Potion"},{"floor":6,"key":"LiquidBronze"},{"floor":12,"key":"LiquidBronze"},{"floor":13,"key":"Regen Potion"},{"floor":14,"key":"EssenceOfSteel"},{"floor":16,"key":"SteroidPotion"},{"floor":21,"key":"Regen Potion"},{"floor":25,"key":"GamblersBrew"}],"is_trial":false,"path_per_floor":["M","M","?","?","$","E","M","E","T","M","M","E","M","M","R","B",null,"M","$","M","M","?","M","R","M","T","E","R","?","R","M","R","B"],"character_chosen":"IRONCLAD","items_purchased":["Armaments","Inflame"],"campfire_rested":0,"item_purchase_floors":[5,19],"current_hp_per_floor":[83,84,62,62,62,62,67,54,54,58,57,47,53,48,48,21,88,80,80,86,88,80,86,86,56,56,22,22,22,22,28,28,0],"gold":494,"neow_bonus":"TEN_PERCENT_HP_BONUS","is_prod":false,"is_daily":false,"chose_seed":false,"campfire_upgraded":5,"win_rate":0,"timestamp":1555186032,"path_taken":["M","M","?","?","$","E","M","E","T","M","M","E","?","M","R","BOSS","M","$","M","M","?","M","R","?","T","E","R","?","R","M","R","BOSS"],"build_version":"2019-01-23","purchased_purges":2,"victory":false,"max_hp_per_floor":[88,88,88,88,88,88,88,88,88,88,88,88,88,88,88,88,88,88,88,88,88,88,88,88,88,88,88,88,88,88,88,88,88],"card_choices":[{"not_picked":["Thunderclap","Pummel"],"picked":"True Grit","floor":1},{"not_picked":["Corruption","Entrench"],"picked":"Flex","floor":2},{"not_picked":["Pummel","Thunderclap"],"picked":"Twin Strike","floor":6},{"not_picked":["Searing Blow","Wild Strike","Body Slam"],"picked":"SKIP","floor":7},{"not_picked":["Immolate","Juggernaut"],"picked":"Whirlwind","floor":8},{"not_picked":["Cleave","Iron Wave","Clash"],"picked":"SKIP","floor":10},{"not_picked":["True Grit","Iron Wave"],"picked":"Heavy Blade","floor":11},{"not_picked":["Ghostly Armor","True Grit"],"picked":"Flex","floor":12},{"not_picked":["True Grit","Body Slam"],"picked":"Flex","floor":13},{"not_picked":["Blood for Blood","Fiend Fire"],"picked":"Armaments","floor":14},{"not_picked":["Immolate","Berserk"],"picked":"Demon Form","floor":16},{"not_picked":["Bloodletting","Sentinel"],"picked":"Heavy Blade+1","floor":18},{"not_picked":["Perfected Strike","Fire Breathing"],"picked":"Sword Boomerang","floor":20},{"not_picked":["Sever Soul","Corruption"],"picked":"Sword Boomerang+1","floor":21},{"not_picked":["Blood for Blood","True Grit"],"picked":"Power Through+1","floor":23},{"not_picked":["Havoc+1","Armaments+1"],"picked":"Inflame+1","floor":25},{"not_picked":["Heavy Blade","Wild Strike"],"picked":"Entrench+1","floor":27},{"not_picked":["Second Wind","Twin Strike","Anger"],"picked":"SKIP","floor":31}],"player_experience":99805,"relics_obtained":[{"floor":4,"key":"Ancient Tea Set"},{"floor":6,"key":"Pocketwatch"},{"floor":8,"key":"Shovel"},{"floor":9,"key":"Bottled Lightning"},{"floor":12,"key":"Ginger"},{"floor":26,"key":"Matryoshka"},{"floor":27,"key":"Art of War"}],"event_choices":[{"damage_healed":0,"gold_gain":0,"player_choice":"Take Damage","damage_taken":22,"relics_obtained":["Golden Idol"],"max_hp_gain":0,"max_hp_loss":0,"event_name":"Golden Idol","floor":3,"gold_loss":0},{"damage_healed":0,"gold_gain":0,"player_choice":"Relic","damage_taken":0,"max_hp_gain":0,"max_hp_loss":0,"event_name":"Wheel of Change","floor":4,"gold_loss":0},{"damage_healed":0,"gold_gain":75,"player_choice":"Touch","damage_taken":8,"max_hp_gain":0,"max_hp_loss":0,"event_name":"FaceTrader","floor":22,"gold_loss":0},{"damage_healed":0,"gold_gain":99,"player_choice":"Stole From Cult","damage_taken":0,"max_hp_gain":0,"max_hp_loss":0,"event_name":"Nest","floor":29,"gold_loss":0}],"is_beta":false,"boss_relics":[{"not_picked":["Cursed Key","Lizard Tail"],"picked":"Coffee Dripper"}],"items_purged_floors":[5,19],"is_endless":false,"potions_floor_spawned":[2,6,12,13,14,16,21,25],"killed_by":"Automaton","ascension_level":0}