{"path_per_floor":["M","M","?","$","?","R","E","R","T","M","?","E","$","M","R","B",null,"M","$","M","M","?","R","M","R","T","$","R","M","E","M","R"],"character_chosen":"IRONCLAD","items_purchased":["Flex","Armaments","Flex","Shrug It Off"],"gold_per_floor":[109,121,196,121,121,121,156,156,182,192,192,226,104,121,121,222,222,241,38,52,62,62,62,77,77,77,29,29,39,99,114,114],"floor_reached":33,"campfire_rested":2,"playtime":2039,"current_hp_per_floor":[80,79,68,68,68,68,46,46,46,41,25,17,17,23,47,17,80,72,72,74,59,59,59,56,56,56,56,56,58,35,26,50],"items_purged":["Strike_R","Defend_R","Strike_R"],"gold":114,"score":289,"play_id":"0f365bca-5f79-4407-ab46-301d9e9dc917","local_time":"20180321002159","is_prod":false,"is_daily":false,"is_ascension_mode":true,"campfire_upgraded":5,"timestamp":1521606119,"path_taken":["M","M","?","$","?","R","E","R","T","M","?","E","$","?","R","BOSS","M","$","?","M","?","R","M","R","T","$","R","M","E","M","R","BOSS"],"build_version":"2018-03-15v3","purchased_purges":3,"victory":false,"master_deck":["Strike_R","Strike_R+1","Strike_R","Defend_R","Defend_R","Defend_R","Bash","Flex+1","Pommel Strike+1","Rampage+1","Flex","Heavy Blade+1","Offering","Armaments+1","Flex+1","Cleave+1","Shrug It Off","Disarm","Heavy Blade"],"max_hp_per_floor":[80,80,80,80,80,80,80,80,80,80,80,80,80,80,80,80,80,80,80,80,80,80,80,80,80,80,80,80,80,80,80,80],"relics":["Burning Blood","Pen Nib","Bag of Preparation","Dream Catcher","Runic Pyramid","Prayer Wheel","Tiny Chest"],"card_choices":[{"not_picked":["Sentinel","Clothesline"],"picked":"Flex"},{"not_picked":["Combust","Reckless Charge"],"picked":"Pommel Strike"},{"not_picked":["Anger","Body Slam"],"picked":"Rampage"},{"not_picked":["True Grit","Infernal Blade"],"picked":"Heavy Blade"},{"not_picked":["Immolate","Brutality"],"picked":"Offering"},{"not_picked":["Intimidate","Headbutt"],"picked":"Cleave"},{"not_picked":["Carnage","Armaments"],"picked":"Disarm"},{"not_picked":["Wild Strike","Pommel Strike"],"picked":"Heavy Blade"}],"player_experience":84673,"potions_floor_usage":[16,16,24,31,33,33,33],"damage_taken":[{"damage":5,"enemies":"2 Louse","floor":1,"turns":3},{"damage":7,"enemies":"Small Slimes","floor":2,"turns":4},{"damage":28,"enemies":"3 Sentries","floor":7,"turns":11},{"damage":11,"enemies":"Jaw Worm","floor":10,"turns":2},{"damage":14,"enemies":"Gremlin Nob","floor":12,"turns":3},{"damage":0,"enemies":"Lots of Slimes","floor":14,"turns":3},{"damage":36,"enemies":"Hexaghost","floor":16,"turns":6},{"damage":14,"enemies":"2 Thieves","floor":18,"turns":3},{"damage":4,"enemies":"Spheric Guardian","floor":20,"turns":1},{"damage":21,"enemies":"Snake Plant","floor":21,"turns":3},{"damage":9,"enemies":"Centurion and Healer","floor":24,"turns":3},{"damage":4,"enemies":"Snecko","floor":29,"turns":3},{"damage":29,"enemies":"Slavers","floor":30,"turns":5},{"damage":15,"enemies":"Snake Plant","floor":31,"turns":4},{"damage":92,"enemies":"Champ","floor":33,"turns":8}],"event_choices":[{"event_name":"World of Goop","player_choice":"Gather Gold","floor":3,"damage_taken":0},{"event_name":"The Woman in Blue","player_choice":"Bought 0 Potions","floor":5,"damage_taken":0},{"event_name":"Shining Light","player_choice":"Entered Light","floor":11,"damage_taken":0},{"event_name":"Addict","player_choice":"Ignored","floor":22,"damage_taken":0}],"boss_relics":[{"not_picked":["Black Blood","Velvet Choker"],"picked":"Runic Pyramid"}],"potions_floor_spawned":[1,7,12,14,20,21,29,30,31],"seed_played":"1318711444603114573","killed_by":"Champ","ascension_level":1,"is_trial":false}