{"gold_per_floor":[113,113,113,58,70,105,105,105,105,105,116,147,147,147,147,243,243,267,286,286,306,325,325,356,356,429,429,429,457,474,484,484,484],"floor_reached":33,"playtime":1043,"items_purged":[],"score":636,"play_id":"ea3b41d3-d9a1-4838-974a-a18d61636845","local_time":"20190118225646","is_ascension_mode":true,"campfire_choices":[{"data":"Defragment","floor":7.0,"key":"SMITH"},{"data":"Go for the Eyes","floor":10.0,"key":"SMITH"},{"data":"Electrodynamics","floor":13.0,"key":"SMITH"},{"data":"Conserve Battery","floor":15.0,"key":"SMITH"},{"floor":23.0,"key":"REST"},{"floor":27.0,"key":"REST"},{"floor":32,"key":"REST"}],"neow_cost":"NONE","seed_source_timestamp":136482417540847,"circlet_count":0,"master_deck":["AscendersBane","Strike_B","Strike_B","Strike_B+1","Strike_B+1","Defend_B","Defend_B+1","Defend_B","Defend_B","Zap+1","Dualcast+1","Go for the Eyes+1","Ball Lightning","Conserve Battery+1","Defragment+1","Hologram+1","Electrodynamics+1","Core Surge","Cold Snap","BootSequence+1","Genetic Algorithm","Undo","Amplify","Tempest","Reinforced Body"],"special_seed":0,"relics":["Cracked Core","NeowsBlessing","Whetstone","Vajra","Sundial","Bloody Idol","Fusion Hammer","StoneCalendar","Question Card","Bag of Preparation"],"potions_floor_usage":[31,33],"damage_taken":[{"damage":0.0,"enemies":"2 Louse","floor":1.0,"turns":1.0},{"damage":0.0,"enemies":"Jaw Worm","floor":5.0,"turns":1.0},{"damage":0.0,"enemies":"Lagavulin","floor":6.0,"turns":1.0},{"damage":3.0,"enemies":"Small Slimes","floor":11.0,"turns":2.0},{"damage":15.0,"enemies":"3 Sentries","floor":12.0,"turns":4.0},{"damage":29.0,"enemies":"Hexaghost","floor":16.0,"turns":9.0},{"damage":13.0,"enemies":"Shell Parasite","floor":18.0,"turns":4.0},{"damage":9.0,"enemies":"2 Thieves","floor":19.0,"turns":3.0},{"damage":11.0,"enemies":"Cultist and Chosen","floor":21.0,"turns":7.0},{"damage":17.0,"enemies":"Snake Plant","floor":22.0,"turns":4.0},{"damage":28.0,"enemies":"Slavers","floor":24.0,"turns":5.0},{"damage":27.0,"enemies":"Gremlin Leader","floor":29.0,"turns":6.0},{"damage":0.0,"enemies":"3 Cultists","floor":30.0,"turns":2.0},{"damage":30,"enemies":"Chosen and Byrds","floor":31,"turns":5},{"damage":0,"enemies":"Champ","floor":33,"turns":1}],"seed_played":"2012826057561124600","potions_obtained":[{"floor":1.0,"key":"SteroidPotion"},{"floor":5.0,"key":"SneckoOil"},{"floor":6.0,"key":"Ancient Potion"},{"floor":12.0,"key":"Explosive Potion"},{"floor":18.0,"key":"AttackPotion"},{"floor":21.0,"key":"Strength Potion"},{"floor":22.0,"key":"Dexterity Potion"},{"floor":29.0,"key":"SpeedPotion"},{"floor":31,"key":"FocusPotion"}],"is_trial":false,"path_per_floor":["M","?","?","$","M","E","R","?","T","R","M","E","R","?","R","B",null,"M","M","?","M","M","R","E","?","T","R","?","E","M","M","R","B"],"character_chosen":"DEFECT","items_purchased":["Ball Lightning"],"campfire_rested":3,"item_purchase_floors":[4],"current_hp_per_floor":[64,64,43,43,43,43,43,48,48,48,45,30,30,30,30,1,52,39,30,30,24,12,32,9,23,28,48,48,26,31,6,26,26],"gold":484,"neow_bonus":"THREE_ENEMY_KILL","is_prod":false,"is_daily":false,"chose_seed":false,"campfire_upgraded":4,"win_rate":0,"timestamp":1547881006,"path_taken":["M","?","?","$","M","E","R","?","T","R","M","E","R","?","R","BOSS","M","M","?","M","M","R","E","?","T","R","?","E","?","M","R","BOSS"],"build_version":"2019-01-17","purchased_purges":0,"victory":false,"max_hp_per_floor":[71,71,71,71,71,71,71,76,76,76,76,76,76,69,69,69,69,69,69,69,69,69,69,69,69,69,69,69,69,69,69,69,69],"card_choices":[{"not_picked":["Hello World","Fusion"],"picked":"Go for the Eyes","floor":1.0},{"not_picked":["Coolheaded","Storm"],"picked":"Conserve Battery","floor":5.0},{"not_picked":["Storm","Sweeping Beam"],"picked":"Defragment","floor":6.0},{"not_picked":["Auto Shields","Sweeping Beam"],"picked":"Hologram","floor":11.0},{"not_picked":["White Noise","Go for the Eyes"],"picked":"Electrodynamics","floor":12.0},{"not_picked":["Buffer","Reboot"],"picked":"Core Surge","floor":16.0},{"not_picked":["Conserve Battery","Steam"],"picked":"Cold Snap","floor":18.0},{"not_picked":["Coolheaded","White Noise"],"picked":"BootSequence+1","floor":19.0},{"not_picked":["Stack","Leap"],"picked":"Genetic Algorithm","floor":21.0},{"not_picked":["Streamline","Rebound"],"picked":"Undo","floor":22.0},{"not_picked":["Heatsinks+1","Barrage"],"picked":"Amplify","floor":24.0},{"not_picked":["Hologram","Hello World","Barrage"],"picked":"Tempest","floor":29.0},{"not_picked":["Beam Cell","Sweeping Beam","Barrage","Steam"],"picked":"SKIP","floor":30.0},{"not_picked":["Static Discharge","Barrage","Scrape"],"picked":"Reinforced Body","floor":31}],"player_experience":981424,"relics_obtained":[{"floor":6.0,"key":"Whetstone"},{"floor":9.0,"key":"Vajra"},{"floor":12.0,"key":"Sundial"},{"floor":24.0,"key":"StoneCalendar"},{"floor":26.0,"key":"Question Card"},{"floor":29.0,"key":"Bag of Preparation"}],"event_choices":[{"damage_healed":0.0,"max_hp_gain":0.0,"max_hp_loss":0.0,"gold_gain":0.0,"event_name":"Living Wall","player_choice":"Grow","floor":2.0,"gold_loss":0.0,"damage_taken":0.0,"cards_upgraded":["Zap"]},{"damage_healed":0.0,"max_hp_gain":0.0,"max_hp_loss":0.0,"gold_gain":0.0,"event_name":"Shining Light","player_choice":"Entered Light","floor":3.0,"gold_loss":0.0,"damage_taken":21.0,"cards_upgraded":["Defend_B","Dualcast"]},{"damage_healed":0.0,"max_hp_gain":5.0,"max_hp_loss":0.0,"gold_gain":0.0,"event_name":"Big Fish","player_choice":"Donut","floor":8.0,"gold_loss":0.0,"damage_taken":0.0},{"damage_healed":0.0,"max_hp_gain":0.0,"max_hp_loss":7.0,"gold_gain":0.0,"event_name":"Golden Idol","player_choice":"Lose Max HP","floor":14.0,"gold_loss":0.0,"damage_taken":0.0,"relics_obtained":["Golden Idol"]},{"damage_healed":0.0,"max_hp_gain":0.0,"max_hp_loss":0.0,"gold_gain":0.0,"event_name":"Forgotten Altar","player_choice":"Gave Idol","floor":20.0,"relics_lost":["Golden Idol"],"gold_loss":0.0,"damage_taken":0.0,"relics_obtained":["Bloody Idol"]},{"damage_healed":14.0,"max_hp_gain":0.0,"max_hp_loss":0.0,"gold_gain":0.0,"event_name":"The Library","player_choice":"Heal","floor":25.0,"gold_loss":0.0,"damage_taken":0.0},{"damage_healed":0.0,"max_hp_gain":0.0,"max_hp_loss":0.0,"gold_gain":0.0,"event_name":"Upgrade Shrine","player_choice":"Upgraded","floor":28.0,"gold_loss":0.0,"damage_taken":0.0,"cards_upgraded":["Hologram"]}],"is_beta":true,"boss_relics":[{"not_picked":["Runic Pyramid","Sozu"],"picked":"Fusion Hammer"}],"items_purged_floors":[],"is_endless":false,"potions_floor_spawned":[1,5,6,12,18,21,22,29,31],"killed_by":"Champ","ascension_level":20}