{"gold_per_floor":[115,129,129,143,143,143,177,177,203,218,243,243,281,305,305,434,434,459,474,399,324,78,78,42,57,57,87,105,124,163,38,38,38],"floor_reached":33,"playtime":2451,"items_purged":["Injury","Strike_R","Shame"],"score":302,"play_id":"25356667-82f3-4123-8e01-2b74699f460a","local_time":"20190418130658","is_ascension_mode":false,"campfire_choices":[{"data":"Rampage","floor":6,"key":"SMITH"},{"data":"Cleave","floor":8,"key":"SMITH"},{"data":"Anger","floor":12,"key":"SMITH"},{"data":"1","floor":15,"key":"LIFT"},{"data":"Limit Break","floor":23,"key":"SMITH"},{"floor":32,"key":"REST"}],"neow_cost":"PERCENT_DAMAGE","seed_source_timestamp":172650029224058,"circlet_count":0,"master_deck":["Defend_R","Defend_R","Defend_R","Defend_R","Bash","Rampage+1","Headbutt","Second Wind","Cleave+1","Anger+1","Headbutt","Inflame","Reaper","Warcry+1","Limit Break+1","Dual Wield","Thunderclap","Flame Barrier+1","Corruption","Cleave+1"],"relics":["Burning Blood","Golden Idol","Orichalcum","Juzu Bracelet","Girya","Empty Cage","Pantograph","Tiny Chest","Question Card"],"potions_floor_usage":[],"damage_taken":[{"damage":3,"enemies":"Jaw Worm","floor":1,"turns":4},{"damage":1,"enemies":"2 Louse","floor":2,"turns":3},{"damage":0,"enemies":"Small Slimes","floor":4,"turns":3},{"damage":14,"enemies":"Gremlin Nob","floor":7,"turns":3},{"damage":13,"enemies":"Exordium Wildlife","floor":10,"turns":3},{"damage":0,"enemies":"Large Slime","floor":11,"turns":5},{"damage":9,"enemies":"3 Sentries","floor":13,"turns":4},{"damage":5,"enemies":"3 Louse","floor":14,"turns":3},{"damage":34,"enemies":"Hexaghost","floor":16,"turns":9},{"damage":18,"enemies":"Spheric Guardian","floor":18,"turns":4},{"damage":4,"enemies":"Chosen","floor":19,"turns":3},{"damage":15,"enemies":"3 Cultists","floor":25,"turns":4},{"damage":18,"enemies":"Centurion and Healer","floor":28,"turns":7},{"damage":36,"enemies":"Sentry and Sphere","floor":29,"turns":6},{"damage":70,"enemies":"Gremlin Leader","floor":30,"turns":7},{"damage":76,"enemies":"Collector","floor":33,"turns":7}],"seed_played":"-5756468994941646969","potions_obtained":[{"floor":4,"key":"GamblersBrew"},{"floor":11,"key":"Ancient Potion"},{"floor":13,"key":"Fire Potion"},{"floor":14,"key":"EssenceOfSteel"},{"floor":25,"key":"SteroidPotion"}],"is_trial":false,"path_per_floor":["M","M","?","M","?","R","E","R","T","M","M","R","E","M","R","B",null,"M","M","$","?","$","R","$","M","T","?","M","M","E","$","R","B"],"character_chosen":"IRONCLAD","items_purchased":["Limit Break","Dual Wield"],"campfire_rested":1,"item_purchase_floors":[22,24],"current_hp_per_floor":[75,80,80,86,79,79,71,71,71,64,70,70,67,68,68,40,96,84,86,86,86,86,86,86,90,90,90,96,66,22,22,50,0],"gold":38,"neow_bonus":"TWENTY_PERCENT_HP_BONUS","is_prod":false,"is_daily":false,"chose_seed":false,"campfire_upgraded":4,"win_rate":0.0,"timestamp":1555573018,"path_taken":["M","M","?","M","?","R","E","R","T","M","M","R","E","M","R","BOSS","M","M","$","?","$","R","$","M","T","?","M","M","E","?","R","BOSS"],"build_version":"2019-01-23","purchased_purges":3,"victory":false,"max_hp_per_floor":[96,96,96,96,96,96,96,96,96,96,96,96,96,96,96,96,96,96,96,96,96,96,96,96,96,96,96,96,96,96,96,96,96],"card_choices":[{"not_picked":["Body Slam","Clothesline"],"picked":"Rampage","floor":1},{"not_picked":["Heavy Blade","Flex"],"picked":"Headbutt","floor":2},{"not_picked":["Body Slam","Flex"],"picked":"Second Wind","floor":4},{"not_picked":["Battle Trance","Flex"],"picked":"Cleave","floor":7},{"not_picked":["Sever Soul","Heavy Blade"],"picked":"Anger","floor":10},{"not_picked":["Uppercut","Shrug It Off"],"picked":"Headbutt","floor":11},{"not_picked":["Armaments","Burning Pact","Clothesline"],"picked":"SKIP","floor":13},{"not_picked":["Burning Pact","Flex"],"picked":"Inflame","floor":14},{"not_picked":["Bludgeon","Brutality"],"picked":"Reaper","floor":16},{"not_picked":["Armaments","Flex"],"picked":"Warcry+1","floor":18},{"not_picked":["Twin Strike","Shrug It Off","Blood for Blood"],"picked":"SKIP","floor":19},{"not_picked":["Carnage+1","Anger"],"picked":"Thunderclap","floor":25},{"not_picked":["Demon Form","Second Wind"],"picked":"Flame Barrier+1","floor":28},{"not_picked":["Iron Wave","Rupture+1"],"picked":"Corruption","floor":29},{"not_picked":["Flame Barrier","Ghostly Armor"],"picked":"Cleave+1","floor":30}],"player_experience":29375,"relics_obtained":[{"floor":7,"key":"Orichalcum"},{"floor":9,"key":"Juzu Bracelet"},{"floor":13,"key":"Girya"},{"floor":26,"key":"Pantograph"},{"floor":30,"key":"Question Card"}],"event_choices":[{"damage_healed":0,"gold_gain":0,"player_choice":"Take Wound","damage_taken":0,"relics_obtained":["Golden Idol"],"max_hp_gain":0,"max_hp_loss":0,"event_name":"Golden Idol","floor":3,"gold_loss":0,"cards_obtained":["Injury"]},{"cards_removed":["Strike_R"],"damage_healed":0,"gold_gain":0,"player_choice":"Card Removal","damage_taken":7,"max_hp_gain":0,"max_hp_loss":0,"event_name":"Golden Wing","floor":5,"gold_loss":0},{"cards_removed":["Strike_R"],"damage_healed":0,"gold_gain":0,"player_choice":"Gave Gold","damage_taken":0,"max_hp_gain":0,"max_hp_loss":0,"event_name":"Beggar","floor":21,"gold_loss":75},{"damage_healed":0,"gold_gain":0,"player_choice":"Stole Relic","damage_taken":0,"relics_obtained":["Tiny Chest"],"max_hp_gain":0,"max_hp_loss":0,"event_name":"Addict","floor":27,"gold_loss":0,"cards_obtained":["Shame"]}],"is_beta":false,"boss_relics":[{"not_picked":["Black Star","Cursed Key"],"picked":"Empty Cage"}],"items_purged_floors":[20,22,31],"is_endless":false,"potions_floor_spawned":[4,11,13,14,18,25],"killed_by":"Collector","ascension_level":0}