{"gold_per_floor":[113,263,188,188,200,200,89,118,145,176,176,196,196,207,207,286,286,306,306,306,148,177,44,61,96,96,96,112,132,132,163,163,240,240,260,276,276,276,290,290,321,332,404,435,435,448,168,178,178,178,178,178,178,4,38,38],"floor_reached":57,"playtime":2784,"items_purged":["Strike_R","Strike_R"],"score":2691,"play_id":"645d3459-df9c-4f32-906e-f849a014216e","local_time":"20190225014644","is_ascension_mode":true,"campfire_choices":[{"data":"Bash","floor":6.0,"key":"SMITH"},{"data":"Armaments","floor":11.0,"key":"SMITH"},{"data":"Anger","floor":15.0,"key":"SMITH"},{"data":"Heavy Blade","floor":27.0,"key":"SMITH"},{"data":"Inflame","floor":32.0,"key":"SMITH"},{"data":"Spot Weakness","floor":40.0,"key":"SMITH"},{"floor":45.0,"key":"RECALL"},{"data":"Demon Form","floor":49.0,"key":"SMITH"},{"data":"Clothesline","floor":53.0,"key":"SMITH"}],"neow_cost":"NONE","seed_source_timestamp":0,"circlet_count":0,"master_deck":["AscendersBane","Strike_R","Strike_R+1","Defend_R","Defend_R","Defend_R+1","Defend_R","Bash+1","Armaments+1","Sword Boomerang+1","Shrug It Off","Shrug It Off+1","Metallicize","Anger+1","Reaper","Intimidate+1","Necronomicurse","Double Tap+1","Inflame+1","Heavy Blade+1","Immolate","Exhume","Flash of Steel","Spot Weakness+1","Battle Trance","Battle Trance+1","Clothesline+1","Demon Form+1","Dual Wield","Blind"],"special_seed":0,"relics":["Burning Blood","Vajra","Whetstone","Red Skull","Ancient Tea Set","Runic Pyramid","Necronomicon","Red Mask","Ornamental Fan","Shuriken","Magic Flower","Runic Dome","Sundial","Happy Flower","Dodecahedron"],"potions_floor_usage":[56,56],"damage_taken":[{"damage":4.0,"enemies":"Small Slimes","floor":1.0,"turns":4.0},{"damage":7.0,"enemies":"Jaw Worm","floor":5.0,"turns":4.0},{"damage":25.0,"enemies":"3 Sentries","floor":8.0,"turns":6.0},{"damage":32.0,"enemies":"Gremlin Nob","floor":10.0,"turns":4.0},{"damage":0.0,"enemies":"2 Louse","floor":12.0,"turns":2.0},{"damage":0.0,"enemies":"2 Fungi Beasts","floor":14.0,"turns":3.0},{"damage":4.0,"enemies":"Hexaghost","floor":16.0,"turns":7.0},{"damage":23.0,"enemies":"3 Byrds","floor":18.0,"turns":7.0},{"damage":8.0,"enemies":"Masked Bandits","floor":22.0,"turns":4.0},{"damage":0.0,"enemies":"Chosen","floor":24.0,"turns":4.0},{"damage":7.0,"enemies":"Gremlin Leader","floor":25.0,"turns":5.0},{"damage":13.0,"enemies":"Snake Plant","floor":28.0,"turns":5.0},{"damage":14.0,"enemies":"Shelled Parasite and Fungi","floor":29.0,"turns":5.0},{"damage":11.0,"enemies":"Book of Stabbing","floor":31.0,"turns":4.0},{"damage":56.0,"enemies":"Automaton","floor":33.0,"turns":8.0},{"damage":81.0,"enemies":"3 Shapes","floor":35.0,"turns":11.0},{"damage":2.0,"enemies":"3 Darklings","floor":36.0,"turns":2.0},{"damage":6.0,"enemies":"Maw","floor":39.0,"turns":6.0},{"damage":49.0,"enemies":"Giant Head","floor":41.0,"turns":6.0},{"damage":38.0,"enemies":"Spire Growth","floor":42.0,"turns":4.0},{"damage":53.0,"enemies":"Nemesis","floor":44.0,"turns":5.0},{"damage":0.0,"enemies":"Jaw Worm Horde","floor":46.0,"turns":3.0},{"damage":4.0,"enemies":"Transient","floor":48.0,"turns":6.0},{"damage":59.0,"enemies":"Donu and Deca","floor":50.0,"turns":6.0},{"damage":39.0,"enemies":"Time Eater","floor":51.0,"turns":6.0},{"damage":31.0,"enemies":"Shield and Spear","floor":55.0,"turns":5.0},{"damage":204,"enemies":"The Heart","floor":56,"turns":9}],"seed_played":"-1462147750745770308","potions_obtained":[{"floor":5.0,"key":"PowerPotion"},{"floor":12.0,"key":"EntropicBrew"},{"floor":22.0,"key":"Swift Potion"},{"floor":33.0,"key":"PowerPotion"},{"floor":44.0,"key":"PowerPotion"}],"is_trial":false,"path_per_floor":["M","?","?","T","M","R","$","E","T","E","R","M","?","M","R","B",null,"M","?","?","$","?","$","M","E","T","R","M","M","?","E","R","B",null,"M","M","?","?","M","R","E","M","T","E","R","M","$","M","R","B","B",null,"R","$","E","B",null],"character_chosen":"IRONCLAD","items_purchased":["Sword Boomerang","SteroidPotion","Double Tap","Inflame","SteroidPotion","Demon Form","Dual Wield","Blind"],"campfire_rested":0,"item_purchase_floors":[7,7,21,23,23,47,54,54],"current_hp_per_floor":[70,70,70,70,69,69,69,50,50,24,24,30,7,13,13,15,60,53,32,11,11,26,26,43,80,80,80,80,80,80,75,75,80,80,78,80,80,80,80,80,68,80,80,80,80,80,80,80,80,80,80,80,80,80,80,80],"gold":38,"neow_bonus":"REMOVE_CARD","is_prod":false,"is_daily":false,"chose_seed":false,"campfire_upgraded":8,"win_rate":0,"timestamp":1551088004,"path_taken":["M","?","?","?","M","R","$","E","T","E","R","M","?","M","R","BOSS","M","?","?","$","?","$","M","E","T","R","M","M","?","E","R","BOSS","M","M","?","?","M","R","E","M","T","E","R","M","$","?","R","BOSS","BOSS","R","$","E","BOSS"],"build_version":"2019-02-06","purchased_purges":2,"victory":true,"max_hp_per_floor":[75,75,75,75,75,75,75,75,75,75,75,75,75,75,75,75,75,75,80,80,80,80,80,80,80,80,80,80,80,80,80,80,80,80,80,80,80,80,80,80,80,80,80,80,80,80,80,80,80,80,80,80,80,80,80,80],"card_choices":[{"not_picked":["Headbutt","Warcry"],"picked":"Armaments","floor":1.0},{"not_picked":["Flex","Clash","Perfected Strike"],"picked":"SKIP","floor":5.0},{"not_picked":["Wild Strike","Dual Wield"],"picked":"Shrug It Off","floor":8.0},{"not_picked":["Exhume","Rupture"],"picked":"Shrug It Off","floor":10.0},{"not_picked":["Pommel Strike","Warcry"],"picked":"Metallicize","floor":12.0},{"not_picked":["Combust","Ghostly Armor"],"picked":"Anger","floor":14.0},{"not_picked":["Demon Form","Impervious"],"picked":"Reaper","floor":16.0},{"not_picked":["Hemokinesis","Metallicize+1"],"picked":"Intimidate+1","floor":18.0},{"not_picked":["Twin Strike","Thunderclap"],"picked":"Heavy Blade","floor":24.0},{"not_picked":["Havoc","Second Wind","Sword Boomerang"],"picked":"SKIP","floor":25.0},{"not_picked":["Carnage","Twin Strike","Intimidate"],"picked":"SKIP","floor":28.0},{"not_picked":["Metallicize","Warcry","Shockwave"],"picked":"SKIP","floor":29.0},{"not_picked":["Wild Strike","Clash"],"picked":"Immolate","floor":31.0},{"not_picked":["Offering","Double Tap"],"picked":"Exhume","floor":33.0},{"not_picked":["Havoc","Sever Soul+1","Twin Strike"],"picked":"SKIP","floor":35.0},{"not_picked":["Ghostly Armor+1","Sword Boomerang","Combust"],"picked":"SKIP","floor":36.0},{"not_picked":["Blind","Forethought"],"picked":"Flash of Steel","floor":37.0},{"not_picked":["Clash+1","Heavy Blade+1"],"picked":"Spot Weakness","floor":39.0},{"not_picked":["Perfected Strike","Rampage"],"picked":"Battle Trance","floor":41.0},{"not_picked":["Pommel Strike+1","Perfected Strike+1"],"picked":"Battle Trance+1","floor":42.0},{"not_picked":["Berserk","Heavy Blade","Cleave+1"],"picked":"SKIP","floor":44.0},{"not_picked":["Cleave","Wild Strike"],"picked":"Clothesline","floor":46.0},{"not_picked":["Clothesline+1","Pommel Strike","Body Slam"],"picked":"SKIP","floor":48.0},{"not_picked":["Sentinel","Clothesline","Iron Wave"],"picked":"SKIP","floor":55.0}],"player_experience":1247912,"relics_obtained":[{"floor":4.0,"key":"Vajra"},{"floor":8.0,"key":"Whetstone"},{"floor":9.0,"key":"Red Skull"},{"floor":10.0,"key":"Ancient Tea Set"},{"floor":20.0,"key":"Necronomicon"},{"floor":22.0,"key":"Red Mask"},{"floor":25.0,"key":"Ornamental Fan"},{"floor":26.0,"key":"Shuriken"},{"floor":31.0,"key":"Magic Flower"},{"floor":41.0,"key":"Sundial"},{"floor":44.0,"key":"Happy Flower"},{"floor":55.0,"key":"Dodecahedron"}],"event_choices":[{"damage_healed":0.0,"max_hp_gain":0.0,"max_hp_loss":0.0,"gold_gain":150.0,"event_name":"Liars Game","player_choice":"AGREE","floor":2.0,"gold_loss":0.0,"damage_taken":0.0,"cards_obtained":["Doubt"]},{"cards_removed":["Doubt"],"damage_healed":0.0,"max_hp_gain":0.0,"max_hp_loss":0.0,"gold_gain":0.0,"event_name":"The Cleric","player_choice":"Card Removal","floor":3.0,"gold_loss":75.0,"damage_taken":0.0},{"damage_healed":0.0,"max_hp_gain":0.0,"max_hp_loss":0.0,"gold_gain":0.0,"event_name":"Shining Light","player_choice":"Entered Light","floor":13.0,"gold_loss":0.0,"damage_taken":23.0,"cards_upgraded":["Defend_R","Shrug It Off"]},{"damage_healed":0.0,"max_hp_gain":5.0,"max_hp_loss":0.0,"gold_gain":0.0,"event_name":"Forgotten Altar","player_choice":"Shed Blood","floor":19.0,"gold_loss":0.0,"damage_taken":26.0},{"damage_healed":0.0,"max_hp_gain":0.0,"max_hp_loss":0.0,"gold_gain":0.0,"event_name":"Cursed Tome","player_choice":"Obtained Book","floor":20.0,"gold_loss":0.0,"damage_taken":21.0},{"damage_healed":0.0,"max_hp_gain":0.0,"max_hp_loss":0.0,"gold_gain":0.0,"event_name":"Masked Bandits","player_choice":"Fought Bandits","floor":22.0,"gold_loss":0.0,"damage_taken":0.0},{"damage_healed":0.0,"max_hp_gain":0.0,"max_hp_loss":0.0,"gold_gain":0.0,"event_name":"Vampires","player_choice":"Ignored","floor":30.0,"gold_loss":0.0,"damage_taken":0.0},{"damage_healed":0.0,"max_hp_gain":0.0,"max_hp_loss":0.0,"gold_gain":0.0,"event_name":"SensoryStone","player_choice":"Memory 1","floor":37.0,"gold_loss":0.0,"damage_taken":0.0},{"damage_healed":0.0,"max_hp_gain":0.0,"max_hp_loss":0.0,"gold_gain":0.0,"event_name":"Accursed Blacksmith","player_choice":"Forge","floor":38.0,"gold_loss":0.0,"damage_taken":0.0,"cards_upgraded":["Double Tap"]}],"is_beta":true,"boss_relics":[{"not_picked":["Mark of Pain","Snecko Eye"],"picked":"Runic Pyramid"},{"not_picked":["Runic Cube","Cursed Key"],"picked":"Runic Dome"}],"items_purged_floors":[21,47],"is_endless":false,"potions_floor_spawned":[5,12,22,28,29,33,35,36,44,48],"ascension_level":20}