{"gold_per_floor":[116,129,129,146,162,162,172,172,195,208,208,222,238,250,250,250],"floor_reached":16,"playtime":801,"items_purged":[],"score":98,"play_id":"690faf5e-2610-4ddc-a6f1-fc840ac0cb19","local_time":"20190418185532","is_ascension_mode":false,"campfire_choices":[{"data":"Genetic Algorithm","floor":6,"key":"SMITH"},{"data":"Self Repair","floor":11,"key":"SMITH"},{"data":"Sunder","floor":15,"key":"SMITH"}],"neow_cost":"NONE","seed_source_timestamp":195216314120036,"circlet_count":0,"master_deck":["Strike_B","Strike_B+1","Strike_B","Strike_B+1","Defend_B","Defend_B","Defend_B","Defend_B","Dualcast","Reinforced Body","Sunder+1","Genetic Algorithm+1","Doom and Gloom","Reprogram","Self Repair+1","Sunder","Rip and Tear","Compile Driver"],"relics":["Cracked Core","Whetstone"],"potions_floor_usage":[12],"damage_taken":[{"damage":5,"enemies":"Small Slimes","floor":1,"turns":3},{"damage":1,"enemies":"Cultist","floor":2,"turns":3},{"damage":5,"enemies":"2 Louse","floor":4,"turns":3},{"damage":5,"enemies":"Red Slaver","floor":5,"turns":4},{"damage":5,"enemies":"3 Louse","floor":7,"turns":2},{"damage":0,"enemies":"2 Fungi Beasts","floor":10,"turns":2},{"damage":0,"enemies":"Lots of Slimes","floor":12,"turns":1},{"damage":13,"enemies":"Blue Slaver","floor":13,"turns":5},{"damage":1,"enemies":"Gremlin Gang","floor":14,"turns":4},{"damage":87,"enemies":"Hexaghost","floor":16,"turns":11}],"seed_played":"-8733578965732891417","potions_obtained":[{"floor":4,"key":"Poison Potion"},{"floor":5,"key":"Explosive Potion"},{"floor":10,"key":"Explosive Potion"},{"floor":13,"key":"Explosive Potion"}],"is_trial":false,"path_per_floor":["M","M","?","M","M","R","M","?","T","M","R","M","M","M","R","B"],"character_chosen":"DEFECT","items_purchased":[],"campfire_rested":0,"item_purchase_floors":[],"current_hp_per_floor":[70,69,69,64,59,59,54,85,85,85,85,85,82,85,85,0],"gold":250,"neow_bonus":"ONE_RANDOM_RARE_CARD","is_prod":false,"is_daily":false,"chose_seed":false,"campfire_upgraded":3,"win_rate":0.0,"timestamp":1555593932,"path_taken":["M","M","?","M","M","R","?","?","T","M","R","M","M","M","R","BOSS"],"build_version":"2019-01-23","purchased_purges":0,"victory":false,"max_hp_per_floor":[75,75,75,75,75,75,75,85,85,85,85,85,85,85,85,85],"card_choices":[{"not_picked":["Compile Driver","BootSequence"],"picked":"Reinforced Body","floor":1},{"not_picked":["Reinforced Body","Hello World","Scrape"],"picked":"SKIP","floor":2},{"not_picked":["Rebound","Barrage"],"picked":"Genetic Algorithm","floor":4},{"not_picked":["Storm","Coolheaded"],"picked":"Doom and Gloom","floor":5},{"not_picked":["BootSequence","Reinforced Body"],"picked":"Reprogram","floor":7},{"not_picked":["Storm","Hologram"],"picked":"Self Repair","floor":10},{"not_picked":["Hello World","Beam Cell"],"picked":"Sunder","floor":12},{"not_picked":["Hologram","Lockon"],"picked":"Rip and Tear","floor":13},{"not_picked":["Go for the Eyes","Self Repair"],"picked":"Compile Driver","floor":14}],"player_experience":51483,"relics_obtained":[{"floor":9,"key":"Whetstone"}],"event_choices":[{"damage_healed":0,"gold_gain":0,"cards_transformed":["Zap"],"player_choice":"Transformed","damage_taken":0,"max_hp_gain":0,"max_hp_loss":0,"event_name":"Transmorgrifier","floor":3,"gold_loss":0,"cards_obtained":["Sunder"]},{"cards_removed":["Reboot"],"damage_healed":21,"gold_gain":0,"player_choice":"Offered Rare","damage_taken":0,"max_hp_gain":10,"max_hp_loss":0,"event_name":"Bonfire Elementals","floor":8,"gold_loss":0}],"is_beta":false,"boss_relics":[],"items_purged_floors":[],"is_endless":false,"potions_floor_spawned":[4,5,10,13],"killed_by":"Hexaghost","ascension_level":0}