{"gold_per_floor":[109,109,109,109,259,300,300,315,315,358,358,393,473,487,487,586,586,610,610,610,631,212,212,212,236,236,277,60,60,74,108,108,108],"floor_reached":33,"playtime":1185,"items_purged":["Doubt"],"score":698,"play_id":"3cfe8bd2-5eac-4683-9e62-ef64f43914b6","local_time":"20190305004418","is_ascension_mode":true,"campfire_choices":[{"data":"Spot Weakness","floor":7.0,"key":"SMITH"},{"floor":11.0,"key":"REST"},{"data":"Disarm","floor":15.0,"key":"SMITH"},{"floor":23.0,"key":"REST"},{"floor":32,"key":"REST"}],"neow_cost":"NONE","seed_source_timestamp":2884341897671648,"circlet_count":0,"master_deck":["AscendersBane","Strike_R+1","Strike_R+1","Strike_R+1","Defend_R+1","Defend_R+1","Defend_R+1","Defend_R+1","Bash+1","Anger","Spot Weakness+1","Disarm+1","True Grit","Headbutt","Twin Strike","Reaper","Shrug It Off+1","Whirlwind","Feed","Shrug It Off+1","Flame Barrier+1"],"special_seed":0,"relics":["Burning Blood","NeowsBlessing","Golden Idol","Calipers","Thread and Needle","Bird Faced Urn","Pear","Tiny Chest","Philosopher\u0027s Stone","Nilry\u0027s Codex","Meat on the Bone","Singing Bowl","Strawberry","ClockworkSouvenir"],"potions_floor_usage":[],"damage_taken":[{"damage":0.0,"enemies":"Jaw Worm","floor":1.0,"turns":1.0},{"damage":0.0,"enemies":"Gremlin Nob","floor":6.0,"turns":1.0},{"damage":0.0,"enemies":"Small Slimes","floor":8.0,"turns":1.0},{"damage":56.0,"enemies":"3 Sentries","floor":10.0,"turns":9.0},{"damage":29.0,"enemies":"Gremlin Nob","floor":12.0,"turns":4.0},{"damage":2.0,"enemies":"2 Louse","floor":14.0,"turns":3.0},{"damage":3.0,"enemies":"Hexaghost","floor":16.0,"turns":8.0},{"damage":35.0,"enemies":"Shell Parasite","floor":18.0,"turns":5.0},{"damage":21.0,"enemies":"2 Thieves","floor":21.0,"turns":4.0},{"damage":19.0,"enemies":"3 Cultists","floor":25.0,"turns":6.0},{"damage":17.0,"enemies":"Book of Stabbing","floor":27.0,"turns":5.0},{"damage":11.0,"enemies":"Snake Plant","floor":30.0,"turns":20.0},{"damage":55.0,"enemies":"Gremlin Leader","floor":31.0,"turns":8.0},{"damage":89,"enemies":"Automaton","floor":33,"turns":6}],"seed_played":"8230472589988793731","potions_obtained":[{"floor":16.0,"key":"Fire Potion"},{"floor":25.0,"key":"PowerPotion"},{"floor":30.0,"key":"SkillPotion"}],"is_trial":false,"path_per_floor":["M","?","?","?","?","E","R","M","T","E","R","E","T","M","R","B",null,"M","?","?","M","$","R","?","M","T","E","$","?","M","E","R","B"],"character_chosen":"IRONCLAD","items_purchased":["Meat on the Bone","Block Potion","ClockworkSouvenir"],"campfire_rested":3,"item_purchase_floors":[22,22,28],"current_hp_per_floor":[74,48,53,53,53,59,59,65,65,15,39,26,26,30,30,33,76,47,47,26,19,19,46,46,61,61,80,80,80,86,56,89,0],"gold":108,"neow_bonus":"THREE_ENEMY_KILL","is_prod":false,"is_daily":false,"chose_seed":false,"campfire_upgraded":2,"win_rate":0,"timestamp":1551775458,"path_taken":["M","?","?","?","?","E","R","?","T","E","R","E","?","M","R","BOSS","M","?","?","M","$","R","?","M","T","E","?","?","M","E","R","BOSS"],"build_version":"2019-02-06","purchased_purges":1,"victory":false,"max_hp_per_floor":[75,75,80,80,80,80,80,80,80,80,80,90,90,90,90,90,90,90,90,90,90,90,90,90,90,90,102,102,102,105,110,110,110],"card_choices":[{"not_picked":["Heavy Blade","Headbutt"],"picked":"Anger","floor":1.0},{"not_picked":["Shrug It Off","Metallicize"],"picked":"Spot Weakness","floor":6.0},{"not_picked":["Pommel Strike","Havoc"],"picked":"Disarm","floor":8.0},{"not_picked":["Sever Soul","Clash"],"picked":"True Grit","floor":10.0},{"not_picked":["Searing Blow","Burning Pact"],"picked":"Headbutt","floor":12.0},{"not_picked":["Intimidate","Fire Breathing"],"picked":"Twin Strike","floor":14.0},{"not_picked":["Brutality","Feed"],"picked":"Reaper","floor":16.0},{"not_picked":["True Grit","Wild Strike"],"picked":"Shrug It Off+1","floor":18.0},{"not_picked":["Searing Blow","Rampage"],"picked":"Shrug It Off+1","floor":21.0},{"not_picked":["Clash","Flex","Havoc"],"picked":"SKIP","floor":25.0},{"not_picked":["Heavy Blade","Cleave","Clothesline"],"picked":"Singing Bowl","floor":27.0},{"not_picked":["Burning Pact","Seeing Red"],"picked":"Flame Barrier+1","floor":30.0},{"not_picked":["Pummel","Headbutt+1","Combust"],"picked":"Singing Bowl","floor":31}],"player_experience":1316406,"relics_obtained":[{"floor":6.0,"key":"Calipers"},{"floor":9.0,"key":"Thread and Needle"},{"floor":10.0,"key":"Bird Faced Urn"},{"floor":12.0,"key":"Pear"},{"floor":13.0,"key":"Tiny Chest"},{"floor":20.0,"key":"Nilry\u0027s Codex"},{"floor":26.0,"key":"Singing Bowl"},{"floor":27.0,"key":"Strawberry"}],"event_choices":[{"damage_healed":0.0,"max_hp_gain":0.0,"max_hp_loss":0.0,"gold_gain":0.0,"event_name":"Golden Idol","player_choice":"Take Damage","floor":2.0,"gold_loss":0.0,"damage_taken":26.0,"relics_obtained":["Golden Idol"]},{"damage_healed":0.0,"max_hp_gain":5.0,"max_hp_loss":0.0,"gold_gain":0.0,"event_name":"Big Fish","player_choice":"Donut","floor":3.0,"gold_loss":0.0,"damage_taken":0.0},{"damage_healed":0.0,"max_hp_gain":0.0,"max_hp_loss":0.0,"gold_gain":0.0,"event_name":"Living Wall","player_choice":"Grow","floor":4.0,"gold_loss":0.0,"damage_taken":0.0,"cards_upgraded":["Bash"]},{"damage_healed":0.0,"max_hp_gain":0.0,"max_hp_loss":0.0,"gold_gain":150.0,"event_name":"Liars Game","player_choice":"AGREE","floor":5.0,"gold_loss":0.0,"damage_taken":0.0,"cards_obtained":["Doubt"]},{"damage_healed":0.0,"max_hp_gain":0.0,"max_hp_loss":0.0,"gold_gain":0.0,"cards_transformed":["Strike_R","Strike_R"],"event_name":"Drug Dealer","player_choice":"Became Test Subject","floor":19.0,"gold_loss":0.0,"damage_taken":0.0,"cards_obtained":["Whirlwind","Feed"]},{"damage_healed":0.0,"max_hp_gain":0.0,"max_hp_loss":0.0,"gold_gain":0.0,"event_name":"Cursed Tome","player_choice":"Obtained Book","floor":20.0,"gold_loss":0.0,"damage_taken":21.0},{"damage_healed":0.0,"max_hp_gain":0.0,"max_hp_loss":0.0,"gold_gain":0.0,"event_name":"Back to Basics","player_choice":"Simplicity","floor":24.0,"gold_loss":0.0,"damage_taken":0.0,"cards_upgraded":["Strike_R","Strike_R","Strike_R","Defend_R","Defend_R","Defend_R","Defend_R"]},{"damage_healed":0.0,"max_hp_gain":0.0,"max_hp_loss":0.0,"gold_gain":0.0,"event_name":"Ghosts","player_choice":"Ignored","floor":29.0,"gold_loss":0.0,"damage_taken":0.0}],"is_beta":true,"boss_relics":[{"not_picked":["Pandora\u0027s Box","Black Star"],"picked":"Philosopher\u0027s Stone"}],"items_purged_floors":[22],"is_endless":false,"potions_floor_spawned":[16,25,30],"killed_by":"Automaton","ascension_level":20}