{"gold_per_floor":[111,130,130,130,55,93,168,209,209,209,17,37,37,37,37,133,133,152,76,100,150,52,52,87,87,110,145,145,145,161,197,197,290,290,309,323,344,222,241,281,281,324,351,389,412,75,35,56,56,56,56,56,6,6],"floor_reached":54,"playtime":3350,"items_purged":["Strike_B+1","Injury"],"score":1337,"play_id":"66e611a9-5c84-474e-9a7c-c480bf76290c","local_time":"20190310224100","is_ascension_mode":true,"campfire_choices":[{"floor":10,"key":"REST"},{"data":"Capacitor","floor":13,"key":"SMITH"},{"data":"Zap","floor":15,"key":"SMITH"},{"floor":23,"key":"REST"},{"floor":25,"key":"REST"},{"floor":28,"key":"REST"},{"floor":32,"key":"REST"},{"floor":41,"key":"REST"},{"floor":49,"key":"RECALL"},{"floor":52,"key":"REST"}],"neow_cost":"NONE","seed_source_timestamp":3222568653481238,"circlet_count":0,"master_deck":["AscendersBane","Defend_B","Defend_B","Defend_B","Zap+1","Dualcast","Capacitor+1","Glacier","Cold Snap","BootSequence","Ball Lightning","Conserve Battery","Compile Driver","Creative AI","Genetic Algorithm","Capacitor","Cold Snap","Coolheaded+1","Recycle+1","Steam","Undo","Glacier+1","Fission","Sweeping Beam+1","Compile Driver+1","Seek","Darkness","Blizzard+1","Multi-Cast","Capacitor"],"relics":["Orrery","Vajra","Golden Idol","Whetstone","Torii","Membership Card","Fusion Hammer","PreservedInsect","Potion Belt","Happy Flower","Bag of Preparation","Centennial Puzzle","Cursed Key","Blood Vial","Cables","Lantern","Pear","Medical Kit","Ornamental Fan"],"potions_floor_usage":[24,27,31,42,42,45],"damage_taken":[{"damage":5,"enemies":"Cultist","floor":1,"turns":6},{"damage":0,"enemies":"Jaw Worm","floor":2,"turns":5},{"damage":12,"enemies":"3 Sentries","floor":6,"turns":9},{"damage":7,"enemies":"Lagavulin","floor":8,"turns":8},{"damage":1,"enemies":"Small Slimes","floor":12,"turns":5},{"damage":10,"enemies":"Hexaghost","floor":16,"turns":11},{"damage":0,"enemies":"Chosen","floor":18,"turns":6},{"damage":19,"enemies":"Spheric Guardian","floor":20,"turns":6},{"damage":36,"enemies":"Slavers","floor":24,"turns":9},{"damage":9,"enemies":"Gremlin Leader","floor":27,"turns":11},{"damage":12,"enemies":"3 Cultists","floor":30,"turns":4},{"damage":8,"enemies":"Book of Stabbing","floor":31,"turns":8},{"damage":17,"enemies":"Champ","floor":33,"turns":19},{"damage":19,"enemies":"Orb Walker","floor":35,"turns":7},{"damage":9,"enemies":"3 Darklings","floor":36,"turns":5},{"damage":7,"enemies":"Transient","floor":37,"turns":5},{"damage":1,"enemies":"4 Shapes","floor":39,"turns":6},{"damage":1,"enemies":"Giant Head","floor":40,"turns":10},{"damage":8,"enemies":"Reptomancer","floor":42,"turns":9},{"damage":1,"enemies":"Nemesis","floor":44,"turns":9},{"damage":0,"enemies":"Jaw Worm Horde","floor":45,"turns":6},{"damage":0,"enemies":"3 Darklings","floor":48,"turns":6},{"damage":15,"enemies":"Donu and Deca","floor":50,"turns":10},{"damage":77,"enemies":"Shield and Spear","floor":54,"turns":5}],"seed_played":"-3466402243296407069","potions_obtained":[{"floor":1,"key":"AttackPotion"},{"floor":6,"key":"Dexterity Potion"},{"floor":12,"key":"Block Potion"},{"floor":30,"key":"Poison Potion"},{"floor":33,"key":"FearPotion"},{"floor":37,"key":"EssenceOfSteel"},{"floor":42,"key":"Fire Potion"},{"floor":45,"key":"GamblersBrew"},{"floor":47,"key":"EntropicBrew"},{"floor":47,"key":"FocusPotion"},{"floor":48,"key":"FocusPotion"}],"is_trial":false,"path_per_floor":["M","M","?","?","?","E","?","E","T","R","$","M","R","?","R","B",null,"M","$","M","?","$","R","E","R","T","E","R","?","M","E","R","B",null,"M","M","M","$","M","E","R","E","T","E","M","$","?","M","R","B",null,"R","$","E"],"character_chosen":"DEFECT","items_purchased":["Membership Card","PreservedInsect","Capacitor","Cold Snap","SpeedPotion","Seek","Darkness","Ancient Potion","Strength Potion","Medical Kit","Ornamental Fan","EntropicBrew"],"campfire_rested":7,"item_purchase_floors":[11,19,22,22,38,38,38,46,46,46,46,53],"current_hp_per_floor":[59,59,41,41,41,29,18,11,11,30,30,29,29,22,22,12,51,51,51,32,32,32,51,15,34,34,25,44,44,32,24,43,26,55,36,27,20,20,19,18,37,31,31,42,44,44,44,46,46,33,64,74,74,0],"gold":6,"neow_bonus":"BOSS_RELIC","is_prod":false,"is_daily":false,"chose_seed":false,"campfire_upgraded":2,"win_rate":0,"timestamp":1552282860,"path_taken":["M","M","?","?","?","E","?","E","T","R","$","?","R","?","R","BOSS","M","$","M","?","$","R","E","R","T","E","R","?","M","E","R","BOSS","M","M","M","$","M","E","R","E","T","E","M","$","?","?","R","BOSS","R","$","E"],"build_version":"2019-02-06","purchased_purges":2,"victory":false,"max_hp_per_floor":[71,71,71,64,64,64,64,64,64,64,64,64,64,64,64,64,64,64,64,64,64,64,64,64,64,64,64,64,64,64,64,64,64,64,64,64,64,64,64,64,64,64,64,74,74,74,74,74,74,74,74,74,74,74],"card_choices":[{"not_picked":["Chill","Steam"],"picked":"Capacitor","floor":0},{"not_picked":["Chill","Melter"],"picked":"Glacier","floor":0},{"not_picked":["Barrage","Rebound"],"picked":"Cold Snap","floor":0},{"not_picked":["Redo","Machine Learning"],"picked":"BootSequence","floor":0},{"not_picked":["Go for the Eyes","Stack","Lockon"],"picked":"SKIP","floor":1},{"not_picked":["Auto Shields","Go for the Eyes"],"picked":"Ball Lightning","floor":2},{"not_picked":["Conserve Battery","White Noise","Beam Cell"],"picked":"SKIP","floor":6},{"not_picked":["Sweeping Beam","Turbo"],"picked":"Conserve Battery","floor":8},{"not_picked":["Go for the Eyes","Undo"],"picked":"Compile Driver","floor":12},{"not_picked":["Multi-Cast","Buffer"],"picked":"Creative AI","floor":16},{"not_picked":["Go for the Eyes","Heatsinks","Barrage"],"picked":"SKIP","floor":18},{"not_picked":["Force Field","Streamline"],"picked":"Genetic Algorithm","floor":20},{"not_picked":["Conserve Battery","Auto Shields"],"picked":"Coolheaded+1","floor":24},{"not_picked":["Self Repair","Beam Cell"],"picked":"Recycle+1","floor":27},{"not_picked":["Rebound","Compile Driver"],"picked":"Glacier+1","floor":30},{"not_picked":["Steam","Auto Shields+1","Machine Learning"],"picked":"SKIP","floor":31},{"not_picked":["Rainbow","All For One"],"picked":"Fission","floor":33},{"not_picked":["Turbo","Streamline"],"picked":"Sweeping Beam+1","floor":35},{"not_picked":["Steam","Steam Power","Streamline+1"],"picked":"SKIP","floor":36},{"not_picked":["Ball Lightning","Gash+1"],"picked":"Compile Driver+1","floor":37},{"not_picked":["Double Energy+1","Stack","Tempest"],"picked":"SKIP","floor":39},{"not_picked":["Beam Cell","Streamline+1"],"picked":"Blizzard+1","floor":40},{"not_picked":["Beam Cell","Rebound"],"picked":"Multi-Cast","floor":42},{"not_picked":["Rebound","Force Field","Go for the Eyes"],"picked":"SKIP","floor":44},{"not_picked":["Sunder","Turbo"],"picked":"Capacitor","floor":45},{"not_picked":["Rebound","Conserve Battery+1","Sweeping Beam"],"picked":"SKIP","floor":48}],"player_experience":1350488,"relics_obtained":[{"floor":6,"key":"Whetstone"},{"floor":8,"key":"Torii"},{"floor":24,"key":"Potion Belt"},{"floor":26,"key":"Happy Flower"},{"floor":27,"key":"Bag of Preparation"},{"floor":31,"key":"Centennial Puzzle"},{"floor":40,"key":"Blood Vial"},{"floor":42,"key":"Cables"},{"floor":43,"key":"Lantern"},{"floor":44,"key":"Pear"}],"event_choices":[{"damage_healed":0,"gold_gain":0,"player_choice":"Success","damage_taken":18,"relics_obtained":["Vajra"],"max_hp_gain":0,"max_hp_loss":0,"event_name":"Scrap Ooze","floor":3,"gold_loss":0},{"damage_healed":0,"gold_gain":0,"player_choice":"Lose Max HP","damage_taken":0,"relics_obtained":["Golden Idol"],"max_hp_gain":0,"max_hp_loss":7,"event_name":"Golden Idol","floor":4,"gold_loss":0},{"cards_removed":["Strike_B"],"damage_healed":0,"gold_gain":0,"player_choice":"Card Removal","damage_taken":0,"max_hp_gain":0,"max_hp_loss":0,"event_name":"The Cleric","floor":5,"gold_loss":75},{"damage_healed":0,"gold_gain":75,"player_choice":"Gather Gold","damage_taken":11,"max_hp_gain":0,"max_hp_loss":0,"event_name":"World of Goop","floor":7,"gold_loss":0},{"cards_removed":["Strike_B"],"damage_healed":0,"gold_gain":0,"player_choice":"Card Removal","damage_taken":7,"max_hp_gain":0,"max_hp_loss":0,"event_name":"Golden Wing","floor":14,"gold_loss":0},{"damage_healed":0,"gold_gain":50,"player_choice":"Stole From Cult","damage_taken":0,"max_hp_gain":0,"max_hp_loss":0,"event_name":"Nest","floor":21,"gold_loss":0},{"damage_healed":0,"gold_gain":0,"cards_transformed":["Strike_B","Defend_B"],"player_choice":"Became Test Subject","damage_taken":0,"max_hp_gain":0,"max_hp_loss":0,"event_name":"Drug Dealer","floor":29,"gold_loss":0,"cards_obtained":["Steam","Undo"]},{"damage_healed":0,"gold_gain":0,"player_choice":"Bought 3 Potions","damage_taken":0,"max_hp_gain":0,"max_hp_loss":0,"event_name":"The Woman in Blue","floor":47,"gold_loss":0}],"is_beta":true,"boss_relics":[{"not_picked":["White Beast Statue","Lizard Tail"],"picked":"Fusion Hammer"},{"not_picked":["Calling Bell","Philosopher\u0027s Stone"],"picked":"Cursed Key"}],"items_purged_floors":[22,46],"is_endless":false,"potions_floor_spawned":[1,6,8,12,20,30,33,37,42,45,48],"killed_by":"Shield and Spear","ascension_level":15}