{"gold_per_floor":[112,112,287,307,185,223,223,65,146,146,146,7,30,16,16,16],"floor_reached":16,"playtime":894,"items_purged":["Doubt"],"score":103,"play_id":"e942185c-a556-4035-9b86-f5a7f518fa9c","local_time":"20190421064549","is_ascension_mode":true,"campfire_choices":[{"data":"True Grit","floor":7,"key":"SMITH"},{"floor":10,"key":"REST"},{"data":"Fiend Fire","floor":15,"key":"SMITH"}],"neow_cost":"NONE","seed_source_timestamp":410547573609869,"circlet_count":0,"master_deck":["Strike_R","Strike_R","Strike_R","Strike_R","Defend_R","Defend_R","Defend_R","Defend_R","Bash","Clothesline","Corruption","True Grit+1","Whirlwind","Shrug It Off","Inflame","Entrench","Fiend Fire+1"],"relics":["Burning Blood","Golden Idol","Turnip","Kunai"],"potions_floor_usage":[],"damage_taken":[{"damage":5,"enemies":"Jaw Worm","floor":1,"turns":5},{"damage":2,"enemies":"2 Louse","floor":4,"turns":4},{"damage":43,"enemies":"3 Sentries","floor":6,"turns":12},{"damage":0,"enemies":"Small Slimes","floor":13,"turns":3},{"damage":11,"enemies":"Exordium Thugs","floor":14,"turns":4},{"damage":62,"enemies":"Slime Boss","floor":16,"turns":10}],"seed_played":"-8451367818243562642","potions_obtained":[{"floor":13,"key":"GamblersBrew"},{"floor":14,"key":"Strength Potion"}],"is_trial":false,"path_per_floor":["M","?","?","M","$","E","R","$","T","R","?","$","M","M","R","B"],"character_chosen":"IRONCLAD","items_purchased":["True Grit","Whirlwind","Shrug It Off","Inflame","Fiend Fire"],"campfire_rested":1,"item_purchase_floors":[5,8,8,8,12],"current_hp_per_floor":[88,66,66,70,70,33,33,33,33,59,59,59,65,60,60,0],"gold":16,"neow_bonus":"TEN_PERCENT_HP_BONUS","is_prod":false,"is_daily":false,"chose_seed":false,"campfire_upgraded":2,"win_rate":0,"timestamp":1555809349,"path_taken":["M","?","?","M","$","E","R","$","T","R","?","$","M","M","R","BOSS"],"build_version":"2019-01-23","purchased_purges":1,"victory":false,"max_hp_per_floor":[88,88,88,88,88,88,88,88,88,88,88,88,88,88,88,88],"card_choices":[{"not_picked":["Perfected Strike","Bloodletting"],"picked":"Clothesline","floor":1},{"not_picked":["Clash","Headbutt"],"picked":"Corruption","floor":4},{"not_picked":["Twin Strike","Impervious","True Grit"],"picked":"SKIP","floor":6},{"not_picked":["Twin Strike","Perfected Strike","Heavy Blade"],"picked":"SKIP","floor":13},{"not_picked":["Reckless Charge","Twin Strike","Wild Strike"],"picked":"SKIP","floor":14}],"player_experience":89915,"relics_obtained":[{"floor":6,"key":"Turnip"},{"floor":9,"key":"Kunai"}],"event_choices":[{"damage_healed":0,"gold_gain":0,"player_choice":"Take Damage","damage_taken":22,"relics_obtained":["Golden Idol"],"max_hp_gain":0,"max_hp_loss":0,"event_name":"Golden Idol","floor":2,"gold_loss":0},{"damage_healed":0,"gold_gain":175,"player_choice":"AGREE","damage_taken":0,"max_hp_gain":0,"max_hp_loss":0,"event_name":"Liars Game","floor":3,"gold_loss":0,"cards_obtained":["Doubt"]},{"damage_healed":0,"gold_gain":0,"cards_transformed":["Strike_R"],"player_choice":"Transformed","damage_taken":0,"max_hp_gain":0,"max_hp_loss":0,"event_name":"Transmorgrifier","floor":11,"gold_loss":0,"cards_obtained":["Entrench"]}],"is_beta":false,"boss_relics":[],"items_purged_floors":[5],"is_endless":false,"potions_floor_spawned":[13,14],"killed_by":"Slime Boss","ascension_level":1}