{"gold_per_floor":[19,33,45,45,62,62,62,62],"floor_reached":8,"playtime":258,"items_purged":[],"score":96,"play_id":"ce655bf5-a82d-45d9-bf02-84e254324338","local_time":"20190202050433","is_ascension_mode":true,"campfire_choices":[{"data":"Combust","floor":6.0,"key":"SMITH"}],"neow_cost":"NO_GOLD","seed_source_timestamp":900457914294088,"circlet_count":0,"master_deck":["AscendersBane","Strike_R","Strike_R","Strike_R","Strike_R","Strike_R","Defend_R","Defend_R","Defend_R","Defend_R","Bash","Disarm","Combust+1"],"special_seed":0,"relics":["Burning Blood","Prayer Wheel"],"potions_floor_usage":[],"damage_taken":[{"damage":8.0,"enemies":"Jaw Worm","floor":1.0,"turns":5.0},{"damage":4.0,"enemies":"Small Slimes","floor":2.0,"turns":6.0},{"damage":8.0,"enemies":"2 Louse","floor":3.0,"turns":3.0},{"damage":21.0,"enemies":"Gremlin Gang","floor":5.0,"turns":5.0},{"damage":35,"enemies":"Gremlin Nob","floor":8,"turns":4}],"seed_played":"7913181962797972617","potions_obtained":[{"floor":1.0,"key":"Swift Potion"}],"is_trial":false,"path_per_floor":["M","M","M","?","M","R","?","E"],"character_chosen":"IRONCLAD","items_purchased":[],"campfire_rested":0,"item_purchase_floors":[],"current_hp_per_floor":[66,68,66,71,56,56,56,21],"gold":62,"neow_bonus":"ONE_RARE_RELIC","is_prod":false,"is_daily":false,"chose_seed":false,"campfire_upgraded":1,"win_rate":0,"timestamp":1549112673,"path_taken":["M","M","M","?","M","R","?","E"],"build_version":"2019-01-23","purchased_purges":0,"victory":false,"max_hp_per_floor":[75,75,75,80,80,80,80,80],"card_choices":[{"not_picked":["Corruption","Rage"],"picked":"Disarm","floor":1.0},{"not_picked":["Sever Soul","Thunderclap","Body Slam"],"picked":"SKIP","floor":1.0},{"not_picked":["Blood for Blood","Body Slam"],"picked":"Combust","floor":2.0},{"not_picked":["Sword Boomerang","Pummel","Ghostly Armor"],"picked":"SKIP","floor":2.0},{"not_picked":["Clash","Thunderclap","Dual Wield"],"picked":"SKIP","floor":3.0},{"not_picked":["Infernal Blade","Headbutt","Clash"],"picked":"SKIP","floor":3.0},{"not_picked":["Hemokinesis","Cleave","Sword Boomerang"],"picked":"SKIP","floor":5.0},{"not_picked":["Perfected Strike","Warcry","Infernal Blade"],"picked":"SKIP","floor":5.0}],"player_experience":1070964,"relics_obtained":[],"event_choices":[{"damage_healed":0.0,"max_hp_gain":5.0,"max_hp_loss":0.0,"gold_gain":0.0,"event_name":"Big Fish","player_choice":"Donut","floor":4.0,"gold_loss":0.0,"damage_taken":0.0},{"damage_healed":0,"gold_gain":0,"player_choice":"Ignored","damage_taken":0,"max_hp_gain":0,"max_hp_loss":0,"event_name":"Shining Light","floor":7,"gold_loss":0}],"is_beta":true,"boss_relics":[],"items_purged_floors":[],"is_endless":false,"potions_floor_spawned":[1],"killed_by":"Gremlin Nob","ascension_level":20}