{"gold_per_floor":[116,391,144,144,164,164,227,245,245,272,282,293,293,325,325,397,397,411,424,449,144,157,183,183,215,215,231,231,248,282,301,301,378,378,388,442,457,457,200,234,247,275,299,299,309,309,97,124,124,124,124,124,124,82,82],"floor_reached":55,"playtime":2563,"items_purged":["Regret","Strike_R","Strike_R"],"score":2245,"play_id":"c8cba8a4-35e8-487f-a82a-16713e281b5c","local_time":"20190303004220","is_ascension_mode":true,"campfire_choices":[{"data":"Bash","floor":6.0,"key":"SMITH"},{"data":"Immolate","floor":13.0,"key":"SMITH"},{"data":"Disarm","floor":15.0,"key":"SMITH"},{"data":"Immolate","floor":24.0,"key":"SMITH"},{"floor":28.0,"key":"REST"},{"data":"Limit Break","floor":32.0,"key":"SMITH"},{"floor":46.0,"key":"REST"},{"floor":49.0,"key":"RECALL"},{"floor":53.0,"key":"REST"}],"neow_cost":"NONE","seed_source_timestamp":2754111910550338,"circlet_count":0,"master_deck":["AscendersBane","Strike_R","Defend_R","Defend_R","Defend_R+1","Defend_R","Bash+1","Pommel Strike","Spot Weakness+1","Pummel","Shockwave","Immolate+1","Shrug It Off","Shrug It Off","Disarm+1","Limit Break+1","Headbutt","Shrug It Off","Immolate+1","Shockwave","Heavy Blade","Evolve","Pommel Strike+1","Shockwave","Barricade","Limit Break","Corruption","Power Through","Uppercut+1","Spot Weakness","Flame Barrier","Shrug It Off+1","Shrug It Off","Disarm","Armaments+1","Inflame"],"special_seed":0,"relics":["Burning Blood","NeowsBlessing","Tiny Chest","Paper Frog","Pantograph","Blue Candle","Snecko Eye","Boot","War Paint","Kunai","Red Skull","Molten Egg 2","Empty Cage","Gambling Chip","Orichalcum","Bottled Flame","Oddly Smooth Stone","Bronze Scales"],"potions_floor_usage":[],"damage_taken":[{"damage":0.0,"enemies":"2 Louse","floor":1.0,"turns":1.0},{"damage":0.0,"enemies":"Cultist","floor":5.0,"turns":1.0},{"damage":0.0,"enemies":"3 Sentries","floor":7.0,"turns":2.0},{"damage":11.0,"enemies":"Jaw Worm","floor":8.0,"turns":5.0},{"damage":11.0,"enemies":"Gremlin Nob","floor":10.0,"turns":3.0},{"damage":13.0,"enemies":"Red Slaver","floor":11.0,"turns":3.0},{"damage":10.0,"enemies":"Large Slime","floor":12.0,"turns":4.0},{"damage":4.0,"enemies":"3 Sentries","floor":14.0,"turns":4.0},{"damage":13.0,"enemies":"The Guardian","floor":16.0,"turns":12.0},{"damage":7.0,"enemies":"3 Byrds","floor":18.0,"turns":4.0},{"damage":16.0,"enemies":"Chosen","floor":19.0,"turns":6.0},{"damage":9.0,"enemies":"Snake Plant","floor":22.0,"turns":4.0},{"damage":0.0,"enemies":"Slavers","floor":23.0,"turns":2.0},{"damage":39.0,"enemies":"Book of Stabbing","floor":25.0,"turns":4.0},{"damage":0.0,"enemies":"Snecko","floor":27.0,"turns":3.0},{"damage":0.0,"enemies":"Centurion and Healer","floor":29.0,"turns":2.0},{"damage":0.0,"enemies":"Gremlin Leader","floor":30.0,"turns":3.0},{"damage":0.0,"enemies":"Cultist and Chosen","floor":31.0,"turns":2.0},{"damage":64.0,"enemies":"Automaton","floor":33.0,"turns":7.0},{"damage":0.0,"enemies":"3 Darklings","floor":35.0,"turns":1.0},{"damage":23.0,"enemies":"2 Orb Walkers","floor":36.0,"turns":4.0},{"damage":1.0,"enemies":"3 Shapes","floor":37.0,"turns":3.0},{"damage":7.0,"enemies":"Reptomancer","floor":40.0,"turns":4.0},{"damage":17.0,"enemies":"3 Darklings","floor":41.0,"turns":3.0},{"damage":6.0,"enemies":"Nemesis","floor":42.0,"turns":6.0},{"damage":32.0,"enemies":"4 Shapes","floor":45.0,"turns":5.0},{"damage":13.0,"enemies":"Giant Head","floor":48.0,"turns":6.0},{"damage":19.0,"enemies":"Time Eater","floor":50.0,"turns":8.0},{"damage":57.0,"enemies":"Awakened One","floor":51.0,"turns":20.0},{"damage":50,"enemies":"Shield and Spear","floor":55,"turns":3}],"seed_played":"4724086694480624575","potions_obtained":[{"floor":1.0,"key":"FairyPotion"},{"floor":5.0,"key":"SkillPotion"},{"floor":12.0,"key":"Strength Potion"},{"floor":27.0,"key":"PowerPotion"},{"floor":33.0,"key":"Weak Potion"}],"is_trial":false,"path_per_floor":["M","?","$","T","M","R","E","M","T","E","M","M","R","E","R","B",null,"M","M","T","$","M","E","R","E","T","M","R","M","E","M","R","B",null,"M","?","M","?","$","E","M","E","T","$","M","R","$","E","R","B","B",null,"R","$","E"],"character_chosen":"IRONCLAD","items_purchased":["Spot Weakness","SteroidPotion","Pummel","Immolate","Shockwave","Uppercut+1","Spot Weakness","SpeedPotion","Ancient Potion","Disarm","Inflame"],"campfire_rested":3,"item_purchase_floors":[3,3,3,21,21,39,39,39,39,47,54],"current_hp_per_floor":[74,74,74,74,75,75,75,70,70,65,58,54,54,56,56,68,73,72,62,62,62,59,65,65,32,32,38,60,66,72,75,75,17,61,67,50,55,55,55,54,43,43,43,43,17,39,39,32,32,44,18,61,75,75,25],"gold":82,"neow_bonus":"THREE_ENEMY_KILL","is_prod":false,"is_daily":false,"chose_seed":false,"campfire_upgraded":5,"win_rate":0,"timestamp":1551602540,"path_taken":["M","?","$","?","M","R","E","?","T","E","M","M","R","E","R","BOSS","M","?","?","$","M","E","R","E","T","M","R","M","E","?","R","BOSS","M","?","M","?","?","E","M","E","T","?","?","R","$","E","R","BOSS","BOSS","R","$","E"],"build_version":"2019-02-06","purchased_purges":3,"victory":false,"max_hp_per_floor":[75,75,75,75,75,75,75,75,75,75,75,75,75,75,75,75,75,75,75,75,75,75,75,75,75,75,75,75,75,75,75,75,75,75,75,75,75,75,75,75,75,75,75,75,75,75,75,75,75,75,75,75,75,75,75],"card_choices":[{"not_picked":["Searing Blow","Flex"],"picked":"Pommel Strike","floor":1.0},{"not_picked":["Body Slam","Ghostly Armor","Carnage"],"picked":"SKIP","floor":5.0},{"not_picked":["Wild Strike","Rupture"],"picked":"Shockwave","floor":7.0},{"not_picked":["Pommel Strike","Perfected Strike"],"picked":"Immolate","floor":8.0},{"not_picked":["Fire Breathing","Sword Boomerang"],"picked":"Shrug It Off","floor":10.0},{"not_picked":["Sentinel","Combust"],"picked":"Shrug It Off","floor":11.0},{"not_picked":["Infernal Blade","Spot Weakness"],"picked":"Disarm","floor":12.0},{"not_picked":["Clash","Blood for Blood","Havoc"],"picked":"SKIP","floor":14.0},{"not_picked":["Juggernaut","Barricade"],"picked":"Limit Break","floor":16.0},{"not_picked":["Body Slam+1","Fire Breathing"],"picked":"Headbutt","floor":18.0},{"not_picked":["Feel No Pain","Havoc"],"picked":"Shrug It Off","floor":19.0},{"not_picked":["Power Through","Infernal Blade","Clash"],"picked":"SKIP","floor":22.0},{"not_picked":["Flex","Armaments"],"picked":"Heavy Blade","floor":23.0},{"not_picked":["Warcry","Cleave","Clothesline"],"picked":"SKIP","floor":25.0},{"not_picked":["Twin Strike","Shrug It Off"],"picked":"Evolve","floor":27.0},{"not_picked":["Flex","Rage"],"picked":"Pommel Strike+1","floor":29.0},{"not_picked":["Pummel+1","Anger"],"picked":"Shockwave","floor":30.0},{"not_picked":["Wild Strike+1","Entrench"],"picked":"Barricade","floor":31.0},{"not_picked":["Barricade","Berserk"],"picked":"Limit Break","floor":33.0},{"not_picked":["Warcry","Twin Strike+1","Rupture"],"picked":"SKIP","floor":35.0},{"not_picked":["Whirlwind+1","Second Wind"],"picked":"Corruption","floor":36.0},{"not_picked":["Carnage+1","Headbutt+1"],"picked":"Power Through","floor":37.0},{"not_picked":["Burning Pact","Iron Wave+1"],"picked":"Flame Barrier","floor":40.0},{"not_picked":["Havoc","Blood for Blood+1","Second Wind"],"picked":"SKIP","floor":41.0},{"not_picked":["Rampage+1","Fiend Fire+1"],"picked":"Shrug It Off+1","floor":42.0},{"not_picked":["Clothesline+1","Burning Pact"],"picked":"Shrug It Off","floor":45.0},{"not_picked":["Fire Breathing","Flex"],"picked":"Armaments+1","floor":48.0}],"player_experience":1293363,"relics_obtained":[{"floor":7.0,"key":"Tiny Chest"},{"floor":9.0,"key":"Paper Frog"},{"floor":10.0,"key":"Pantograph"},{"floor":14.0,"key":"Blue Candle"},{"floor":20.0,"key":"Boot"},{"floor":23.0,"key":"War Paint"},{"floor":25.0,"key":"Kunai"},{"floor":26.0,"key":"Red Skull"},{"floor":30.0,"key":"Molten Egg 2"},{"floor":36.0,"key":"Gambling Chip"},{"floor":40.0,"key":"Orichalcum"},{"floor":42.0,"key":"Bottled Flame"},{"floor":43.0,"key":"Oddly Smooth Stone"},{"floor":48.0,"key":"Bronze Scales"}],"event_choices":[{"damage_healed":0.0,"max_hp_gain":0.0,"max_hp_loss":0.0,"gold_gain":275.0,"event_name":"Golden Shrine","player_choice":"Desecrate","floor":2.0,"gold_loss":0.0,"damage_taken":0.0,"cards_obtained":["Regret"]},{"damage_healed":0.0,"max_hp_gain":0.0,"max_hp_loss":0.0,"gold_gain":0.0,"event_name":"Mysterious Sphere","player_choice":"Fight","floor":36.0,"gold_loss":0.0,"damage_taken":0.0},{"damage_healed":0.0,"max_hp_gain":0.0,"max_hp_loss":0.0,"gold_gain":0.0,"event_name":"Tomb of Lord Red Mask","player_choice":"Ignored","floor":38.0,"gold_loss":0.0,"damage_taken":0.0}],"is_beta":true,"boss_relics":[{"not_picked":["Velvet Choker","Pandora\u0027s Box"],"picked":"Snecko Eye"},{"not_picked":["Calling Bell","White Beast Statue"],"picked":"Empty Cage"}],"items_purged_floors":[3,21,47],"is_endless":false,"potions_floor_spawned":[1,5,11,12,16,18,23,27,29,33,35,40,41,48],"killed_by":"Shield and Spear","ascension_level":20}