{"gold_per_floor":[113,113,113,124,124,160,160,2,2,2,2,26,45,65,65,159,159,174,174,18,36,36,74,74,74],"floor_reached":25,"playtime":597,"items_purged":["Strike_B","Strike_B"],"score":488,"play_id":"9adcf5ba-243b-4ead-a714-d2646b22250c","local_time":"20190323020530","is_ascension_mode":true,"campfire_choices":[{"floor":7.0,"key":"REST"},{"data":"Hyperbeam","floor":10.0,"key":"SMITH"},{"data":"Hyperbeam","floor":15.0,"key":"SMITH"},{"floor":24.0,"key":"REST"}],"neow_cost":"NONE","seed_source_timestamp":368467475264218,"circlet_count":0,"master_deck":["AscendersBane","Defend_B+1","Defend_B","Defend_B+1","Defend_B","Dualcast","Undo","Conserve Battery","Hyperbeam+1","Hyperbeam+1","Genetic Algorithm","Turbo","Hyperbeam","Steam","Leap+1"],"special_seed":0,"relics":["Cracked Core","NeowsBlessing","Potion Belt","Golden Idol","Du-Vu Doll","DataDisk","Empty Cage","Anchor"],"potions_floor_usage":[25,25],"damage_taken":[{"damage":0.0,"enemies":"2 Louse","floor":1.0,"turns":1.0},{"damage":0.0,"enemies":"Cultist","floor":4.0,"turns":1.0},{"damage":0.0,"enemies":"3 Sentries","floor":6.0,"turns":1.0},{"damage":0.0,"enemies":"Jaw Worm","floor":12.0,"turns":2.0},{"damage":0.0,"enemies":"Looter","floor":13.0,"turns":2.0},{"damage":16.0,"enemies":"Exordium Wildlife","floor":14.0,"turns":4.0},{"damage":9.0,"enemies":"The Guardian","floor":16.0,"turns":10.0},{"damage":26.0,"enemies":"Shell Parasite","floor":18.0,"turns":5.0},{"damage":0.0,"enemies":"3 Byrds","floor":21.0,"turns":3.0},{"damage":18.0,"enemies":"Gremlin Leader","floor":23.0,"turns":6.0},{"damage":30,"enemies":"Book of Stabbing","floor":25,"turns":4}],"seed_played":"1251148995477310418","potions_obtained":[{"floor":4.0,"key":"Energy Potion"},{"floor":11.0,"key":"PowerPotion"},{"floor":11.0,"key":"Strength Potion"},{"floor":12.0,"key":"Energy Potion"},{"floor":18.0,"key":"Energy Potion"}],"is_trial":false,"path_per_floor":["M","?","?","M","?","E","R","$","T","R","?","M","M","M","R","B",null,"M","?","$","M","?","E","R","E"],"character_chosen":"DEFECT","items_purchased":["Hyperbeam","Block Potion"],"campfire_rested":2,"item_purchase_floors":[8,20],"current_hp_per_floor":[64,43,17,17,17,17,36,36,36,36,36,36,36,20,20,11,51,25,25,25,25,25,7,26,0],"gold":74,"neow_bonus":"THREE_ENEMY_KILL","is_prod":false,"is_daily":false,"chose_seed":false,"campfire_upgraded":2,"win_rate":0,"timestamp":1553331930,"path_taken":["M","?","?","M","?","E","R","$","T","R","?","M","M","M","R","BOSS","M","?","$","M","?","E","R","E"],"build_version":"2019-03-15","purchased_purges":2,"victory":false,"max_hp_per_floor":[71,71,71,71,64,64,64,64,64,64,64,64,64,64,64,64,64,64,64,64,64,64,64,64,64],"card_choices":[{"not_picked":["Leap","Redo"],"picked":"Undo","floor":1.0},{"not_picked":["Streamline","All For One"],"picked":"Conserve Battery","floor":4.0},{"not_picked":["Go for the Eyes","Steam"],"picked":"Hyperbeam","floor":6.0},{"not_picked":["Rebound","Aggregate","Sunder"],"picked":"SKIP","floor":12.0},{"not_picked":["Hologram","Chill"],"picked":"Genetic Algorithm","floor":13.0},{"not_picked":["Amplify","Sweeping Beam"],"picked":"Turbo","floor":14.0},{"not_picked":["Multi-Cast","Core Surge"],"picked":"Hyperbeam","floor":16.0},{"not_picked":["Barrage","Double Energy+1"],"picked":"Steam","floor":18.0},{"not_picked":["Streamline","Cold Snap","Gash"],"picked":"SKIP","floor":21.0},{"not_picked":["Buffer","Fusion"],"picked":"Leap+1","floor":23.0}],"player_experience":1371409,"relics_obtained":[{"floor":6.0,"key":"Du-Vu Doll"},{"floor":9.0,"key":"DataDisk"},{"floor":23.0,"key":"Anchor"}],"event_choices":[{"damage_healed":0.0,"max_hp_gain":0.0,"max_hp_loss":0.0,"gold_gain":0.0,"event_name":"Shining Light","player_choice":"Entered Light","floor":2.0,"gold_loss":0.0,"damage_taken":21.0,"cards_upgraded":["Defend_B","Defend_B"]},{"damage_healed":0.0,"max_hp_gain":0.0,"max_hp_loss":0.0,"gold_gain":0.0,"event_name":"Scrap Ooze","player_choice":"Success","floor":3.0,"gold_loss":0.0,"damage_taken":26.0,"relics_obtained":["Potion Belt"]},{"damage_healed":0.0,"max_hp_gain":0.0,"max_hp_loss":7.0,"gold_gain":0.0,"event_name":"Golden Idol","player_choice":"Lose Max HP","floor":5.0,"gold_loss":0.0,"damage_taken":0.0,"relics_obtained":["Golden Idol"]},{"damage_healed":0.0,"max_hp_gain":0.0,"max_hp_loss":0.0,"gold_gain":0.0,"event_name":"Lab","player_choice":"Got Potions","floor":11.0,"gold_loss":0.0,"damage_taken":0.0},{"damage_healed":0.0,"max_hp_gain":0.0,"max_hp_loss":0.0,"gold_gain":0.0,"event_name":"Vampires","player_choice":"Ignored","floor":19.0,"gold_loss":0.0,"damage_taken":0.0},{"cards_removed":["Zap"],"damage_healed":0.0,"max_hp_gain":0.0,"max_hp_loss":0.0,"gold_gain":0.0,"event_name":"Purifier","player_choice":"Purged","floor":22.0,"gold_loss":0.0,"damage_taken":0.0}],"is_beta":true,"boss_relics":[{"not_picked":["Calling Bell","White Beast Statue"],"picked":"Empty Cage"}],"items_purged_floors":[8,20],"is_endless":false,"potions_floor_spawned":[4,12,18],"killed_by":"Book of Stabbing","ascension_level":20}