{"gold_per_floor":[119,134,149,149,66,66,91,91,91,116,116,151,121,133,133,207,207,227,4,21,33,33,33,63,63,63,92,192,226,151,171,171,250,250,267,267,315,330,1329,1329,1359,1377,1377,1377,937,950,968,541,541,541,541],"floor_reached":51,"playtime":1778,"items_purged":["Normality","Normality"],"score":1502,"play_id":"e3c527fa-31c5-4a2a-8ec0-2507604236c2","local_time":"20190330033857","is_ascension_mode":true,"campfire_choices":[{"data":"Carnage","floor":6.0,"key":"SMITH"},{"data":"Whirlwind","floor":8.0,"key":"SMITH"},{"data":"Bash","floor":11.0,"key":"SMITH"},{"data":"Shrug It Off","floor":15.0,"key":"SMITH"},{"data":"Bludgeon","floor":23.0,"key":"SMITH"},{"data":"Inflame","floor":32.0,"key":"SMITH"},{"data":"Juggernaut","floor":40.0,"key":"SMITH"},{"data":"Battle Trance","floor":44.0,"key":"SMITH"},{"floor":49.0,"key":"RECALL"}],"neow_cost":"NONE","seed_source_timestamp":8745729574861,"circlet_count":0,"master_deck":["AscendersBane","Strike_R","Strike_R","Strike_R","Strike_R","Defend_R","Defend_R","Defend_R","Defend_R","Bash+1","Armaments+1","Carnage+1","Shrug It Off+1","Whirlwind+1","Bludgeon+1","Battle Trance+1","Inflame+1","Shrug It Off","Immolate","Shrug It Off","Juggernaut+1","Shrug It Off","Dark Shackles"],"special_seed":0,"relics":["Burning Blood","Ancient Tea Set","Mercury Hourglass","Centennial Puzzle","Ornamental Fan","Vajra","Velvet Choker","Meat on the Bone","Boot","Thread and Needle","FossilizedHelix","Magic Flower","Darkstone Periapt","Blue Candle","Busted Crown","Frozen Egg 2","Shuriken","Membership Card","Bag of Preparation","Pen Nib","Paper Frog","Sling","Orichalcum"],"potions_floor_usage":[51,51],"damage_taken":[{"damage":8.0,"enemies":"Small Slimes","floor":1.0,"turns":3.0},{"damage":7.0,"enemies":"Cultist","floor":2.0,"turns":4.0},{"damage":9.0,"enemies":"2 Louse","floor":3.0,"turns":3.0},{"damage":1.0,"enemies":"Gremlin Nob","floor":7.0,"turns":3.0},{"damage":15.0,"enemies":"Lagavulin","floor":10.0,"turns":4.0},{"damage":5.0,"enemies":"3 Sentries","floor":12.0,"turns":4.0},{"damage":4.0,"enemies":"Red Slaver","floor":14.0,"turns":2.0},{"damage":4.0,"enemies":"Slime Boss","floor":16.0,"turns":7.0},{"damage":0.0,"enemies":"Spheric Guardian","floor":18.0,"turns":3.0},{"damage":0.0,"enemies":"3 Byrds","floor":20.0,"turns":3.0},{"damage":4.0,"enemies":"Centurion and Healer","floor":21.0,"turns":3.0},{"damage":29.0,"enemies":"Gremlin Leader","floor":24.0,"turns":7.0},{"damage":17.0,"enemies":"Slavers","floor":27.0,"turns":2.0},{"damage":7.0,"enemies":"Colosseum Slavers","floor":28.0,"turns":3.0},{"damage":0.0,"enemies":"Colosseum Nobs","floor":28.0,"turns":5.0},{"damage":15.0,"enemies":"Gremlin Leader","floor":29.0,"turns":7.0},{"damage":1.0,"enemies":"Snake Plant","floor":31.0,"turns":3.0},{"damage":12.0,"enemies":"Collector","floor":33.0,"turns":8.0},{"damage":0.0,"enemies":"3 Darklings","floor":35.0,"turns":2.0},{"damage":0.0,"enemies":"Orb Walker","floor":38.0,"turns":3.0},{"damage":56.0,"enemies":"Nemesis","floor":41.0,"turns":7.0},{"damage":0.0,"enemies":"Jaw Worm Horde","floor":42.0,"turns":4.0},{"damage":1.0,"enemies":"Maw","floor":46.0,"turns":5.0},{"damage":1.0,"enemies":"Transient","floor":47.0,"turns":6.0},{"damage":88.0,"enemies":"Donu and Deca","floor":50.0,"turns":10.0},{"damage":24,"enemies":"Time Eater","floor":51,"turns":4}],"seed_played":"2971938740425076399","potions_obtained":[{"floor":10.0,"key":"Strength Potion"},{"floor":13.0,"key":"Fruit Juice"},{"floor":13.0,"key":"PowerPotion"},{"floor":31.0,"key":"Ancient Potion"},{"floor":33.0,"key":"Fruit Juice"},{"floor":35.0,"key":"GamblersBrew"},{"floor":38.0,"key":"SpeedPotion"}],"is_trial":false,"path_per_floor":["M","M","M","?","$","R","E","R","T","E","R","E","?","M","R","B",null,"M","$","M","M","T","R","E","?","T","E","?","E","?","M","R","B",null,"M","?","T","M","?","R","E","M","T","R","$","M","M","$","R","B","B"],"character_chosen":"IRONCLAD","items_purchased":["PowerPotion","Shrug It Off","Battle Trance","Inflame","Energy Potion","Membership Card","Bag of Preparation","Pen Nib","Paper Frog","Sling","Orichalcum","Dark Shackles"],"campfire_rested":0,"item_purchase_floors":[5,5,19,19,19,45,45,45,48,48,48,48],"current_hp_per_floor":[66,65,62,62,62,62,67,67,67,58,58,59,64,66,66,68,77,80,80,80,80,80,80,57,57,57,58,63,57,57,65,65,62,76,85,81,81,81,93,93,64,73,73,73,73,81,89,89,89,28,4],"gold":541,"neow_bonus":"RANDOM_COMMON_RELIC","is_prod":false,"is_daily":false,"chose_seed":false,"campfire_upgraded":8,"win_rate":0,"timestamp":1553942337,"path_taken":["M","M","M","?","?","R","E","R","T","E","R","E","?","M","R","BOSS","M","$","M","M","?","R","E","?","T","E","?","E","?","?","R","BOSS","M","?","?","M","?","R","E","M","T","R","$","M","M","$","R","BOSS","BOSS"],"build_version":"2019-03-15","purchased_purges":2,"victory":false,"max_hp_per_floor":[75,75,75,75,75,75,75,75,75,75,75,75,80,80,80,80,80,80,80,80,80,80,80,80,80,80,80,80,80,80,80,80,80,80,85,81,81,81,93,93,93,93,93,93,93,93,93,93,93,93,93],"card_choices":[{"not_picked":["True Grit","Perfected Strike","Power Through"],"picked":"SKIP","floor":1.0},{"not_picked":["True Grit","Body Slam"],"picked":"Armaments","floor":2.0},{"not_picked":["Havoc","Heavy Blade"],"picked":"Carnage","floor":3.0},{"not_picked":["Perfected Strike","Havoc"],"picked":"Whirlwind","floor":7.0},{"not_picked":["Combust","Anger","Havoc"],"picked":"SKIP","floor":10.0},{"not_picked":["Combust","Anger","Havoc"],"picked":"SKIP","floor":10.0},{"not_picked":["Havoc","True Grit","Armaments"],"picked":"SKIP","floor":12.0},{"not_picked":["Iron Wave","Brutality","Fire Breathing"],"picked":"SKIP","floor":14.0},{"not_picked":["Berserk","Brutality"],"picked":"Bludgeon","floor":16.0},{"not_picked":["Sever Soul+1","Perfected Strike","Corruption"],"picked":"SKIP","floor":18.0},{"not_picked":["Headbutt","Cleave","Body Slam"],"picked":"SKIP","floor":20.0},{"not_picked":["Cleave","Seeing Red","Clash"],"picked":"SKIP","floor":21.0},{"not_picked":["Twin Strike","Thunderclap","Blood for Blood"],"picked":"SKIP","floor":24.0},{"not_picked":["Twin Strike","Thunderclap","Blood for Blood"],"picked":"SKIP","floor":24.0},{"not_picked":["Pommel Strike","Clothesline"],"picked":"Shrug It Off","floor":27.0},{"not_picked":["Anger","Twin Strike"],"picked":"Immolate","floor":28.0},{"not_picked":["Body Slam","True Grit"],"picked":"Shrug It Off","floor":29.0},{"not_picked":["Pummel+1","Ghostly Armor","Shrug It Off"],"picked":"SKIP","floor":31.0},{"not_picked":["Pummel+1","Ghostly Armor","Shrug It Off"],"picked":"SKIP","floor":31.0},{"not_picked":["Fiend Fire","Double Tap"],"picked":"Juggernaut","floor":33.0},{"not_picked":[],"picked":"Shrug It Off","floor":35.0},{"not_picked":["Perfected Strike"],"picked":"SKIP","floor":38.0},{"not_picked":["Bludgeon"],"picked":"SKIP","floor":41.0},{"not_picked":["Rampage+1"],"picked":"SKIP","floor":42.0},{"not_picked":["Thunderclap"],"picked":"SKIP","floor":46.0},{"not_picked":["Fire Breathing+1"],"picked":"SKIP","floor":47.0}],"player_experience":1382735,"relics_obtained":[{"floor":7.0,"key":"Mercury Hourglass"},{"floor":9.0,"key":"Centennial Puzzle"},{"floor":10.0,"key":"Ornamental Fan"},{"floor":12.0,"key":"Vajra"},{"floor":22.0,"key":"Meat on the Bone"},{"floor":24.0,"key":"Boot"},{"floor":26.0,"key":"Thread and Needle"},{"floor":27.0,"key":"FossilizedHelix"},{"floor":28.0,"key":"Magic Flower"},{"floor":28.0,"key":"Darkstone Periapt"},{"floor":29.0,"key":"Blue Candle"},{"floor":41.0,"key":"Frozen Egg 2"},{"floor":43.0,"key":"Shuriken"}],"event_choices":[{"damage_healed":0.0,"max_hp_gain":0.0,"max_hp_loss":0.0,"gold_gain":0.0,"event_name":"Accursed Blacksmith","player_choice":"Forge","floor":4.0,"gold_loss":0.0,"damage_taken":0.0,"cards_upgraded":["Armaments"]},{"damage_healed":0.0,"max_hp_gain":0.0,"max_hp_loss":0.0,"gold_gain":0.0,"event_name":"The Woman in Blue","player_choice":"Bought 2 Potions","floor":13.0,"gold_loss":0.0,"damage_taken":0.0},{"damage_healed":0.0,"max_hp_gain":0.0,"max_hp_loss":0.0,"gold_gain":0.0,"event_name":"The Mausoleum","player_choice":"Ignored","floor":25.0,"gold_loss":0.0,"damage_taken":0.0},{"damage_healed":0.0,"max_hp_gain":0.0,"max_hp_loss":0.0,"gold_gain":0.0,"event_name":"Colosseum","player_choice":"Fight","floor":28.0,"gold_loss":0.0,"damage_taken":0.0},{"damage_healed":0.0,"max_hp_gain":0.0,"max_hp_loss":0.0,"gold_gain":0.0,"event_name":"Colosseum","player_choice":"Fought Nobs","floor":28.0,"gold_loss":0.0,"damage_taken":0.0},{"cards_removed":["Strike_R"],"damage_healed":0.0,"max_hp_gain":0.0,"max_hp_loss":0.0,"gold_gain":0.0,"event_name":"Beggar","player_choice":"Gave Gold","floor":30.0,"gold_loss":75.0,"damage_taken":0.0},{"damage_healed":0.0,"max_hp_gain":0.0,"max_hp_loss":4.0,"gold_gain":0.0,"event_name":"Winding Halls","player_choice":"Max HP","floor":36.0,"gold_loss":0.0,"damage_taken":0.0},{"damage_healed":0.0,"max_hp_gain":0.0,"max_hp_loss":0.0,"gold_gain":999.0,"event_name":"MindBloom","player_choice":"Gold","floor":39.0,"gold_loss":0.0,"damage_taken":0.0,"cards_obtained":["Normality","Normality"]}],"is_beta":true,"boss_relics":[{"not_picked":["Coffee Dripper","Calling Bell"],"picked":"Velvet Choker"},{"not_picked":["Runic Pyramid","Tiny House"],"picked":"Busted Crown"}],"items_purged_floors":[45,48],"is_endless":false,"potions_floor_spawned":[10,14,16,21,24,31,33,35,38],"killed_by":"Time Eater","ascension_level":20}