{"gold_per_floor":[115,130,205,232,232,257,257,284,284,303,313,313,313,327,327,400,400,417,448,468,314,364,364,379,394,394,426,426,426,426,461,461,461],"floor_reached":33,"playtime":1591,"items_purged":["Pain"],"score":686,"play_id":"329b6736-e71b-41cb-82d6-86c77e475ab1","local_time":"20190206031026","is_ascension_mode":true,"campfire_choices":[{"data":"Defragment","floor":7,"key":"SMITH"},{"data":"Zap","floor":13,"key":"SMITH"},{"floor":15,"key":"REST"},{"data":"Biased Cognition","floor":23,"key":"SMITH"},{"data":"Loop","floor":30,"key":"SMITH"},{"floor":32,"key":"REST"}],"neow_cost":"NONE","seed_source_timestamp":1196962481939327,"circlet_count":0,"master_deck":["AscendersBane","Strike_B","Strike_B","Strike_B","Defend_B","Defend_B","Defend_B","Defend_B","Zap+1","Dualcast","Defragment+1","Darkness","Reinforced Body+1","Cold Snap","Coolheaded+1","Conserve Battery+1","Biased Cognition+1","Glacier+1","Chill+1","Loop+1","Hologram+1"],"relics":["Cracked Core","NeowsBlessing","PreservedInsect","Singing Bowl","Centennial Puzzle","Toxic Egg 2","WarpedTongs","Runic Dome","Red Mask","Torii","Mummified Hand","Kunai"],"potions_floor_usage":[8,8,19,19,19,24,24,33],"damage_taken":[{"damage":0,"enemies":"Cultist","floor":1,"turns":1},{"damage":0,"enemies":"2 Louse","floor":2,"turns":1},{"damage":0,"enemies":"Lagavulin","floor":6,"turns":1},{"damage":11,"enemies":"3 Sentries","floor":8,"turns":5},{"damage":0,"enemies":"Jaw Worm","floor":10,"turns":4},{"damage":3,"enemies":"Large Slime","floor":11,"turns":4},{"damage":6,"enemies":"2 Fungi Beasts","floor":14,"turns":4},{"damage":29,"enemies":"The Guardian","floor":16,"turns":13},{"damage":2,"enemies":"Spheric Guardian","floor":18,"turns":7},{"damage":35,"enemies":"Masked Bandits","floor":19,"turns":7},{"damage":3,"enemies":"2 Thieves","floor":20,"turns":5},{"damage":3,"enemies":"Snecko","floor":24,"turns":8},{"damage":0,"enemies":"Centurion and Healer","floor":25,"turns":10},{"damage":22,"enemies":"Gremlin Leader","floor":27,"turns":7},{"damage":8,"enemies":"Slavers","floor":31,"turns":7},{"damage":14,"enemies":"Collector","floor":33,"turns":15}],"seed_played":"-2511966207923695449","potions_obtained":[{"floor":2,"key":"Explosive Potion"},{"floor":6,"key":"EssenceOfSteel"},{"floor":14,"key":"Strength Potion"},{"floor":16,"key":"Swift Potion"},{"floor":18,"key":"EntropicBrew"},{"floor":20,"key":"Regen Potion"},{"floor":27,"key":"GamblersBrew"}],"is_trial":false,"path_per_floor":["M","M","?","T","?","E","R","E","T","M","M","?","R","M","R","B",null,"M","?","M","$","?","R","M","M","T","E","?","?","R","E","R","B"],"character_chosen":"DEFECT","items_purchased":["Regen Potion"],"campfire_rested":2,"item_purchase_floors":[21],"current_hp_per_floor":[64,64,53,53,42,42,42,31,31,31,28,28,28,22,43,14,57,55,22,19,19,19,19,65,65,65,45,45,45,45,39,62,48],"gold":461,"neow_bonus":"THREE_ENEMY_KILL","is_prod":false,"is_daily":false,"chose_seed":false,"campfire_upgraded":4,"win_rate":0,"timestamp":1549451426,"path_taken":["M","?","?","?","?","E","R","E","T","M","M","?","R","M","R","BOSS","M","?","M","$","?","R","M","M","T","E","?","?","R","E","R","BOSS"],"build_version":"2019-01-23","purchased_purges":1,"victory":false,"max_hp_per_floor":[71,71,71,71,71,71,71,71,71,71,71,71,71,71,71,71,71,71,73,73,73,73,73,73,73,73,75,75,75,75,77,77,77],"card_choices":[{"not_picked":["Conserve Battery","Rip and Tear"],"picked":"Defragment","floor":1},{"not_picked":["Barrage","Compile Driver","Steam Power"],"picked":"SKIP","floor":2},{"not_picked":["Aggregate","Redo"],"picked":"Darkness","floor":6},{"not_picked":["Chill","Heatsinks"],"picked":"Reinforced Body","floor":8},{"not_picked":["Reprogram+1","Steam Power+1"],"picked":"Cold Snap","floor":10},{"not_picked":["Barrage","Leap+1"],"picked":"Coolheaded+1","floor":11},{"not_picked":["Steam Power+1","Rebound"],"picked":"Conserve Battery+1","floor":14},{"not_picked":["Meteor Strike","Multi-Cast+1"],"picked":"Biased Cognition","floor":16},{"not_picked":["Melter","Lockon"],"picked":"Glacier+1","floor":18},{"not_picked":["Streamline","Cold Snap","Redo+1"],"picked":"Singing Bowl","floor":19},{"not_picked":["Redo+1","Conserve Battery+1"],"picked":"Chill+1","floor":20},{"not_picked":["Rebound","Hyperbeam"],"picked":"Loop","floor":24},{"not_picked":["Fusion+1","Stack+1"],"picked":"Hologram+1","floor":25},{"not_picked":["Sweeping Beam","Beam Cell+1","Skim+1"],"picked":"Singing Bowl","floor":27},{"not_picked":["Go for the Eyes","Hello World","Barrage"],"picked":"Singing Bowl","floor":31}],"player_experience":1086598,"relics_obtained":[{"floor":4,"key":"PreservedInsect"},{"floor":6,"key":"Centennial Puzzle"},{"floor":8,"key":"Toxic Egg 2"},{"floor":19,"key":"Red Mask"},{"floor":26,"key":"Torii"},{"floor":27,"key":"Mummified Hand"},{"floor":31,"key":"Kunai"}],"event_choices":[{"damage_healed":0,"gold_gain":75,"player_choice":"Gather Gold","damage_taken":11,"max_hp_gain":0,"max_hp_loss":0,"event_name":"World of Goop","floor":3,"gold_loss":0},{"damage_healed":0,"gold_gain":0,"player_choice":"Success","damage_taken":11,"relics_obtained":["Singing Bowl"],"max_hp_gain":0,"max_hp_loss":0,"event_name":"Scrap Ooze","floor":5,"gold_loss":0},{"damage_healed":0,"gold_gain":0,"player_choice":"Rummage","damage_taken":0,"relics_obtained":["WarpedTongs"],"max_hp_gain":0,"max_hp_loss":0,"event_name":"Accursed Blacksmith","floor":12,"gold_loss":0,"cards_obtained":["Pain"]},{"damage_healed":0,"gold_gain":0,"player_choice":"Fought Bandits","damage_taken":0,"max_hp_gain":0,"max_hp_loss":0,"event_name":"Masked Bandits","floor":19,"gold_loss":0},{"damage_healed":0,"gold_gain":50,"player_choice":"Stole From Cult","damage_taken":0,"max_hp_gain":0,"max_hp_loss":0,"event_name":"Nest","floor":22,"gold_loss":0},{"damage_healed":0,"gold_gain":0,"player_choice":"Ignored","damage_taken":0,"max_hp_gain":0,"max_hp_loss":0,"event_name":"The Mausoleum","floor":28,"gold_loss":0},{"cards_removed":["Strike_B"],"damage_healed":0,"gold_gain":0,"player_choice":"Card Removal","damage_taken":0,"max_hp_gain":0,"max_hp_loss":0,"event_name":"Wheel of Change","floor":29,"gold_loss":0}],"is_beta":true,"boss_relics":[{"not_picked":["Ectoplasm","Calling Bell"],"picked":"Runic Dome"}],"items_purged_floors":[21],"is_endless":false,"potions_floor_spawned":[2,6,14,16,18,20,27],"killed_by":"Collector","ascension_level":20}