{"gold_per_floor":[118,138,156,166,192,192,219,219,219,35,92,92,92,126,126,205,205,217,36,49,68,68,96,96,96,96,122,154,168,182,202,202,202],"floor_reached":33,"playtime":1615,"items_purged":["Strike_R","Strike_R"],"score":760,"play_id":"eb91898b-3aa9-405c-a98d-6626a6b384e7","local_time":"20190202060408","is_ascension_mode":true,"campfire_choices":[{"data":"Fiend Fire","floor":6.0,"key":"SMITH"},{"data":"Combust","floor":8.0,"key":"SMITH"},{"data":"Spot Weakness","floor":13.0,"key":"SMITH"},{"data":"True Grit","floor":15.0,"key":"SMITH"},{"data":"Feel No Pain","floor":24,"key":"SMITH"},{"data":"Barricade","floor":32,"key":"SMITH"}],"neow_cost":"PERCENT_DAMAGE","seed_source_timestamp":902576384006624,"circlet_count":0,"master_deck":["AscendersBane","Strike_R","Defend_R","Defend_R","Defend_R","Defend_R","Bash","Combust+1","Fiend Fire+1","Disarm+1","Shrug It Off","Spot Weakness+1","Anger","Feel No Pain+1","Shrug It Off","True Grit+1","Exhume","Parasite","Heavy Blade","Shrug It Off","True Grit","Shame","Barricade+1","Body Slam"],"special_seed":0,"relics":["Burning Blood","Vajra","Omamori","Anchor","Tiny Chest","Question Card","Calling Bell","Blue Candle","Bird Faced Urn","Ancient Tea Set","Blood Vial","Paper Frog","Self Forming Clay","Mummified Hand"],"potions_floor_usage":[23,23,23,33],"damage_taken":[{"damage":1.0,"enemies":"Cultist","floor":1.0,"turns":3.0},{"damage":3.0,"enemies":"Small Slimes","floor":2.0,"turns":2.0},{"damage":0.0,"enemies":"Jaw Worm","floor":3.0,"turns":8.0},{"damage":5.0,"enemies":"Exordium Thugs","floor":4.0,"turns":4.0},{"damage":9.0,"enemies":"Gremlin Nob","floor":7.0,"turns":3.0},{"damage":16.0,"enemies":"Lagavulin","floor":11.0,"turns":7.0},{"damage":34.0,"enemies":"Gremlin Nob","floor":14.0,"turns":4.0},{"damage":12.0,"enemies":"The Guardian","floor":16.0,"turns":13.0},{"damage":11.0,"enemies":"Shell Parasite","floor":18.0,"turns":9.0},{"damage":20.0,"enemies":"Chosen","floor":20.0,"turns":6.0},{"damage":12.0,"enemies":"Centurion and Healer","floor":21.0,"turns":8.0},{"damage":3,"enemies":"Gremlin Leader","floor":23,"turns":5},{"damage":1,"enemies":"Book of Stabbing","floor":28,"turns":8},{"damage":7,"enemies":"3 Cultists","floor":29,"turns":6},{"damage":29,"enemies":"Snake Plant","floor":30,"turns":7},{"damage":21,"enemies":"Cultist and Chosen","floor":31,"turns":7},{"damage":51,"enemies":"Automaton","floor":33,"turns":9}],"seed_played":"-7225498691832311564","potions_obtained":[{"floor":1.0,"key":"EntropicBrew"},{"floor":4.0,"key":"Explosive Potion"},{"floor":29,"key":"SteroidPotion"},{"floor":31,"key":"SpeedPotion"}],"is_trial":false,"path_per_floor":["M","M","M","M","T","R","E","R","T","$","E","?","R","E","R","B",null,"M","$","M","M","?","E","R","$","T","T","E","M","M","M","R","B"],"character_chosen":"IRONCLAD","items_purchased":["Feel No Pain","Shrug It Off","Shrug It Off","True Grit"],"campfire_rested":0,"item_purchase_floors":[10,10,19,19],"current_hp_per_floor":[55,58,64,65,65,65,62,62,62,62,52,52,52,24,24,18,61,60,60,50,46,46,53,53,53,53,53,62,69,50,43,43,0],"gold":202,"neow_bonus":"TRANSFORM_TWO_CARDS","is_prod":false,"is_daily":false,"chose_seed":false,"campfire_upgraded":6,"win_rate":0,"timestamp":1549116248,"path_taken":["M","?","M","M","?","R","E","R","T","$","E","?","R","E","R","BOSS","M","$","M","M","?","E","R","$","T","?","E","?","M","M","R","BOSS"],"build_version":"2019-01-23","purchased_purges":2,"victory":false,"max_hp_per_floor":[75,75,75,75,75,75,75,75,75,75,75,75,75,75,75,75,75,75,75,75,75,75,75,75,75,75,75,75,75,75,75,75,75],"card_choices":[{"not_picked":["Sword Boomerang","True Grit"],"picked":"Disarm","floor":1.0},{"not_picked":["Pommel Strike","Cleave"],"picked":"Shrug It Off","floor":2.0},{"not_picked":["Twin Strike","Hemokinesis"],"picked":"Spot Weakness","floor":3.0},{"not_picked":["Clash","Twin Strike"],"picked":"Anger","floor":4.0},{"not_picked":["Perfected Strike","Offering","Impervious"],"picked":"SKIP","floor":7.0},{"not_picked":["Wild Strike","Rampage","Second Wind"],"picked":"SKIP","floor":11.0},{"not_picked":["Clothesline","Wild Strike"],"picked":"True Grit","floor":14.0},{"not_picked":["Juggernaut","Brutality","Barricade"],"picked":"Exhume","floor":16.0},{"not_picked":["Thunderclap","Iron Wave","Dropkick"],"picked":"Heavy Blade","floor":18.0},{"not_picked":["Cleave","Berserk","Clash","Burning Pact"],"picked":"SKIP","floor":20.0},{"not_picked":["Twin Strike+1","Pommel Strike","Bloodletting","Anger+1"],"picked":"SKIP","floor":21.0},{"not_picked":["Flex","Headbutt","Body Slam","Perfected Strike"],"picked":"SKIP","floor":23},{"not_picked":["Second Wind","Whirlwind","Blood for Blood"],"picked":"Barricade","floor":28},{"not_picked":["Headbutt","Wild Strike","Searing Blow"],"picked":"Body Slam","floor":29},{"not_picked":["Clothesline","Rampage","Anger","Blood for Blood"],"picked":"SKIP","floor":30},{"not_picked":["Havoc","Perfected Strike","Wild Strike+1","Clothesline"],"picked":"SKIP","floor":31}],"player_experience":1072608,"relics_obtained":[{"floor":5.0,"key":"Vajra"},{"floor":7.0,"key":"Omamori"},{"floor":9.0,"key":"Anchor"},{"floor":11.0,"key":"Tiny Chest"},{"floor":14.0,"key":"Question Card"},{"floor":17.0,"key":"Blue Candle"},{"floor":17.0,"key":"Bird Faced Urn"},{"floor":17.0,"key":"Ancient Tea Set"},{"floor":23,"key":"Paper Frog"},{"floor":26,"key":"Self Forming Clay"},{"floor":28,"key":"Mummified Hand"}],"event_choices":[{"damage_healed":0.0,"max_hp_gain":0.0,"max_hp_loss":0.0,"gold_gain":0.0,"event_name":"Living Wall","player_choice":"Grow","floor":12.0,"gold_loss":0.0,"damage_taken":0.0,"cards_upgraded":["Disarm"]},{"damage_healed":0.0,"max_hp_gain":0.0,"max_hp_loss":0.0,"gold_gain":0.0,"event_name":"Addict","player_choice":"Stole Relic","floor":22.0,"gold_loss":0.0,"damage_taken":0.0,"relics_obtained":["Blood Vial"],"cards_obtained":["Shame"]}],"is_beta":true,"boss_relics":[{"not_picked":["Lizard Tail","Black Star"],"picked":"Calling Bell"}],"items_purged_floors":[10,19],"is_endless":false,"potions_floor_spawned":[1,4,7,11,16,20,21,29,31],"killed_by":"Automaton","ascension_level":20}