{"gold_per_floor":[112,2,20,170,190,190,255,255,303,303,317,13,0,35,35,111,111,124,141,191,216,163,163,195,195,274,274,374,402,23,34,34,107,107,121,136,136,150,112,112,145,163,188,216,228,228,178,190,190,190,190,190,190,4,39,39],"floor_reached":57,"playtime":2748,"items_purged":["Doubt","Dualcast"],"score":2937,"play_id":"4b3704b9-19cf-405e-bd0b-b498ff32a7b0","local_time":"20190308051517","is_ascension_mode":true,"campfire_choices":[{"data":"Loop","floor":6.0,"key":"SMITH"},{"data":"Creative AI","floor":8.0,"key":"SMITH"},{"data":"Zap","floor":10.0,"key":"SMITH"},{"data":"Capacitor","floor":15.0,"key":"SMITH"},{"data":"Biased Cognition","floor":23.0,"key":"SMITH"},{"data":"Defragment","floor":25.0,"key":"SMITH"},{"floor":27.0,"key":"REST"},{"data":"Consume","floor":32.0,"key":"SMITH"},{"data":"Coolheaded","floor":40.0,"key":"SMITH"},{"floor":46.0,"key":"RECALL"},{"floor":49.0,"key":"REST"},{"floor":53.0,"key":"REST"}],"neow_cost":"NONE","seed_source_timestamp":3080961459882291,"circlet_count":0,"master_deck":["AscendersBane","Defend_B","Defend_B","Defend_B","Defend_B","Zap+1","Coolheaded+1","Loop+1","Glacier+1","Cold Snap","Creative AI+1","Capacitor+1","Biased Cognition+1","Ball Lightning+1","Reboot+1","Storm+1","Steam+1","Chill+1","Hologram+1","Defragment+1","Consume+1","Core Surge","Defragment+1","Coolheaded+1","Defragment+1","Glacier","Loop+1","Echo Form+1","Storm+1","Coolheaded+1"],"special_seed":0,"relics":["Cracked Core","Tiny Chest","Anchor","Lee\u0027s Waffle","Strawberry","Astrolabe","Mummified Hand","Singing Bowl","Torii","Bottled Lightning","Frozen Egg 2","Membership Card","Art of War","War Paint","Snecko Eye","Dream Catcher","Juzu Bracelet","Unceasing Top","ClockworkSouvenir","Oddly Smooth Stone","DataDisk"],"potions_floor_usage":[56],"damage_taken":[{"damage":8.0,"enemies":"Cultist","floor":1.0,"turns":5.0},{"damage":10.0,"enemies":"Small Slimes","floor":3.0,"turns":4.0},{"damage":7.0,"enemies":"Jaw Worm","floor":5.0,"turns":6.0},{"damage":11.0,"enemies":"Lagavulin","floor":7.0,"turns":13.0},{"damage":3.0,"enemies":"Large Slime","floor":11.0,"turns":6.0},{"damage":0.0,"enemies":"Looter","floor":13.0,"turns":4.0},{"damage":44.0,"enemies":"Gremlin Nob","floor":14.0,"turns":6.0},{"damage":29.0,"enemies":"The Guardian","floor":16.0,"turns":19.0},{"damage":18.0,"enemies":"3 Byrds","floor":18.0,"turns":3.0},{"damage":0.0,"enemies":"Shell Parasite","floor":19.0,"turns":5.0},{"damage":11.0,"enemies":"Slavers","floor":24.0,"turns":4.0},{"damage":6.0,"enemies":"Colosseum Slavers","floor":28.0,"turns":3.0},{"damage":8.0,"enemies":"Colosseum Nobs","floor":28.0,"turns":3.0},{"damage":0.0,"enemies":"Gremlin Leader","floor":29.0,"turns":4.0},{"damage":1.0,"enemies":"Shelled Parasite and Fungi","floor":31.0,"turns":3.0},{"damage":0.0,"enemies":"Automaton","floor":33.0,"turns":5.0},{"damage":16.0,"enemies":"3 Darklings","floor":35.0,"turns":4.0},{"damage":0.0,"enemies":"Orb Walker","floor":36.0,"turns":2.0},{"damage":0.0,"enemies":"Transient","floor":38.0,"turns":6.0},{"damage":0.0,"enemies":"Nemesis","floor":41.0,"turns":3.0},{"damage":1.0,"enemies":"3 Darklings","floor":42.0,"turns":6.0},{"damage":0.0,"enemies":"Giant Head","floor":44.0,"turns":9.0},{"damage":0.0,"enemies":"Spire Growth","floor":45.0,"turns":3.0},{"damage":0.0,"enemies":"Writhing Mass","floor":48.0,"turns":2.0},{"damage":1.0,"enemies":"Awakened One","floor":50.0,"turns":13.0},{"damage":22.0,"enemies":"Donu and Deca","floor":51.0,"turns":4.0},{"damage":13,"enemies":"Shield and Spear","floor":55,"turns":4},{"damage":4,"enemies":"The Heart","floor":56,"turns":5}],"seed_played":"5801179491026881246","potions_obtained":[{"floor":1.0,"key":"Weak Potion"},{"floor":3.0,"key":"SteroidPotion"},{"floor":14.0,"key":"SkillPotion"},{"floor":18.0,"key":"GamblersBrew"},{"floor":33.0,"key":"SpeedPotion"}],"is_trial":false,"path_per_floor":["M","$","M","?","M","R","E","R","T","R","M","$","M","E","R","B",null,"M","M","?","T","$","R","E","R","T","R","?","E","$","M","R","B",null,"M","M","?","M","$","R","E","M","T","E","M","R","$","M","R","B","B",null,"R","$","E","B",null],"character_chosen":"DEFECT","items_purchased":["Coolheaded","Loop","Lee\u0027s Waffle","Hologram","Membership Card","Art of War","War Paint","Defragment+1","ClockworkSouvenir","Oddly Smooth Stone"],"campfire_rested":3,"item_purchase_floors":[2,2,12,22,30,30,30,39,54,54],"current_hp_per_floor":[56,56,46,46,39,39,28,28,28,28,25,78,78,41,41,12,67,49,49,49,49,49,49,38,38,38,63,51,53,53,52,52,52,80,64,66,66,66,66,66,66,65,65,67,67,67,67,69,97,96,74,91,97,97,84,80],"gold":39,"neow_bonus":"REMOVE_CARD","is_prod":false,"is_daily":false,"chose_seed":false,"campfire_upgraded":8,"win_rate":0,"timestamp":1552050917,"path_taken":["M","?","M","?","M","R","E","R","T","R","M","$","M","E","R","BOSS","M","M","?","?","$","R","E","R","T","R","?","E","?","?","R","BOSS","M","M","?","M","$","R","E","M","T","E","M","R","$","M","R","BOSS","BOSS","R","$","E","BOSS"],"build_version":"2019-02-06","purchased_purges":2,"victory":true,"max_hp_per_floor":[71,71,71,71,71,71,71,71,71,71,71,78,78,85,85,85,85,85,85,85,85,85,85,85,85,85,85,87,89,89,89,89,89,89,89,91,91,91,91,91,91,91,91,93,93,93,93,95,97,97,97,97,97,97,97,97],"card_choices":[{"not_picked":["Rebound","Beam Cell","Barrage"],"picked":"SKIP","floor":1.0},{"not_picked":["Reprogram","Streamline"],"picked":"Glacier","floor":3.0},{"not_picked":["Redo","Stack"],"picked":"Cold Snap","floor":5.0},{"not_picked":["White Noise","Chaos"],"picked":"Creative AI","floor":7.0},{"not_picked":["Fusion","Barrage","Force Field"],"picked":"SKIP","floor":11.0},{"not_picked":["Rebound","Stack"],"picked":"Capacitor","floor":13.0},{"not_picked":["Streamline","Multi-Cast","Sweeping Beam"],"picked":"SKIP","floor":14.0},{"not_picked":["Multi-Cast","Buffer"],"picked":"Biased Cognition","floor":16.0},{"not_picked":["Ball Lightning","Beam Cell"],"picked":"Steam+1","floor":18.0},{"not_picked":["Doom and Gloom","Aggregate+1"],"picked":"Chill","floor":19.0},{"not_picked":["Conserve Battery","Consume"],"picked":"Defragment","floor":24.0},{"not_picked":["Darkness","Go for the Eyes","Rebound+1"],"picked":"Singing Bowl","floor":28.0},{"not_picked":["Redo+1","Fusion","Conserve Battery"],"picked":"Singing Bowl","floor":29.0},{"not_picked":["Steam+1","Ball Lightning"],"picked":"Consume","floor":31.0},{"not_picked":["Rainbow","Multi-Cast"],"picked":"Core Surge","floor":33.0},{"not_picked":["Compile Driver","Static Discharge+1"],"picked":"Defragment+1","floor":35.0},{"not_picked":["BootSequence","Coolheaded","Go for the Eyes"],"picked":"Singing Bowl","floor":36.0},{"not_picked":["Darkness","Cold Snap+1"],"picked":"Coolheaded+1","floor":38.0},{"not_picked":["Double Energy","Hello World+1"],"picked":"Glacier","floor":41.0},{"not_picked":["Streamline","FTL"],"picked":"Loop+1","floor":42.0},{"not_picked":["Streamline","Hologram+1","Cold Snap+1"],"picked":"Singing Bowl","floor":44.0},{"not_picked":["Go for the Eyes","Redo+1"],"picked":"Echo Form+1","floor":45.0},{"not_picked":["Compile Driver","Steam","Sweeping Beam"],"picked":"Singing Bowl","floor":48.0},{"not_picked":["Auto Shields","Reinforced Body","Steam"],"picked":"Singing Bowl","floor":49.0},{"not_picked":["Barrage","Ball Lightning"],"picked":"Storm+1","floor":53.0},{"not_picked":["Sweeping Beam","Conserve Battery"],"picked":"Coolheaded+1","floor":55}],"player_experience":1343226,"relics_obtained":[{"floor":7.0,"key":"Tiny Chest"},{"floor":9.0,"key":"Anchor"},{"floor":14.0,"key":"Strawberry"},{"floor":24.0,"key":"Mummified Hand"},{"floor":26.0,"key":"Singing Bowl"},{"floor":28.0,"key":"Torii"},{"floor":28.0,"key":"Bottled Lightning"},{"floor":29.0,"key":"Frozen Egg 2"},{"floor":41.0,"key":"Dream Catcher"},{"floor":43.0,"key":"Juzu Bracelet"},{"floor":44.0,"key":"Unceasing Top"},{"floor":55,"key":"DataDisk"}],"event_choices":[{"damage_healed":0.0,"max_hp_gain":0.0,"max_hp_loss":0.0,"gold_gain":150.0,"event_name":"Liars Game","player_choice":"AGREE","floor":4.0,"gold_loss":0.0,"damage_taken":0.0,"cards_obtained":["Doubt"]},{"damage_healed":0.0,"max_hp_gain":0.0,"max_hp_loss":0.0,"gold_gain":50.0,"event_name":"Nest","player_choice":"Stole From Cult","floor":20.0,"gold_loss":0.0,"damage_taken":0.0},{"damage_healed":0.0,"max_hp_gain":0.0,"max_hp_loss":0.0,"gold_gain":0.0,"event_name":"Colosseum","player_choice":"Fight","floor":28.0,"gold_loss":0.0,"damage_taken":0.0},{"damage_healed":0.0,"max_hp_gain":0.0,"max_hp_loss":0.0,"gold_gain":0.0,"event_name":"Colosseum","player_choice":"Fought Nobs","floor":28.0,"gold_loss":0.0,"damage_taken":0.0},{"damage_healed":0.0,"max_hp_gain":0.0,"max_hp_loss":0.0,"gold_gain":0.0,"event_name":"Accursed Blacksmith","player_choice":"Forge","floor":37.0,"gold_loss":0.0,"damage_taken":0.0,"cards_upgraded":["Glacier"]}],"is_beta":true,"boss_relics":[{"not_picked":["Runic Pyramid","Lizard Tail"],"picked":"Astrolabe"},{"not_picked":["Runic Dome","Black Star"],"picked":"Snecko Eye"}],"items_purged_floors":[12,47],"is_endless":false,"potions_floor_spawned":[1,3,14,18,28,29,33,41,42,44],"ascension_level":20}