{"gold_per_floor":[113,113,129,147,158,158,184,184,184,198,229,241,9,9,9,9],"floor_reached":16,"playtime":584,"items_purged":[],"score":120,"play_id":"9f47770e-f47c-450d-abb6-5a0734f1081c","local_time":"20190406232450","is_ascension_mode":true,"campfire_choices":[{"data":"Gash","floor":6,"key":"SMITH"},{"floor":8,"key":"REST"},{"floor":15,"key":"REST"}],"neow_cost":"NONE","seed_source_timestamp":3484890348856,"circlet_count":0,"master_deck":["Strike_B","Strike_B","Strike_B+1","Strike_B","Defend_B","Defend_B","Defend_B","Defend_B","Zap","Dualcast","Rainbow","Heatsinks","Scrape","Leap","Gash+1","Rebound+1","Beam Cell","Finesse+1"],"relics":["Cracked Core","Letter Opener","Odd Mushroom","Whetstone","MawBank","Membership Card"],"potions_floor_usage":[],"damage_taken":[{"damage":0,"enemies":"Cultist","floor":1,"turns":3},{"damage":5,"enemies":"Small Slimes","floor":3,"turns":4},{"damage":3,"enemies":"2 Louse","floor":4,"turns":3},{"damage":26,"enemies":"Large Slime","floor":5,"turns":8},{"damage":18,"enemies":"The Mushroom Lair","floor":7,"turns":5},{"damage":10,"enemies":"Looter","floor":10,"turns":4},{"damage":19,"enemies":"Lagavulin","floor":11,"turns":6},{"damage":41,"enemies":"Slime Boss","floor":16,"turns":7}],"seed_played":"7265598830264563243","potions_obtained":[{"floor":5,"key":"Strength Potion"},{"floor":10,"key":"Weak Potion"}],"is_trial":false,"path_per_floor":["M","T","M","M","M","R","?","R","T","M","E","?","$","?","R","B"],"character_chosen":"DEFECT","items_purchased":["Membership Card","Finesse"],"campfire_rested":2,"item_purchase_floors":[13,13],"current_hp_per_floor":[75,75,70,67,41,41,23,45,45,35,16,16,16,16,38,0],"gold":9,"neow_bonus":"ONE_RANDOM_RARE_CARD","is_prod":false,"is_daily":false,"chose_seed":false,"campfire_upgraded":1,"win_rate":0,"timestamp":1554589490,"path_taken":["M","?","M","?","M","R","?","R","T","M","E","?","$","?","R","BOSS"],"build_version":"2019-01-23","purchased_purges":0,"victory":false,"max_hp_per_floor":[75,75,75,75,75,75,75,75,75,75,75,75,75,75,75,75],"card_choices":[{"not_picked":["Ball Lightning","Stack"],"picked":"Heatsinks","floor":1},{"not_picked":["Storm","Force Field"],"picked":"Scrape","floor":3},{"not_picked":["Stack","Hologram"],"picked":"Leap","floor":4},{"not_picked":["Sweeping Beam","Steam"],"picked":"Gash","floor":5},{"not_picked":["Coolheaded","Barrage"],"picked":"Rebound","floor":7},{"not_picked":["Conserve Battery","Streamline","Stack"],"picked":"SKIP","floor":10},{"not_picked":["Compile Driver","Reinforced Body"],"picked":"Beam Cell","floor":11}],"player_experience":386911,"relics_obtained":[{"floor":2,"key":"Letter Opener"},{"floor":7,"key":"Odd Mushroom"},{"floor":9,"key":"Whetstone"},{"floor":11,"key":"MawBank"}],"event_choices":[{"damage_healed":0,"gold_gain":0,"player_choice":"Fought Mushrooms","damage_taken":0,"max_hp_gain":0,"max_hp_loss":0,"event_name":"Mushrooms","floor":7,"gold_loss":0},{"damage_healed":0,"gold_gain":0,"player_choice":"Ignored","damage_taken":0,"max_hp_gain":0,"max_hp_loss":0,"event_name":"Golden Idol","floor":12,"gold_loss":0},{"damage_healed":0,"gold_gain":0,"player_choice":"Grow","damage_taken":0,"max_hp_gain":0,"max_hp_loss":0,"event_name":"Living Wall","floor":14,"gold_loss":0,"cards_upgraded":["Finesse"]}],"is_beta":false,"boss_relics":[],"items_purged_floors":[],"is_endless":false,"potions_floor_spawned":[5,10],"killed_by":"Slime Boss","ascension_level":4}