{"path_per_floor":["M","?","?","?","T","E","R","M","T","$","M","E","M","M","R","B",null,"M","?","$","M","?"],"character_chosen":"THE_SILENT","items_purchased":["Dagger Throw","Dramatic Entrance"],"gold_per_floor":[117,117,117,117,140,166,166,178,178,49,62,90,107,123,123,224,224,235,235,43,60,60],"floor_reached":23,"campfire_rested":0,"playtime":2137,"current_hp_per_floor":[84,68,61,61,61,38,38,38,38,38,35,31,31,31,31,19,84,80,80,80,80,80],"items_purged":["Strike_G","Pain"],"gold":60,"play_id":"ac5e8940-f3cd-4f4f-90eb-f5df81293855","is_prod":false,"is_daily":false,"campfire_rituals":0,"campfire_upgraded":2,"is_hardmode":false,"path_taken":["M","?","?","?","?","E","R","M","T","$","M","E","M","?","R","BOSS","M","?","$","M","?","E"],"build_version":"2018-01-18-PROD4","purchased_purges":2,"victory":false,"master_deck":["Defend_G","Defend_G","Defend_G","Defend_G","Strike_G","Strike_G","Strike_G","Survivor","Neutralize","Writhe","Skewer","Quick Slash","Outmaneuver","Dagger Throw","Heel Hook","Unload","Decay","Acrobatics","Dramatic Entrance","PiercingWail"],"max_hp_per_floor":[84,84,84,84,84,84,84,84,84,84,84,84,84,84,84,84,84,84,84,84,84,84],"relics":["Ring of the Snake","Mango","Orichalcum","Pantograph","Tingsha","Tough Bandages","Calling Bell","Bag of Preparation","Matryoshka","Nloth\u0027s Gift"],"campfire_meditates":0,"card_choices":[{"not_picked":["PiercingWail","Caltrops"],"picked":"Skewer"},{"not_picked":["Bouncing Flask","Terror"],"picked":"Quick Slash"},{"not_picked":["Bouncing Flask","Blade Dance"],"picked":"Outmaneuver"},{"not_picked":["Deadly Poison","Bane"],"picked":"Heel Hook"},{"not_picked":["Adrenaline","Bullet Time"],"picked":"Unload"},{"not_picked":["Quick Slash","Flying Knee"],"picked":"Acrobatics"},{"not_picked":["Quick Slash","Dodge and Roll"],"picked":"PiercingWail"}],"player_experience":25647,"potions_floor_usage":[6,12],"damage_taken":[{"damage":0,"enemies":"2 Louse","floor":1,"turns":2},{"damage":23,"enemies":"Lagavulin","floor":6,"turns":9},{"damage":0,"enemies":"Small Slimes","floor":8,"turns":2},{"damage":3,"enemies":"Jaw Worm","floor":11,"turns":2},{"damage":4,"enemies":"3 Sentries","floor":12,"turns":5},{"damage":0,"enemies":"Looter","floor":13,"turns":3},{"damage":0,"enemies":"Large Slime","floor":14,"turns":5},{"damage":37,"enemies":"Hexaghost","floor":16,"turns":12},{"damage":4,"enemies":"Shell Parasite","floor":18,"turns":5},{"damage":0,"enemies":"2 Thieves","floor":21,"turns":3},{"damage":83,"enemies":"Gremlin Leader","floor":23,"turns":8}],"event_choices":[{"event_name":"Shining Light","player_choice":"Entered Light","floor":2,"damage_taken":0},{"event_name":"Golden Wing","player_choice":"Card Removal","floor":3,"damage_taken":0},{"event_name":"Wheel of Change","player_choice":"Card Removal","floor":4,"damage_taken":0},{"event_name":"Back to Basics","player_choice":"Elegance","floor":19,"damage_taken":0},{"event_name":"N\u0027loth","player_choice":"Traded a Anchor","floor":22,"damage_taken":0}],"boss_relics":[{"not_picked":["Cursed Key","Lizard Tail"],"picked":"Calling Bell"}],"potions_floor_spawned":[1,11,14,16],"seed_played":"4169085326806183677","killed_by":"Gremlin Leader","is_trial":false}