{"gold_per_floor":[114,125,125,142,142,142,168,168,168,184,201,219,254,270,270,371,371,384,384,20,37,37,37,56,56,56,56,56,56],"floor_reached":29,"playtime":860,"items_purged":["Consume"],"score":307,"play_id":"66bbc394-c740-4eba-a1b1-9daed984f429","local_time":"20190409081959","is_ascension_mode":true,"campfire_choices":[{"data":"Rainbow","floor":6,"key":"SMITH"},{"data":"Redo","floor":8,"key":"SMITH"},{"floor":15,"key":"REST"},{"floor":23,"key":"DIG"},{"floor":25,"key":"REST"},{"floor":28,"key":"REST"}],"neow_cost":"NONE","seed_source_timestamp":208123183726127,"circlet_count":0,"master_deck":["Strike_B+1","Strike_B+1","Strike_B+1","Strike_B+1","Defend_B+1","Defend_B+1","Defend_B+1","Defend_B+1","Zap","Dualcast","Rainbow+1","Redo+1","Leap","Leap","Go for the Eyes","Conserve Battery","Chaos","Redo","Cold Snap","Buffer","Self Repair","Consume","Redo","Fusion","Defragment","Ball Lightning","Rainbow","Conserve Battery","Redo","Chaos","Decay"],"relics":["Cracked Core","Pocketwatch","Matryoshka","Shovel","Orrery","Juzu Bracelet","Strawberry","Kunai"],"potions_floor_usage":[7,7,13,16],"damage_taken":[{"damage":20,"enemies":"Small Slimes","floor":1,"turns":3},{"damage":3,"enemies":"Jaw Worm","floor":2,"turns":4},{"damage":5,"enemies":"Cultist","floor":4,"turns":4},{"damage":8,"enemies":"Lagavulin","floor":7,"turns":6},{"damage":0,"enemies":"Looter","floor":10,"turns":4},{"damage":0,"enemies":"3 Louse","floor":11,"turns":2},{"damage":2,"enemies":"2 Fungi Beasts","floor":12,"turns":4},{"damage":8,"enemies":"3 Sentries","floor":13,"turns":7},{"damage":22,"enemies":"Lots of Slimes","floor":14,"turns":6},{"damage":43,"enemies":"Slime Boss","floor":16,"turns":9},{"damage":38,"enemies":"3 Byrds","floor":18,"turns":7},{"damage":11,"enemies":"Shell Parasite","floor":21,"turns":7},{"damage":24,"enemies":"Shelled Parasite and Fungi","floor":24,"turns":7},{"damage":64,"enemies":"Gremlin Leader","floor":29,"turns":5}],"seed_played":"-542254713710069679","potions_obtained":[{"floor":1,"key":"Ancient Potion"},{"floor":2,"key":"AttackPotion"},{"floor":5,"key":"Swift Potion"},{"floor":5,"key":"Regen Potion"},{"floor":11,"key":"GamblersBrew"},{"floor":12,"key":"Regen Potion"},{"floor":13,"key":"Swift Potion"},{"floor":24,"key":"Swift Potion"}],"is_trial":false,"path_per_floor":["M","M","?","M","?","R","E","R","T","M","M","M","E","M","R","B",null,"M","?","$","M","$","R","M","R","T","?","R","E"],"character_chosen":"DEFECT","items_purchased":["Defragment","Ball Lightning","Rainbow","Conserve Battery"],"campfire_rested":3,"item_purchase_floors":[20,20,20,20],"current_hp_per_floor":[55,52,52,47,47,47,54,54,54,54,54,52,59,37,59,16,75,37,37,37,33,33,33,9,31,38,38,62,0],"gold":56,"neow_bonus":"ONE_RANDOM_RARE_CARD","is_prod":false,"is_daily":false,"chose_seed":false,"campfire_upgraded":2,"win_rate":0,"timestamp":1554794399,"path_taken":["M","M","?","M","?","R","E","R","T","?","M","M","E","M","R","BOSS","M","?","$","M","$","R","M","R","T","?","R","E"],"build_version":"2019-01-23","purchased_purges":1,"victory":false,"max_hp_per_floor":[75,75,75,75,75,75,75,75,75,75,75,75,75,75,75,75,75,75,75,75,75,75,75,75,75,82,82,82,82],"card_choices":[{"not_picked":["FTL","Static Discharge"],"picked":"Redo","floor":1},{"not_picked":["Recycle","Rip and Tear"],"picked":"Leap","floor":2},{"not_picked":["White Noise","Stack"],"picked":"Leap","floor":4},{"not_picked":["Doom and Gloom","Hello World","Storm"],"picked":"SKIP","floor":7},{"not_picked":["Reprogram","Stack"],"picked":"Go for the Eyes","floor":10},{"not_picked":["Stack","Sweeping Beam"],"picked":"Conserve Battery","floor":11},{"not_picked":["Cold Snap","Hologram"],"picked":"Chaos","floor":12},{"not_picked":["Leap","Streamline"],"picked":"Redo","floor":13},{"not_picked":["Rebound","Reinforced Body"],"picked":"Cold Snap","floor":14},{"not_picked":["Thunder Strike","Amplify"],"picked":"Buffer","floor":16},{"not_picked":["Turbo","Leap"],"picked":"Self Repair","floor":17},{"not_picked":["Turbo","Scrape"],"picked":"Consume","floor":17},{"not_picked":["Glacier","Sweeping Beam"],"picked":"Consume","floor":17},{"not_picked":["Rebound","Beam Cell"],"picked":"Redo","floor":17},{"not_picked":["Skim","Streamline"],"picked":"Fusion","floor":18},{"not_picked":["Skim","Gash"],"picked":"Redo","floor":21},{"not_picked":["Reprogram","Go for the Eyes"],"picked":"Chaos","floor":24}],"player_experience":409073,"relics_obtained":[{"floor":7,"key":"Pocketwatch"},{"floor":9,"key":"Matryoshka"},{"floor":13,"key":"Shovel"},{"floor":23,"key":"Juzu Bracelet"},{"floor":26,"key":"Strawberry"},{"floor":26,"key":"Kunai"}],"event_choices":[{"damage_healed":0,"gold_gain":0,"player_choice":"Leave","damage_taken":0,"max_hp_gain":0,"max_hp_loss":0,"event_name":"The Cleric","floor":3,"gold_loss":0},{"damage_healed":0,"gold_gain":0,"player_choice":"Got Potions","damage_taken":0,"max_hp_gain":0,"max_hp_loss":0,"event_name":"Lab","floor":5,"gold_loss":0},{"damage_healed":0,"gold_gain":0,"player_choice":"Simplicity","damage_taken":0,"max_hp_gain":0,"max_hp_loss":0,"event_name":"Back to Basics","floor":19,"gold_loss":0,"cards_upgraded":["Strike_B","Strike_B","Strike_B","Strike_B","Defend_B","Defend_B","Defend_B","Defend_B"]},{"damage_healed":0,"gold_gain":0,"player_choice":"Smashed Altar","damage_taken":0,"max_hp_gain":0,"max_hp_loss":0,"event_name":"Forgotten Altar","floor":27,"gold_loss":0,"cards_obtained":["Decay"]}],"is_beta":false,"boss_relics":[{"not_picked":["Philosopher\u0027s Stone","Velvet Choker"],"picked":"Orrery"}],"items_purged_floors":[20],"is_endless":false,"potions_floor_spawned":[1,2,11,12,13,24],"killed_by":"Gremlin Leader","ascension_level":4}