{"gold_per_floor":[117,267,267,277,177,206,206,233,233,233,256,291,115,147,147,147],"floor_reached":16,"playtime":445,"items_purged":["Doubt","Strike_B"],"score":278,"play_id":"ee8fc0b9-39d9-4bed-9c04-ca88dceeb2c1","local_time":"20190117181746","is_ascension_mode":true,"campfire_choices":[{"data":"Sweeping Beam","floor":7.0,"key":"SMITH"},{"data":"Zap","floor":10.0,"key":"SMITH"},{"data":"Defragment","floor":15,"key":"SMITH"}],"neow_cost":"NONE","seed_source_timestamp":77291227834825,"circlet_count":0,"master_deck":["AscendersBane","Strike_B","Strike_B","Defend_B","Defend_B","Defend_B","Defend_B","Zap+1","Dualcast","Hologram","Skim","Gash","Coolheaded","Sweeping Beam+1","Skim","Genetic Algorithm","Defragment+1","FTL"],"special_seed":0,"relics":["Cracked Core","NeowsBlessing","Question Card","Orichalcum","Odd Mushroom","PreservedInsect","The Courier"],"potions_floor_usage":[14],"damage_taken":[{"damage":0.0,"enemies":"2 Louse","floor":1.0,"turns":1.0},{"damage":0.0,"enemies":"Cultist","floor":4.0,"turns":1.0},{"damage":0.0,"enemies":"3 Sentries","floor":6.0,"turns":1.0},{"damage":13.0,"enemies":"The Mushroom Lair","floor":11.0,"turns":5.0},{"damage":31.0,"enemies":"Gremlin Nob","floor":12.0,"turns":5.0},{"damage":14,"enemies":"Lagavulin","floor":14,"turns":6},{"damage":10,"enemies":"The Guardian","floor":16,"turns":5}],"seed_played":"-7220291264938752713","potions_obtained":[{"floor":6.0,"key":"Ancient Potion"},{"floor":12.0,"key":"Strength Potion"}],"is_trial":false,"path_per_floor":["M","?","?","M","$","E","R","T","T","R","?","E","$","E","R","B"],"character_chosen":"DEFECT","items_purchased":["Coolheaded","Defragment"],"campfire_rested":0,"item_purchase_floors":[5,13],"current_hp_per_floor":[64,64,64,64,64,64,64,64,64,64,51,20,20,6,6,0],"gold":147,"neow_bonus":"THREE_ENEMY_KILL","is_prod":false,"is_daily":false,"chose_seed":false,"campfire_upgraded":3,"win_rate":0,"timestamp":1547777866,"path_taken":["M","?","?","?","?","E","R","?","T","R","?","E","?","E","R","BOSS"],"build_version":"2019-01-16","purchased_purges":2,"victory":false,"max_hp_per_floor":[71,71,71,71,71,71,71,71,71,71,71,71,71,71,71,71],"card_choices":[{"not_picked":["Melter","Loop"],"picked":"Hologram","floor":1.0},{"not_picked":["Hologram","Steam"],"picked":"Gash","floor":4.0},{"not_picked":["Aggregate","Storm"],"picked":"Sweeping Beam","floor":6.0},{"not_picked":["Redo","Streamline","Rebound"],"picked":"Skim","floor":11.0},{"not_picked":["Cold Snap","BootSequence","Static Discharge"],"picked":"Genetic Algorithm","floor":12.0},{"not_picked":["Blizzard","Hologram","Multi-Cast"],"picked":"FTL","floor":14}],"player_experience":974186,"relics_obtained":[{"floor":6.0,"key":"Question Card"},{"floor":9.0,"key":"Orichalcum"},{"floor":11.0,"key":"Odd Mushroom"},{"floor":12.0,"key":"PreservedInsect"},{"floor":14,"key":"The Courier"}],"event_choices":[{"damage_healed":0.0,"max_hp_gain":0.0,"max_hp_loss":0.0,"gold_gain":150.0,"event_name":"Liars Game","player_choice":"AGREE","floor":2.0,"gold_loss":0.0,"damage_taken":0.0,"cards_obtained":["Doubt"]},{"damage_healed":0.0,"max_hp_gain":0.0,"max_hp_loss":0.0,"gold_gain":0.0,"cards_transformed":["Strike_B"],"event_name":"Transmorgrifier","player_choice":"Transformed","floor":3.0,"gold_loss":0.0,"damage_taken":0.0,"cards_obtained":["Skim"]},{"damage_healed":0.0,"max_hp_gain":0.0,"max_hp_loss":0.0,"gold_gain":0.0,"event_name":"Mushrooms","player_choice":"Fought Mushrooms","floor":11.0,"gold_loss":0.0,"damage_taken":0.0}],"is_beta":true,"boss_relics":[],"items_purged_floors":[5,13],"is_endless":false,"potions_floor_spawned":[6,12],"killed_by":"The Guardian","ascension_level":20}