{"gold_per_floor":[116,126,126,23,23,23,48,67,148,223,223,255,255,255,255,328,328,342,28,38,49,67,67,93,93,148,161,211,239,239,253,253,328,328,345,345,65,65,23,23,43,43],"floor_reached":42,"playtime":1175,"items_purged":["Strike_R","Decay"],"score":934,"play_id":"f77af78a-045b-49bf-b81d-f39d3b4a65d5","local_time":"20190126004346","is_ascension_mode":true,"campfire_choices":[{"data":"Armaments","floor":6.0,"key":"SMITH"},{"data":"Inflame","floor":11.0,"key":"SMITH"},{"data":"Demon Form","floor":13.0,"key":"SMITH"},{"data":"Sword Boomerang","floor":15.0,"key":"SMITH"},{"floor":23.0,"key":"REST"},{"floor":25.0,"key":"REST"},{"floor":32.0,"key":"REST"},{"floor":40,"key":"DIG"}],"neow_cost":"NONE","seed_source_timestamp":517316654200621,"circlet_count":0,"master_deck":["AscendersBane","Strike_R","Strike_R","Defend_R","Defend_R","Defend_R","Defend_R","Bash+1","Shrug It Off","Headbutt","Inflame+1","Armaments+1","Sword Boomerang+1","Demon Form+1","Immolate","Whirlwind","Sword Boomerang","Demon Form","Bandage Up","True Grit","Feel No Pain"],"special_seed":0,"relics":["Burning Blood","NeowsBlessing","Smiling Mask","Bronze Scales","Busted Crown","Membership Card","Du-Vu Doll","Tiny Chest","Shovel","Velvet Choker","Thread and Needle","Matryoshka"],"potions_floor_usage":[],"damage_taken":[{"damage":0.0,"enemies":"2 Louse","floor":1.0,"turns":1.0},{"damage":0.0,"enemies":"Jaw Worm","floor":2.0,"turns":1.0},{"damage":0.0,"enemies":"Gremlin Nob","floor":7.0,"turns":1.0},{"damage":4.0,"enemies":"Small Slimes","floor":8.0,"turns":4.0},{"damage":16.0,"enemies":"Lagavulin","floor":12.0,"turns":6.0},{"damage":33.0,"enemies":"Hexaghost","floor":16.0,"turns":7.0},{"damage":24.0,"enemies":"Shell Parasite","floor":18.0,"turns":4.0},{"damage":0.0,"enemies":"3 Byrds","floor":20.0,"turns":3.0},{"damage":13.0,"enemies":"Snecko","floor":21.0,"turns":4.0},{"damage":35.0,"enemies":"Shelled Parasite and Fungi","floor":22.0,"turns":4.0},{"damage":28.0,"enemies":"Gremlin Leader","floor":24.0,"turns":6.0},{"damage":14.0,"enemies":"Snake Plant","floor":27.0,"turns":4.0},{"damage":22.0,"enemies":"Book of Stabbing","floor":29.0,"turns":3.0},{"damage":12.0,"enemies":"Centurion and Healer","floor":31.0,"turns":7.0},{"damage":25.0,"enemies":"Collector","floor":33.0,"turns":5.0},{"damage":13.0,"enemies":"Orb Walker","floor":35.0,"turns":2.0},{"damage":32,"enemies":"3 Shapes","floor":41,"turns":6},{"damage":21,"enemies":"3 Darklings","floor":42,"turns":2}],"seed_played":"-2556214893916410941","potions_obtained":[{"floor":2.0,"key":"EssenceOfSteel"},{"floor":7.0,"key":"Fire Potion"},{"floor":8.0,"key":"Fire Potion"},{"floor":24.0,"key":"SteroidPotion"},{"floor":29.0,"key":"GamblersBrew"},{"floor":31.0,"key":"SteroidPotion"}],"is_trial":false,"path_per_floor":["M","M","?","$","?","R","E","M","T","?","R","E","R","?","R","B",null,"M","$","M","M","M","R","E","R","T","M","?","E","?","M","R","B",null,"M","?","$","?","$","R","M","M"],"character_chosen":"IRONCLAD","items_purchased":["Inflame","Armaments","Membership Card","Whirlwind","True Grit","Thread and Needle","SpeedPotion","Feel No Pain"],"campfire_rested":3,"item_purchase_floors":[4,4,19,19,37,37,37,39],"current_hp_per_floor":[74,75,75,75,68,68,74,75,75,64,64,54,54,54,54,27,63,45,45,51,44,15,37,15,37,37,29,29,13,13,7,29,10,59,52,52,52,52,52,52,30,13],"gold":43,"neow_bonus":"THREE_ENEMY_KILL","is_prod":false,"is_daily":false,"chose_seed":false,"campfire_upgraded":4,"win_rate":0,"timestamp":1548492226,"path_taken":["M","M","?","$","?","R","E","M","T","?","R","E","R","?","R","BOSS","M","$","?","M","M","R","E","R","T","M","?","E","?","M","R","BOSS","M","?","$","?","$","R","M","M"],"build_version":"2019-01-23","purchased_purges":2,"victory":false,"max_hp_per_floor":[75,75,75,75,75,75,75,75,75,75,75,75,75,75,75,75,75,75,75,75,75,75,75,75,75,75,75,75,75,75,75,75,75,75,75,75,75,75,75,75,75,75],"card_choices":[{"not_picked":["Iron Wave","Sword Boomerang"],"picked":"Shrug It Off","floor":1.0},{"not_picked":["Flex","Twin Strike"],"picked":"Headbutt","floor":2.0},{"not_picked":["Armaments","Warcry"],"picked":"Sword Boomerang","floor":7.0},{"not_picked":["Blood for Blood","Sword Boomerang"],"picked":"Demon Form","floor":8.0},{"not_picked":["Clash","Searing Blow","Hemokinesis"],"picked":"SKIP","floor":12.0},{"not_picked":["Bludgeon","Double Tap"],"picked":"Immolate","floor":16.0},{"not_picked":["Clash"],"picked":"SKIP","floor":18.0},{"not_picked":["Uppercut"],"picked":"SKIP","floor":20.0},{"not_picked":["Burning Pact"],"picked":"SKIP","floor":21.0},{"not_picked":["Perfected Strike"],"picked":"SKIP","floor":22.0},{"not_picked":["Perfected Strike"],"picked":"SKIP","floor":24.0},{"not_picked":["Bloodletting"],"picked":"SKIP","floor":27.0},{"not_picked":["Clash"],"picked":"SKIP","floor":29.0},{"not_picked":[],"picked":"Sword Boomerang","floor":31.0},{"not_picked":[],"picked":"Demon Form","floor":33.0},{"not_picked":["Clothesline+1"],"picked":"SKIP","floor":35.0},{"not_picked":[],"picked":"Bandage Up","floor":36},{"not_picked":["Clash+1"],"picked":"SKIP","floor":41}],"player_experience":1031851,"relics_obtained":[{"floor":7.0,"key":"Smiling Mask"},{"floor":12.0,"key":"Bronze Scales"},{"floor":24.0,"key":"Du-Vu Doll"},{"floor":26.0,"key":"Tiny Chest"},{"floor":29.0,"key":"Shovel"},{"floor":40,"key":"Matryoshka"}],"event_choices":[{"damage_healed":0.0,"max_hp_gain":0.0,"max_hp_loss":0.0,"gold_gain":0.0,"event_name":"Living Wall","player_choice":"Grow","floor":3.0,"gold_loss":0.0,"damage_taken":0.0,"cards_upgraded":["Bash"]},{"cards_removed":["Strike_R"],"damage_healed":0.0,"max_hp_gain":0.0,"max_hp_loss":0.0,"gold_gain":0.0,"event_name":"Golden Wing","player_choice":"Card Removal","floor":5.0,"gold_loss":0.0,"damage_taken":7.0},{"damage_healed":0.0,"max_hp_gain":0.0,"max_hp_loss":0.0,"gold_gain":75.0,"event_name":"World of Goop","player_choice":"Gather Gold","floor":10.0,"gold_loss":0.0,"damage_taken":11.0},{"cards_removed":["Strike_R"],"damage_healed":0.0,"max_hp_gain":0.0,"max_hp_loss":0.0,"gold_gain":0.0,"event_name":"Bonfire Elementals","player_choice":"Offered Basic","floor":14.0,"gold_loss":0.0,"damage_taken":0.0},{"damage_healed":0.0,"max_hp_gain":0.0,"max_hp_loss":0.0,"gold_gain":50.0,"event_name":"Nest","player_choice":"Stole From Cult","floor":28.0,"gold_loss":0.0,"damage_taken":0.0},{"damage_healed":0.0,"max_hp_gain":0.0,"max_hp_loss":0.0,"gold_gain":0.0,"event_name":"Forgotten Altar","player_choice":"Smashed Altar","floor":30.0,"gold_loss":0.0,"damage_taken":0.0,"cards_obtained":["Decay"]},{"damage_healed":0,"gold_gain":0,"player_choice":"Memory 1","damage_taken":0,"max_hp_gain":0,"max_hp_loss":0,"event_name":"SensoryStone","floor":36,"gold_loss":0},{"damage_healed":0,"gold_gain":0,"player_choice":"Ignored","damage_taken":0,"max_hp_gain":0,"max_hp_loss":0,"event_name":"Tomb of Lord Red Mask","floor":38,"gold_loss":0}],"is_beta":true,"boss_relics":[{"not_picked":["White Beast Statue","Black Blood"],"picked":"Busted Crown"},{"not_picked":["Cursed Key","Runic Cube"],"picked":"Velvet Choker"}],"items_purged_floors":[19,37],"is_endless":false,"potions_floor_spawned":[2,7,8,20,22,24,29,31],"killed_by":"3 Darklings","ascension_level":20}