{"gold_per_floor":[13,13,24,24,24,24,24,55,136,166,178,208,208,222,222,293,293,305,321,321,246,262,262,294,394,450,475,97,97,107,127,127,205,205,225,137,237,255,307,307,333,343,343,343,375,392,419,123,123,123,123,123,123,17,47,47],"floor_reached":56,"playtime":2991,"items_purged":["Strike_B","Strike_B","Strike_B"],"score":2257,"play_id":"544551ca-4926-4737-96c4-4aa8bed9d75c","local_time":"20190207234739","is_ascension_mode":true,"campfire_choices":[{"data":"Ball Lightning","floor":6.0,"key":"SMITH"},{"data":"Defragment","floor":13.0,"key":"SMITH"},{"data":"Cold Snap","floor":15.0,"key":"SMITH"},{"floor":23.0,"key":"REST"},{"data":"Capacitor","floor":29.0,"key":"SMITH"},{"floor":32.0,"key":"REST"},{"floor":40.0,"key":"REST"},{"floor":44.0,"key":"REST"},{"floor":49.0,"key":"RECALL"},{"floor":53.0,"key":"REST"}],"neow_cost":"NO_GOLD","seed_source_timestamp":1317961062024766,"circlet_count":0,"master_deck":["AscendersBane","Defend_B","Defend_B","Defend_B","Defend_B","Zap+1","Dualcast","Darkness+1","Ball Lightning+1","Ball Lightning","Defragment+1","Cold Snap+1","Coolheaded+1","White Noise+1","Rainbow+1","Steam+1","Darkness+1","Glacier+1","Multi-Cast+1","Capacitor+1","BootSequence+1","Conserve Battery+1","Loop+1","Echo Form","Amplify+1","Redo+1","Redo+1","Fission+1","Darkness+1","Fission+1","Buffer","Undo+1"],"special_seed":0,"relics":["Cracked Core","Letter Opener","Thread and Needle","Shuriken","Happy Flower","Toxic Egg 2","Philosopher\u0027s Stone","Vajra","Mango","Matryoshka","Tiny Chest","Orichalcum","Symbiotic Virus","Membership Card","Inserter","Ginger","Strawberry","Singing Bowl","Smiling Mask","DataDisk","Darkstone Periapt","Torii","Gremlin Horn"],"potions_floor_usage":[55,56],"damage_taken":[{"damage":10.0,"enemies":"Small Slimes","floor":1.0,"turns":4.0},{"damage":1.0,"enemies":"Cultist","floor":3.0,"turns":4.0},{"damage":20.0,"enemies":"Lagavulin","floor":8.0,"turns":6.0},{"damage":4.0,"enemies":"Gremlin Nob","floor":10.0,"turns":3.0},{"damage":0.0,"enemies":"2 Louse","floor":11.0,"turns":1.0},{"damage":15.0,"enemies":"3 Sentries","floor":12.0,"turns":5.0},{"damage":0.0,"enemies":"Looter","floor":14.0,"turns":3.0},{"damage":0.0,"enemies":"Hexaghost","floor":16.0,"turns":7.0},{"damage":10.0,"enemies":"Shell Parasite","floor":18.0,"turns":4.0},{"damage":0.0,"enemies":"Chosen","floor":19.0,"turns":3.0},{"damage":1.0,"enemies":"Centurion and Healer","floor":22.0,"turns":5.0},{"damage":10.0,"enemies":"Book of Stabbing","floor":24.0,"turns":5.0},{"damage":19.0,"enemies":"Colosseum Slavers","floor":25.0,"turns":3.0},{"damage":0.0,"enemies":"Colosseum Nobs","floor":25.0,"turns":2.0},{"damage":28.0,"enemies":"Slavers","floor":27.0,"turns":4.0},{"damage":5.0,"enemies":"Snake Plant","floor":30.0,"turns":3.0},{"damage":0.0,"enemies":"Shelled Parasite and Fungi","floor":31.0,"turns":3.0},{"damage":1.0,"enemies":"Champ","floor":33.0,"turns":11.0},{"damage":0.0,"enemies":"3 Shapes","floor":35.0,"turns":4.0},{"damage":21.0,"enemies":"Mind Bloom Boss Battle","floor":37.0,"turns":7.0},{"damage":24.0,"enemies":"3 Darklings","floor":38.0,"turns":5.0},{"damage":16.0,"enemies":"Reptomancer","floor":41.0,"turns":6.0},{"damage":0.0,"enemies":"Writhing Mass","floor":42.0,"turns":7.0},{"damage":25.0,"enemies":"Giant Head","floor":45.0,"turns":6.0},{"damage":0.0,"enemies":"Sphere and 2 Shapes","floor":46.0,"turns":3.0},{"damage":74.0,"enemies":"Reptomancer","floor":47.0,"turns":5.0},{"damage":1.0,"enemies":"Donu and Deca","floor":50.0,"turns":8.0},{"damage":0.0,"enemies":"Awakened One","floor":51.0,"turns":23.0},{"damage":22,"enemies":"Shield and Spear","floor":55,"turns":5},{"damage":88,"enemies":"The Heart","floor":56,"turns":5}],"seed_played":"-9021844003647560705","potions_obtained":[{"floor":1.0,"key":"GamblersBrew"},{"floor":11.0,"key":"Weak Potion"},{"floor":16.0,"key":"SteroidPotion"},{"floor":19.0,"key":"PowerPotion"},{"floor":30.0,"key":"Fire Potion"},{"floor":33.0,"key":"FocusPotion"},{"floor":42.0,"key":"Regen Potion"},{"floor":45.0,"key":"FearPotion"},{"floor":46.0,"key":"Energy Potion"},{"floor":55,"key":"SteroidPotion"}],"is_trial":false,"path_per_floor":["M","?","M","$","?","R","T","E","T","E","M","E","R","M","R","B",null,"M","M","?","?","M","R","E","?","T","E","$","R","M","M","R","B",null,"M","$","?","M","T","R","E","M","T","R","E","M","E","$","R","B","B",null,"R","$","E","B"],"character_chosen":"DEFECT","items_purchased":["Membership Card","Capacitor","Weak Potion","BootSequence+1","Conserve Battery+1","Amplify+1","Torii","FocusPotion","GamblersBrew","Dexterity Potion","Swift Potion"],"campfire_rested":5,"item_purchase_floors":[28,28,28,28,28,36,48,48,48,54,54],"current_hp_per_floor":[68,68,67,67,67,67,67,47,47,43,43,28,28,28,28,28,71,61,61,61,61,60,85,75,70,70,42,42,42,37,37,66,65,91,91,91,70,46,53,84,68,68,68,99,74,76,11,11,11,10,10,84,108,108,86,0],"gold":47,"neow_bonus":"TWENTY_PERCENT_HP_BONUS","is_prod":false,"is_daily":false,"chose_seed":false,"campfire_upgraded":4,"win_rate":0,"timestamp":1549612059,"path_taken":["M","?","M","?","?","R","?","E","T","E","M","E","R","?","R","BOSS","M","M","?","?","M","R","E","?","T","E","$","R","M","M","R","BOSS","M","$","?","M","?","R","E","?","T","R","E","M","E","$","R","BOSS","BOSS","R","$","E","BOSS"],"build_version":"2019-02-06","purchased_purges":3,"victory":false,"max_hp_per_floor":[85,85,85,85,85,85,85,85,85,85,85,85,85,85,85,85,85,85,85,85,85,85,85,85,99,99,99,99,99,99,99,99,99,99,99,99,99,99,106,106,106,106,106,106,106,108,108,108,108,108,108,108,108,108,108,108],"card_choices":[{"not_picked":["Chill","Melter"],"picked":"Darkness","floor":1.0},{"not_picked":["Loop","BootSequence"],"picked":"Ball Lightning","floor":3.0},{"not_picked":["Beam Cell","Cold Snap"],"picked":"Ball Lightning","floor":8.0},{"not_picked":["White Noise","Steam Power"],"picked":"Defragment","floor":10.0},{"not_picked":["Rebound","Recycle"],"picked":"Cold Snap","floor":11.0},{"not_picked":["Turbo","Steam"],"picked":"Coolheaded","floor":12.0},{"not_picked":["Sweeping Beam","Cold Snap"],"picked":"White Noise+1","floor":14.0},{"not_picked":["Hyperbeam","Reboot+1"],"picked":"Rainbow+1","floor":16.0},{"not_picked":["Ball Lightning","FTL"],"picked":"Steam+1","floor":18.0},{"not_picked":["Redo+1","Lockon+1","Barrage"],"picked":"SKIP","floor":19.0},{"not_picked":["FTL","Go for the Eyes","Chaos+1"],"picked":"SKIP","floor":22.0},{"not_picked":["Chaos+1","Stack+1"],"picked":"Darkness+1","floor":24.0},{"not_picked":["Reprogram+1","Coolheaded+1"],"picked":"Glacier+1","floor":25.0},{"not_picked":["Streamline+1","Cold Snap"],"picked":"Multi-Cast+1","floor":27.0},{"not_picked":["Barrage","Cold Snap","Storm+1"],"picked":"SKIP","floor":30.0},{"not_picked":["Sweeping Beam+1","Conserve Battery+1"],"picked":"Loop+1","floor":31.0},{"not_picked":["All For One","Fission+1"],"picked":"Echo Form","floor":33.0},{"not_picked":["Blizzard+1","Gash","Steam+1"],"picked":"SKIP","floor":35.0},{"not_picked":["Ball Lightning+1","Steam+1"],"picked":"Redo+1","floor":37.0},{"not_picked":["Stack+1","Go for the Eyes+1"],"picked":"Redo+1","floor":38.0},{"not_picked":["Force Field+1","Sweeping Beam"],"picked":"Fission+1","floor":41.0},{"not_picked":["Steam+1","Barrage+1"],"picked":"Darkness+1","floor":42.0},{"not_picked":["Ball Lightning","Sweeping Beam+1"],"picked":"Fission+1","floor":45.0},{"not_picked":["Scrape+1","Force Field+1","Sunder"],"picked":"Singing Bowl","floor":46.0},{"not_picked":["Reinforced Body+1","Hologram+1"],"picked":"Buffer","floor":47.0},{"not_picked":["Gash","Auto Shields+1"],"picked":"Undo+1","floor":55}],"player_experience":1105354,"relics_obtained":[{"floor":7.0,"key":"Letter Opener"},{"floor":8.0,"key":"Thread and Needle"},{"floor":9.0,"key":"Shuriken"},{"floor":10.0,"key":"Happy Flower"},{"floor":12.0,"key":"Toxic Egg 2"},{"floor":24.0,"key":"Vajra"},{"floor":25.0,"key":"Mango"},{"floor":25.0,"key":"Matryoshka"},{"floor":26.0,"key":"Tiny Chest"},{"floor":26.0,"key":"Orichalcum"},{"floor":27.0,"key":"Symbiotic Virus"},{"floor":37.0,"key":"Ginger"},{"floor":39.0,"key":"Strawberry"},{"floor":41.0,"key":"Singing Bowl"},{"floor":43.0,"key":"Smiling Mask"},{"floor":45.0,"key":"DataDisk"},{"floor":47.0,"key":"Darkstone Periapt"},{"floor":55,"key":"Gremlin Horn"}],"event_choices":[{"damage_healed":0.0,"max_hp_gain":0.0,"max_hp_loss":0.0,"gold_gain":0.0,"event_name":"Upgrade Shrine","player_choice":"Upgraded","floor":2.0,"gold_loss":0.0,"damage_taken":0.0,"cards_upgraded":["Zap"]},{"damage_healed":0.0,"max_hp_gain":0.0,"max_hp_loss":0.0,"gold_gain":0.0,"event_name":"Living Wall","player_choice":"Grow","floor":5.0,"gold_loss":0.0,"damage_taken":0.0,"cards_upgraded":["Darkness"]},{"damage_healed":0.0,"max_hp_gain":0.0,"max_hp_loss":0.0,"gold_gain":0.0,"event_name":"Vampires","player_choice":"Ignored","floor":20.0,"gold_loss":0.0,"damage_taken":0.0},{"cards_removed":["Strike_B"],"damage_healed":0.0,"max_hp_gain":0.0,"max_hp_loss":0.0,"gold_gain":0.0,"event_name":"Beggar","player_choice":"Gave Gold","floor":21.0,"gold_loss":75.0,"damage_taken":0.0},{"damage_healed":0.0,"max_hp_gain":0.0,"max_hp_loss":0.0,"gold_gain":0.0,"event_name":"Colosseum","player_choice":"Fight","floor":25.0,"gold_loss":0.0,"damage_taken":0.0},{"damage_healed":0.0,"max_hp_gain":0.0,"max_hp_loss":0.0,"gold_gain":0.0,"event_name":"Colosseum","player_choice":"Fought Nobs","floor":25.0,"gold_loss":0.0,"damage_taken":0.0},{"damage_healed":0.0,"max_hp_gain":0.0,"max_hp_loss":0.0,"gold_gain":0.0,"event_name":"MindBloom","player_choice":"Fight","floor":37.0,"gold_loss":0.0,"damage_taken":0.0}],"is_beta":true,"boss_relics":[{"not_picked":["Busted Crown","Lizard Tail"],"picked":"Philosopher\u0027s Stone"},{"not_picked":["Coffee Dripper","White Beast Statue"],"picked":"Inserter"}],"items_purged_floors":[28,48,54],"is_endless":false,"potions_floor_spawned":[1,11,16,19,22,30,31,33,42,45,46,55],"killed_by":"The Heart","ascension_level":20}