{"gold_per_floor":[119,119,119,132,146,174,174,189,219,219,229,256,268,278,278,278],"floor_reached":16,"playtime":444,"items_purged":[],"score":131,"play_id":"28586210-88c9-4bf2-989e-4676394cd82b","local_time":"20190325105812","is_ascension_mode":true,"campfire_choices":[{"data":"Bludgeon","floor":7,"key":"SMITH"},{"data":"Anger","floor":10,"key":"SMITH"},{"data":"Armaments","floor":15,"key":"SMITH"}],"neow_cost":"NONE","seed_source_timestamp":354461183333144,"circlet_count":0,"master_deck":["Strike_R","Strike_R","Strike_R","Strike_R","Strike_R","Defend_R","Defend_R","Defend_R","Bash","Limit Break+1","Anger+1","Shrug It Off","Clothesline","Bludgeon+1","Rage","Armaments+1","Dropkick","Cleave"],"relics":["Burning Blood","Blood Vial","Tiny Chest","Sundial"],"potions_floor_usage":[6,12,16],"damage_taken":[{"damage":15,"enemies":"Cultist","floor":1,"turns":5},{"damage":4,"enemies":"2 Louse","floor":4,"turns":3},{"damage":2,"enemies":"Small Slimes","floor":5,"turns":3},{"damage":12,"enemies":"Gremlin Nob","floor":6,"turns":3},{"damage":9,"enemies":"2 Fungi Beasts","floor":8,"turns":4},{"damage":7,"enemies":"Blue Slaver","floor":11,"turns":2},{"damage":24,"enemies":"3 Sentries","floor":12,"turns":6},{"damage":0,"enemies":"Large Slime","floor":13,"turns":4},{"damage":13,"enemies":"3 Louse","floor":14,"turns":3},{"damage":72,"enemies":"Hexaghost","floor":16,"turns":11}],"seed_played":"-9058915715304863688","potions_obtained":[{"floor":4,"key":"Strength Potion"},{"floor":5,"key":"SteroidPotion"},{"floor":12,"key":"SpeedPotion"},{"floor":13,"key":"BloodPotion"},{"floor":14,"key":"SmokeBomb"}],"is_trial":false,"path_per_floor":["M","?","?","M","M","E","R","M","T","R","M","E","M","M","R","B"],"character_chosen":"IRONCLAD","items_purchased":[],"campfire_rested":0,"item_purchase_floors":[],"current_hp_per_floor":[71,71,71,73,77,71,71,70,70,70,71,55,63,58,58,0],"gold":278,"neow_bonus":"ONE_RANDOM_RARE_CARD","is_prod":false,"is_daily":false,"chose_seed":false,"campfire_upgraded":3,"win_rate":0,"timestamp":1553511492,"path_taken":["M","?","?","?","M","E","R","M","T","R","M","E","M","M","R","BOSS"],"build_version":"2019-01-23","purchased_purges":0,"victory":false,"max_hp_per_floor":[80,80,80,80,80,80,80,80,80,80,80,80,80,80,80,80],"card_choices":[{"not_picked":["Perfected Strike","Power Through","Second Wind"],"picked":"SKIP","floor":1},{"not_picked":["Twin Strike","Seeing Red"],"picked":"Shrug It Off","floor":4},{"not_picked":["Perfected Strike","Flame Barrier"],"picked":"Clothesline","floor":5},{"not_picked":["Iron Wave","Body Slam"],"picked":"Bludgeon","floor":6},{"not_picked":["Havoc","Wild Strike"],"picked":"Rage","floor":8},{"not_picked":["Havoc","Shockwave"],"picked":"Armaments","floor":11},{"not_picked":["Heavy Blade","Entrench","Body Slam"],"picked":"SKIP","floor":12},{"not_picked":["Warcry","Brutality"],"picked":"Dropkick","floor":13},{"not_picked":["Battle Trance","Second Wind"],"picked":"Cleave","floor":14}],"player_experience":326638,"relics_obtained":[{"floor":6,"key":"Blood Vial"},{"floor":9,"key":"Tiny Chest"},{"floor":12,"key":"Sundial"}],"event_choices":[{"damage_healed":0,"gold_gain":0,"player_choice":"Grow","damage_taken":0,"max_hp_gain":0,"max_hp_loss":0,"event_name":"Living Wall","floor":2,"gold_loss":0,"cards_upgraded":["Limit Break"]},{"damage_healed":0,"gold_gain":0,"cards_transformed":["Defend_R"],"player_choice":"Transformed","damage_taken":0,"max_hp_gain":0,"max_hp_loss":0,"event_name":"Transmorgrifier","floor":3,"gold_loss":0,"cards_obtained":["Anger"]}],"is_beta":false,"boss_relics":[],"items_purged_floors":[],"is_endless":false,"potions_floor_spawned":[4,5,12,13,14],"killed_by":"Hexaghost","ascension_level":3}