{"gold_per_floor":[115,6,19,19,65,90,90,125,205,222,222,257,82,94,94,168,168,181,191,191,211,222,222,249,299,352,368,386,405,422,450,450,522,522,538,638,651,677,687,748,775,792,815,815,715,715,745,141,141,141,141,141,141,12,37,37],"floor_reached":57,"playtime":2696,"items_purged":["Strike_B","Decay"],"score":2719,"play_id":"938ace10-ad5a-4b13-9f55-4bbe78cc92b1","local_time":"20190217021021","is_ascension_mode":true,"campfire_choices":[{"floor":7.0,"key":"REST"},{"data":"Zap","floor":11.0,"key":"SMITH"},{"data":"Static Discharge","floor":15.0,"key":"SMITH"},{"data":"Electrodynamics","floor":23.0,"key":"SMITH"},{"data":"Defragment","floor":32.0,"key":"SMITH"},{"floor":49.0,"key":"RECALL"},{"data":"Coolheaded","floor":53.0,"key":"SMITH"}],"neow_cost":"TEN_PERCENT_HP_LOSS","seed_source_timestamp":1913841235987888,"circlet_count":0,"master_deck":["AscendersBane","Defend_B","Defend_B","Defend_B","Defend_B","Zap+1","Dualcast","Ball Lightning","Cold Snap","Conserve Battery","Static Discharge+1","Echo Form","Reinforced Body","Panacea","Coolheaded+1","Electrodynamics+1","Loop+1","Defragment+1","Coolheaded","White Noise","Turbo","Defragment+1","Loop","Biased Cognition","Core Surge","Defragment","Biased Cognition","Amplify","Capacitor","Buffer"],"special_seed":0,"relics":["Cracked Core","Bag of Marbles","Pantograph","Anchor","Meat on the Bone","Emotion Chip","Velvet Choker","Strawberry","Bag of Preparation","Nuclear Battery","Unceasing Top","Potion Belt","Tiny Chest","Centennial Puzzle","Bronze Scales","Sundial","OrangePellets","Torii","Orichalcum"],"potions_floor_usage":[56,56,56],"damage_taken":[{"damage":0.0,"enemies":"2 Louse","floor":1.0,"turns":3.0},{"damage":10.0,"enemies":"Jaw Worm","floor":3.0,"turns":3.0},{"damage":21.0,"enemies":"3 Sentries","floor":6.0,"turns":11.0},{"damage":2.0,"enemies":"Gremlin Nob","floor":8.0,"turns":3.0},{"damage":1.0,"enemies":"Cultist","floor":10.0,"turns":3.0},{"damage":15.0,"enemies":"Lagavulin","floor":12.0,"turns":7.0},{"damage":3.0,"enemies":"Exordium Wildlife","floor":14.0,"turns":2.0},{"damage":36.0,"enemies":"Hexaghost","floor":16.0,"turns":8.0},{"damage":15.0,"enemies":"Chosen","floor":18.0,"turns":4.0},{"damage":5.0,"enemies":"Spheric Guardian","floor":19.0,"turns":4.0},{"damage":24.0,"enemies":"Shelled Parasite and Fungi","floor":21.0,"turns":8.0},{"damage":0.0,"enemies":"Centurion and Healer","floor":22.0,"turns":4.0},{"damage":27.0,"enemies":"Book of Stabbing","floor":24.0,"turns":4.0},{"damage":3.0,"enemies":"Snecko","floor":27.0,"turns":4.0},{"damage":13.0,"enemies":"Cultist and Chosen","floor":28.0,"turns":4.0},{"damage":1.0,"enemies":"Chosen and Byrds","floor":29.0,"turns":3.0},{"damage":12.0,"enemies":"Shelled Parasite and Fungi","floor":30.0,"turns":3.0},{"damage":4.0,"enemies":"Gremlin Leader","floor":31.0,"turns":5.0},{"damage":9.0,"enemies":"Champ","floor":33.0,"turns":13.0},{"damage":25.0,"enemies":"3 Shapes","floor":35.0,"turns":4.0},{"damage":1.0,"enemies":"Mind Bloom Boss Battle","floor":36.0,"turns":5.0},{"damage":0.0,"enemies":"3 Darklings","floor":37.0,"turns":2.0},{"damage":0.0,"enemies":"4 Shapes","floor":39.0,"turns":6.0},{"damage":31.0,"enemies":"Reptomancer","floor":40.0,"turns":6.0},{"damage":6.0,"enemies":"Sphere and 2 Shapes","floor":42.0,"turns":4.0},{"damage":15.0,"enemies":"Nemesis","floor":47.0,"turns":7.0},{"damage":16.0,"enemies":"Donu and Deca","floor":50.0,"turns":4.0},{"damage":7.0,"enemies":"Time Eater","floor":51.0,"turns":10.0},{"damage":30,"enemies":"Shield and Spear","floor":55,"turns":9},{"damage":42,"enemies":"The Heart","floor":56,"turns":9}],"seed_played":"2752387248545161056","potions_obtained":[{"floor":3.0,"key":"EssenceOfSteel"},{"floor":6.0,"key":"Poison Potion"},{"floor":10.0,"key":"FearPotion"},{"floor":22.0,"key":"SneckoOil"},{"floor":24.0,"key":"Energy Potion"},{"floor":27.0,"key":"Fire Potion"},{"floor":30.0,"key":"Block Potion"},{"floor":39.0,"key":"GamblersBrew"},{"floor":42.0,"key":"FocusPotion"}],"is_trial":false,"path_per_floor":["M","$","M","?","T","E","R","E","T","M","R","E","$","M","R","B",null,"M","M","?","M","M","R","E","?","T","M","M","M","M","E","R","B",null,"M","?","M","T","M","E","T","M","T","?","$","?","E","$","R","B","B",null,"R","$","E","B",null],"character_chosen":"DEFECT","items_purchased":["Cold Snap","PowerPotion","Panacea","OrangePellets","Torii","Dexterity Potion","Capacitor","Weak Potion"],"campfire_rested":1,"item_purchase_floors":[2,2,13,48,48,48,54,54],"current_hp_per_floor":[64,64,54,47,47,26,45,43,43,42,42,39,39,36,36,37,57,42,37,37,25,37,37,29,29,29,38,37,36,36,44,44,60,68,43,67,67,67,67,36,36,42,42,42,42,42,39,39,39,48,60,65,65,65,35,30],"gold":37,"neow_bonus":"REMOVE_TWO","is_prod":false,"is_daily":false,"chose_seed":false,"campfire_upgraded":5,"win_rate":0,"timestamp":1550398221,"path_taken":["M","$","M","?","?","E","R","E","T","M","R","E","?","M","R","BOSS","M","M","?","?","M","R","E","?","T","M","M","M","M","E","R","BOSS","M","?","M","?","M","E","?","M","T","?","$","?","E","$","R","BOSS","BOSS","R","$","E","BOSS"],"build_version":"2019-02-06","purchased_purges":2,"victory":true,"max_hp_per_floor":[64,64,64,64,64,64,64,64,64,64,64,64,64,64,64,64,64,64,64,64,64,64,64,71,71,71,71,71,71,71,71,71,71,71,71,71,71,71,71,71,71,71,71,67,67,67,67,67,67,67,67,67,67,67,67,67],"card_choices":[{"not_picked":["Conserve Battery","Rebound"],"picked":"Ball Lightning","floor":1.0},{"not_picked":["Rip and Tear","Sunder"],"picked":"Conserve Battery","floor":3.0},{"not_picked":["Gash","Storm"],"picked":"Static Discharge","floor":6.0},{"not_picked":["Hologram","Gash"],"picked":"Echo Form","floor":8.0},{"not_picked":["Sweeping Beam","Leap","Beam Cell"],"picked":"SKIP","floor":10.0},{"not_picked":["Conserve Battery","Hyperbeam"],"picked":"Reinforced Body","floor":12.0},{"not_picked":["Streamline","Stack"],"picked":"Coolheaded","floor":14.0},{"not_picked":["Seek","Rainbow"],"picked":"Electrodynamics","floor":16.0},{"not_picked":["Consume","Coolheaded"],"picked":"Loop+1","floor":18.0},{"not_picked":["Compile Driver","Ball Lightning","Lockon+1"],"picked":"SKIP","floor":19.0},{"not_picked":["Ball Lightning","Reprogram"],"picked":"Defragment+1","floor":21.0},{"not_picked":["Gash+1","Rebound+1"],"picked":"Coolheaded","floor":22.0},{"not_picked":["Reprogram","Force Field"],"picked":"White Noise","floor":24.0},{"not_picked":["Aggregate+1","Gash","Hologram"],"picked":"SKIP","floor":27.0},{"not_picked":["Double Energy","FTL"],"picked":"Turbo","floor":28.0},{"not_picked":["Coolheaded","Melter"],"picked":"Defragment","floor":29.0},{"not_picked":["Gash+1","Static Discharge"],"picked":"Loop","floor":30.0},{"not_picked":["Recycle","Stack","Chaos"],"picked":"SKIP","floor":31.0},{"not_picked":["All For One","Fission"],"picked":"Biased Cognition","floor":33.0},{"not_picked":["Go for the Eyes","Recycle","Blizzard"],"picked":"SKIP","floor":35.0},{"not_picked":["BootSequence","Tempest"],"picked":"Core Surge","floor":37.0},{"not_picked":["Rebound+1","Steam Power","Gash"],"picked":"SKIP","floor":39.0},{"not_picked":["Auto Shields","White Noise","Barrage"],"picked":"SKIP","floor":40.0},{"not_picked":["Genetic Algorithm","Coolheaded"],"picked":"Defragment","floor":42.0},{"not_picked":["Sweeping Beam","Coolheaded"],"picked":"Amplify","floor":47.0},{"not_picked":["Chaos","Cold Snap"],"picked":"Buffer","floor":55}],"player_experience":1189645,"relics_obtained":[{"floor":5.0,"key":"Bag of Marbles"},{"floor":6.0,"key":"Pantograph"},{"floor":8.0,"key":"Anchor"},{"floor":9.0,"key":"Meat on the Bone"},{"floor":12.0,"key":"Emotion Chip"},{"floor":24.0,"key":"Strawberry"},{"floor":31.0,"key":"Bag of Preparation"},{"floor":36.0,"key":"Unceasing Top"},{"floor":38.0,"key":"Potion Belt"},{"floor":40.0,"key":"Tiny Chest"},{"floor":41.0,"key":"Centennial Puzzle"},{"floor":43.0,"key":"Bronze Scales"},{"floor":47.0,"key":"Sundial"},{"floor":55,"key":"Orichalcum"}],"event_choices":[{"cards_removed":["Strike_B"],"damage_healed":0.0,"max_hp_gain":0.0,"max_hp_loss":0.0,"gold_gain":0.0,"event_name":"Golden Wing","player_choice":"Card Removal","floor":4.0,"gold_loss":0.0,"damage_taken":7.0},{"damage_healed":0.0,"max_hp_gain":0.0,"max_hp_loss":0.0,"gold_gain":0.0,"event_name":"Wheel of Change","player_choice":"Cursed","floor":20.0,"gold_loss":0.0,"damage_taken":0.0,"cards_obtained":["Decay"]},{"damage_healed":0.0,"max_hp_gain":0.0,"max_hp_loss":0.0,"gold_gain":50.0,"event_name":"Nest","player_choice":"Stole From Cult","floor":25.0,"gold_loss":0.0,"damage_taken":0.0},{"damage_healed":0.0,"max_hp_gain":0.0,"max_hp_loss":0.0,"gold_gain":0.0,"event_name":"MindBloom","player_choice":"Fight","floor":36.0,"gold_loss":0.0,"damage_taken":0.0},{"damage_healed":0.0,"max_hp_gain":0.0,"max_hp_loss":4.0,"gold_gain":0.0,"event_name":"Winding Halls","player_choice":"Max HP","floor":44.0,"gold_loss":0.0,"damage_taken":0.0},{"damage_healed":0.0,"max_hp_gain":0.0,"max_hp_loss":0.0,"gold_gain":0.0,"event_name":"Duplicator","player_choice":"Copied","floor":46.0,"gold_loss":0.0,"damage_taken":0.0,"cards_obtained":["Biased Cognition"]}],"is_beta":true,"boss_relics":[{"not_picked":["Sozu","Runic Pyramid"],"picked":"Velvet Choker"},{"not_picked":["FrozenCore","Cursed Key"],"picked":"Nuclear Battery"}],"items_purged_floors":[13,45],"is_endless":false,"potions_floor_spawned":[3,6,10,12,22,24,27,29,30,35,37,39,42,55],"ascension_level":20}