{"gold_per_floor":[212,228,228,124,141,141,200,226,226,226,241,275,290,319,319,390,390,406,417,432,295,295,295,328,328,397,429,429,439,453,33,33,107,107,126,137,153,91,22,22,22,22,22,51,51,65,82,82,82,82,82,82,82,36,71,71],"floor_reached":57,"playtime":3149,"items_purged":["Strike_B","Strike_B"],"score":2655,"play_id":"e991ee3c-9733-4e0d-be6c-7567a43aa760","local_time":"20190226025714","is_ascension_mode":true,"campfire_choices":[{"data":"Sunder","floor":6.0,"key":"SMITH"},{"floor":10.0,"key":"REST"},{"data":"Zap","floor":15.0,"key":"SMITH"},{"data":"Chill","floor":23.0,"key":"SMITH"},{"floor":25.0,"key":"REST"},{"floor":32.0,"key":"REST"},{"data":"Capacitor","floor":40.0,"key":"SMITH"},{"data":"Blizzard","floor":42.0,"key":"SMITH"},{"floor":49.0,"key":"RECALL"},{"data":"Apotheosis","floor":53.0,"key":"SMITH"}],"neow_cost":"NONE","seed_source_timestamp":2468331301286608,"circlet_count":0,"master_deck":["AscendersBane","Strike_B","Strike_B","Defend_B","Defend_B","Defend_B","Defend_B","Zap+1","Chill+1","Sunder+1","Cold Snap","Cold Snap","Recycle","Coolheaded","Ball Lightning","Hologram","Echo Form","Blizzard+1","Capacitor+1","Undo","Electrodynamics","Undo","Biased Cognition+1","Go for the Eyes+1","Defragment+1","Consume+1","Defragment+1","Undo","Coolheaded","Apotheosis+1","Secret Technique"],"special_seed":0,"relics":["Cracked Core","Mercury Hourglass","Calipers","Lantern","Potion Belt","Omamori","Oddly Smooth Stone","Cursed Key","Bottled Tornado","Meat on the Bone","The Courier","Frozen Egg 2","Kunai","Eternal Feather","Incense Burner","Bag of Marbles"],"potions_floor_usage":[56,56,56,56],"damage_taken":[{"damage":1.0,"enemies":"Cultist","floor":1.0,"turns":3.0},{"damage":0.0,"enemies":"Small Slimes","floor":2.0,"turns":3.0},{"damage":0.0,"enemies":"2 Louse","floor":5.0,"turns":2.0},{"damage":12.0,"enemies":"3 Sentries","floor":7.0,"turns":5.0},{"damage":3.0,"enemies":"Lagavulin","floor":8.0,"turns":7.0},{"damage":0.0,"enemies":"Exordium Wildlife","floor":11.0,"turns":3.0},{"damage":4.0,"enemies":"Gremlin Nob","floor":12.0,"turns":3.0},{"damage":0.0,"enemies":"Red Slaver","floor":13.0,"turns":3.0},{"damage":5.0,"enemies":"3 Sentries","floor":14.0,"turns":4.0},{"damage":12.0,"enemies":"The Guardian","floor":16.0,"turns":13.0},{"damage":11.0,"enemies":"Shell Parasite","floor":18.0,"turns":5.0},{"damage":2.0,"enemies":"Spheric Guardian","floor":19.0,"turns":4.0},{"damage":19.0,"enemies":"Centurion and Healer","floor":20.0,"turns":8.0},{"damage":33.0,"enemies":"Slavers","floor":24.0,"turns":4.0},{"damage":22.0,"enemies":"Book of Stabbing","floor":27.0,"turns":4.0},{"damage":7.0,"enemies":"Shelled Parasite and Fungi","floor":29.0,"turns":4.0},{"damage":10.0,"enemies":"Snecko","floor":30.0,"turns":3.0},{"damage":11.0,"enemies":"Automaton","floor":33.0,"turns":12.0},{"damage":3.0,"enemies":"Orb Walker","floor":35.0,"turns":5.0},{"damage":0.0,"enemies":"3 Shapes","floor":36.0,"turns":3.0},{"damage":14.0,"enemies":"Transient","floor":37.0,"turns":6.0},{"damage":11.0,"enemies":"Nemesis","floor":44.0,"turns":11.0},{"damage":3.0,"enemies":"3 Darklings","floor":46.0,"turns":4.0},{"damage":0.0,"enemies":"Spire Growth","floor":47.0,"turns":6.0},{"damage":20.0,"enemies":"Awakened One","floor":50.0,"turns":18.0},{"damage":14.0,"enemies":"Donu and Deca","floor":51.0,"turns":12.0},{"damage":0,"enemies":"Shield and Spear","floor":55,"turns":18},{"damage":31,"enemies":"The Heart","floor":56,"turns":12}],"seed_played":"6368705284917538297","potions_obtained":[{"floor":7.0,"key":"FocusPotion"},{"floor":8.0,"key":"SteroidPotion"},{"floor":12.0,"key":"EssenceOfSteel"},{"floor":13.0,"key":"Dexterity Potion"},{"floor":14.0,"key":"Explosive Potion"},{"floor":18.0,"key":"Regen Potion"},{"floor":27.0,"key":"Weak Potion"},{"floor":29.0,"key":"Strength Potion"},{"floor":35.0,"key":"Explosive Potion"},{"floor":37.0,"key":"Energy Potion"},{"floor":47.0,"key":"SkillPotion"}],"is_trial":false,"path_per_floor":["M","M","?","$","M","R","?","E","T","R","M","E","M","E","R","B",null,"M","M","M","$","?","R","E","R","T","E","T","M","M","$","R","B",null,"M","M","M","$","$","R","?","R","T","E","?","M","M","?","R","B","B",null,"R","$","E","B",null],"character_chosen":"DEFECT","items_purchased":["Cold Snap","Capacitor","Frozen Egg 2","Kunai","Defragment+1","Ancient Potion","Weak Potion"],"campfire_rested":3,"item_purchase_floors":[4,21,31,31,38,39,54],"current_hp_per_floor":[63,63,37,37,37,37,25,22,22,43,43,39,39,34,34,22,59,48,46,42,42,42,42,9,30,30,8,8,13,15,15,36,37,63,60,60,46,46,46,61,61,71,71,60,60,57,57,47,65,45,43,64,71,71,71,40],"gold":71,"neow_bonus":"HUNDRED_GOLD","is_prod":false,"is_daily":false,"chose_seed":false,"campfire_upgraded":6,"win_rate":0,"timestamp":1551178634,"path_taken":["M","M","?","$","M","R","?","E","T","R","M","E","M","E","R","BOSS","M","M","M","$","?","R","E","R","T","E","?","?","M","?","R","BOSS","M","?","M","$","?","R","?","R","T","E","?","?","M","?","R","BOSS","BOSS","R","$","E","BOSS"],"build_version":"2019-02-06","purchased_purges":2,"victory":true,"max_hp_per_floor":[71,71,71,71,71,71,71,71,71,71,71,71,71,71,71,71,71,71,71,71,71,71,71,71,71,71,71,71,71,71,71,71,71,71,71,71,71,71,71,71,71,71,71,71,71,71,71,71,71,71,71,71,71,71,71,71],"card_choices":[{"not_picked":["Steam","Turbo"],"picked":"Chill","floor":1.0},{"not_picked":["Go for the Eyes","Hologram"],"picked":"Sunder","floor":2.0},{"not_picked":["Aggregate","Streamline"],"picked":"Cold Snap","floor":5.0},{"not_picked":["Turbo","Gash"],"picked":"Recycle","floor":7.0},{"not_picked":["Barrage","FTL"],"picked":"Coolheaded","floor":8.0},{"not_picked":["Turbo","Cold Snap","Chaos"],"picked":"SKIP","floor":11.0},{"not_picked":["Lockon","Darkness"],"picked":"Ball Lightning","floor":12.0},{"not_picked":["Stack","Reboot"],"picked":"Ball Lightning","floor":13.0},{"not_picked":["Beam Cell","Coolheaded"],"picked":"Hologram","floor":14.0},{"not_picked":["Creative AI","Meteor Strike"],"picked":"Echo Form","floor":16.0},{"not_picked":["Beam Cell","Sunder","Steam"],"picked":"SKIP","floor":18.0},{"not_picked":["Stack","Hologram","Sweeping Beam"],"picked":"SKIP","floor":19.0},{"not_picked":["Streamline","Gash"],"picked":"Blizzard","floor":20.0},{"not_picked":["Beam Cell","Streamline","Stack"],"picked":"SKIP","floor":24.0},{"not_picked":["Beam Cell","Conserve Battery"],"picked":"Electrodynamics","floor":27.0},{"not_picked":["Chaos","Gash"],"picked":"Undo","floor":29.0},{"not_picked":["Force Field","Rebound","Ball Lightning"],"picked":"SKIP","floor":30.0},{"not_picked":["Multi-Cast","Rainbow"],"picked":"Biased Cognition+1","floor":33.0},{"not_picked":["Ball Lightning","Leap","Storm+1"],"picked":"SKIP","floor":35.0},{"not_picked":["Steam Power","Ball Lightning","Reprogram"],"picked":"SKIP","floor":36.0},{"not_picked":["Sweeping Beam","Storm+1"],"picked":"Go for the Eyes+1","floor":37.0},{"not_picked":["Auto Shields","Sunder"],"picked":"Consume+1","floor":44.0},{"not_picked":["Undo","Redo","Turbo"],"picked":"SKIP","floor":46.0},{"not_picked":["Redo","Turbo"],"picked":"Undo","floor":46.0},{"not_picked":["Machine Learning+1","Streamline"],"picked":"Coolheaded","floor":47.0},{"not_picked":["Impatience","Panache+1"],"picked":"Apotheosis","floor":48.0},{"not_picked":["Jack Of All Trades","Flash of Steel"],"picked":"Secret Technique","floor":48.0},{"not_picked":["Cold Snap","Leap","Static Discharge+1"],"picked":"SKIP","floor":55}],"player_experience":1255675,"relics_obtained":[{"floor":7.0,"key":"Calipers"},{"floor":8.0,"key":"Lantern"},{"floor":9.0,"key":"Potion Belt"},{"floor":12.0,"key":"Omamori"},{"floor":14.0,"key":"Oddly Smooth Stone"},{"floor":24.0,"key":"Bottled Tornado"},{"floor":27.0,"key":"Meat on the Bone"},{"floor":28.0,"key":"The Courier"},{"floor":44.0,"key":"Incense Burner"},{"floor":55,"key":"Bag of Marbles"}],"event_choices":[{"damage_healed":0.0,"max_hp_gain":0.0,"max_hp_loss":0.0,"gold_gain":0.0,"event_name":"Scrap Ooze","player_choice":"Success","floor":3.0,"gold_loss":0.0,"damage_taken":26.0,"relics_obtained":["Mercury Hourglass"]},{"damage_healed":0.0,"max_hp_gain":0.0,"max_hp_loss":0.0,"gold_gain":0.0,"event_name":"Dead Adventurer","player_choice":"Searched \u00272\u0027 times","floor":7.0,"gold_loss":0.0,"damage_taken":0.0},{"damage_healed":0.0,"max_hp_gain":0.0,"max_hp_loss":0.0,"gold_gain":0.0,"event_name":"The Library","player_choice":"Read","floor":22.0,"gold_loss":0.0,"damage_taken":0.0,"cards_obtained":["Undo"]},{"cards_removed":["Dualcast"],"damage_healed":0.0,"max_hp_gain":0.0,"max_hp_loss":0.0,"gold_gain":0.0,"event_name":"Falling","player_choice":"Removed Skill","floor":41.0,"gold_loss":0.0,"damage_taken":0.0},{"damage_healed":0.0,"max_hp_gain":0.0,"max_hp_loss":0.0,"gold_gain":0.0,"cards_transformed":["Ball Lightning"],"event_name":"Transmorgrifier","player_choice":"Transformed","floor":45.0,"gold_loss":0.0,"damage_taken":0.0,"cards_obtained":["Defragment"]},{"damage_healed":0.0,"max_hp_gain":0.0,"max_hp_loss":0.0,"gold_gain":0.0,"event_name":"SensoryStone","player_choice":"Memory 3","floor":48.0,"gold_loss":0.0,"damage_taken":10.0}],"is_beta":true,"boss_relics":[{"not_picked":["Coffee Dripper","Sozu"],"picked":"Cursed Key"},{"not_picked":["Tiny House","Pandora\u0027s Box"],"picked":"Eternal Feather"}],"items_purged_floors":[4,21],"is_endless":false,"potions_floor_spawned":[7,8,12,13,14,18,27,29,35,37,47],"ascension_level":20}