{"gold_per_floor":[211,226,226,171,171,171,202,51,51,51,83,108,125,150,162,245,257,279,308,320,347,92,92,110,141,141,141,173,173,223,234,234,305,305,315,315,315,41,141,141,171,186,210,236,256,286,286,303,303,303,303,303,303,97,123,123],"floor_reached":57,"playtime":3799,"items_purged":["Strike_B","Strike_B+1"],"score":3188,"play_id":"5deb7de5-cfbc-4902-aa74-a3cfc0b4b89b","local_time":"20190209004125","is_ascension_mode":true,"campfire_choices":[{"floor":6.0,"key":"REST"},{"data":"Double Energy","floor":10.0,"key":"SMITH"},{"data":"Defragment","floor":15.0,"key":"SMITH"},{"floor":23.0,"key":"REST"},{"data":"Defragment","floor":27.0,"key":"SMITH"},{"data":"Creative AI","floor":29.0,"key":"SMITH"},{"data":"White Noise","floor":32.0,"key":"SMITH"},{"floor":40.0,"key":"REST"},{"floor":47.0,"key":"RECALL"},{"data":"Double Energy","floor":49,"key":"SMITH"},{"data":"Static Discharge","floor":53,"key":"SMITH"}],"neow_cost":"NONE","seed_source_timestamp":1404666946512722,"circlet_count":0,"master_deck":["AscendersBane","Zap+1","Dualcast","BootSequence+1","Cold Snap+1","Double Energy+1","Defragment+1","Defragment+1","White Noise+1","Creative AI+1","Coolheaded+1","White Noise","BootSequence","Glacier","Echo Form","Double Energy+1","Static Discharge+1","All For One+1","Cold Snap+1","Meteor Strike","Undo","Coolheaded","Master of Strategy","Panacea","Barrage+1","Electrodynamics","Hologram","Turbo+1","Thunder Strike"],"special_seed":0,"relics":["Cracked Core","Dead Branch","Bottled Lightning","Bag of Preparation","MawBank","Inserter","War Paint","Art of War","Pocketwatch","Smiling Mask","Pandora\u0027s Box","Oddly Smooth Stone","Bird Faced Urn","Peace Pipe","Whetstone","Omamori","Toxic Egg 2","Sundial"],"potions_floor_usage":[56,56],"damage_taken":[{"damage":4.0,"enemies":"2 Louse","floor":1.0,"turns":3.0},{"damage":0.0,"enemies":"Jaw Worm","floor":2.0,"turns":3.0},{"damage":11.0,"enemies":"Lagavulin","floor":7.0,"turns":6.0},{"damage":26.0,"enemies":"Gremlin Nob","floor":11.0,"turns":4.0},{"damage":2.0,"enemies":"Small Slimes","floor":13.0,"turns":3.0},{"damage":0.0,"enemies":"3 Sentries","floor":14.0,"turns":4.0},{"damage":0.0,"enemies":"Slime Boss","floor":16.0,"turns":5.0},{"damage":10.0,"enemies":"Shell Parasite","floor":18.0,"turns":6.0},{"damage":15.0,"enemies":"3 Byrds","floor":19.0,"turns":5.0},{"damage":0.0,"enemies":"Cultist and Chosen","floor":21.0,"turns":6.0},{"damage":9.0,"enemies":"Shelled Parasite and Fungi","floor":24.0,"turns":6.0},{"damage":0.0,"enemies":"Slavers","floor":25.0,"turns":3.0},{"damage":3.0,"enemies":"Book of Stabbing","floor":28.0,"turns":4.0},{"damage":0.0,"enemies":"Snecko","floor":31.0,"turns":6.0},{"damage":0.0,"enemies":"Champ","floor":33.0,"turns":12.0},{"damage":0.0,"enemies":"Orb Walker","floor":35.0,"turns":3.0},{"damage":10.0,"enemies":"Mind Bloom Boss Battle","floor":39.0,"turns":6.0},{"damage":0.0,"enemies":"Nemesis","floor":41.0,"turns":9.0},{"damage":0.0,"enemies":"3 Shapes","floor":42.0,"turns":3.0},{"damage":7.0,"enemies":"Giant Head","floor":44.0,"turns":11.0},{"damage":13.0,"enemies":"3 Darklings","floor":45.0,"turns":7.0},{"damage":34.0,"enemies":"Nemesis","floor":46.0,"turns":11.0},{"damage":3,"enemies":"Transient","floor":48,"turns":6},{"damage":41,"enemies":"Time Eater","floor":50,"turns":15},{"damage":39,"enemies":"Donu and Deca","floor":51,"turns":10},{"damage":0,"enemies":"Shield and Spear","floor":55,"turns":4},{"damage":79,"enemies":"The Heart","floor":56,"turns":10}],"seed_played":"-6770200493627217528","potions_obtained":[{"floor":1.0,"key":"Block Potion"},{"floor":2.0,"key":"Ancient Potion"},{"floor":21.0,"key":"Poison Potion"},{"floor":24.0,"key":"Swift Potion"},{"floor":31.0,"key":"Fire Potion"}],"is_trial":false,"path_per_floor":["M","M","?","$","?","R","E","$","T","R","E","T","M","E","R","B",null,"M","M","?","M","$","R","M","E","T","R","E","R","?","M","R","B",null,"M","?","?","$","?","R","E","M","T","E","M","E","R","M","R","B","B",null,"R","$","E","B",null],"character_chosen":"DEFECT","items_purchased":["Cold Snap","Defragment","War Paint","SpeedPotion","Block Potion","Oddly Smooth Stone","SpeedPotion","Thunder Strike"],"campfire_rested":3,"item_purchase_floors":[4,8,22,38,38,38,54,54],"current_hp_per_floor":[60,60,60,60,39,60,49,49,49,49,23,23,21,21,21,21,59,49,34,34,34,34,55,46,46,46,46,43,43,43,43,43,43,64,64,64,54,54,44,65,71,71,71,71,71,71,71,68,68,71,71,71,71,71,71,40],"gold":123,"neow_bonus":"HUNDRED_GOLD","is_prod":false,"is_daily":false,"chose_seed":false,"campfire_upgraded":7,"win_rate":0,"timestamp":1549701685,"path_taken":["M","M","?","$","?","R","E","$","T","R","E","?","M","E","R","BOSS","M","M","?","M","$","R","M","E","T","R","E","R","?","M","R","BOSS","M","?","?","$","?","R","E","M","T","E","M","E","R","M","R","BOSS","BOSS","R","$","E","BOSS"],"build_version":"2019-02-06","purchased_purges":2,"victory":true,"max_hp_per_floor":[71,71,71,71,71,71,71,71,71,71,71,71,71,71,71,71,71,71,71,71,71,71,71,71,71,71,71,71,71,71,71,71,71,71,71,71,71,71,71,71,71,71,71,71,71,71,71,71,71,71,71,71,71,71,71,71],"card_choices":[{"not_picked":["Undo","Turbo"],"picked":"BootSequence","floor":1.0},{"not_picked":["Tempest","Chill","Leap"],"picked":"SKIP","floor":2.0},{"not_picked":["Storm","Multi-Cast"],"picked":"Double Energy","floor":7.0},{"not_picked":["Sweeping Beam","Steam"],"picked":"Defragment","floor":11.0},{"not_picked":["Go for the Eyes","Cold Snap"],"picked":"White Noise","floor":13.0},{"not_picked":["Sunder","Reboot","Gash"],"picked":"SKIP","floor":14.0},{"not_picked":["Hyperbeam","All For One"],"picked":"Creative AI","floor":16.0},{"not_picked":["Static Discharge","Sweeping Beam"],"picked":"Coolheaded","floor":18.0},{"not_picked":["Gash","Streamline","Beam Cell"],"picked":"SKIP","floor":19.0},{"not_picked":["Force Field","Lockon","Go for the Eyes"],"picked":"SKIP","floor":21.0},{"not_picked":["Turbo","Hyperbeam"],"picked":"White Noise","floor":24.0},{"not_picked":["Turbo","Darkness"],"picked":"BootSequence","floor":25.0},{"not_picked":["Leap","Redo+1"],"picked":"Glacier","floor":28.0},{"not_picked":["Beam Cell+1","Rebound","Streamline+1"],"picked":"SKIP","floor":31.0},{"not_picked":["Meteor Strike","Amplify"],"picked":"Echo Form","floor":33.0},{"not_picked":["Go for the Eyes","Tempest"],"picked":"Coolheaded","floor":35.0},{"not_picked":["Trip","PanicButton"],"picked":"Master of Strategy","floor":37.0},{"not_picked":["Madness","PanicButton"],"picked":"Panacea","floor":37.0},{"not_picked":["Leap","FTL"],"picked":"Barrage+1","floor":39.0},{"not_picked":["Hologram","Recycle"],"picked":"Electrodynamics","floor":41.0},{"not_picked":["Rebound+1","Tempest"],"picked":"Hologram","floor":42.0},{"not_picked":["Rip and Tear","Core Surge","Streamline"],"picked":"SKIP","floor":44.0},{"not_picked":["Barrage","Cold Snap","Gash"],"picked":"SKIP","floor":45.0},{"not_picked":["Go for the Eyes","Core Surge","Static Discharge+1"],"picked":"SKIP","floor":46.0},{"not_picked":["Static Discharge","Gash+1"],"picked":"Turbo+1","floor":48},{"not_picked":["Cold Snap","Redo+1","Go for the Eyes"],"picked":"SKIP","floor":55}],"player_experience":1113460,"relics_obtained":[{"floor":7.0,"key":"Dead Branch"},{"floor":9.0,"key":"Bottled Lightning"},{"floor":11.0,"key":"Bag of Preparation"},{"floor":14.0,"key":"MawBank"},{"floor":25.0,"key":"Art of War"},{"floor":26.0,"key":"Pocketwatch"},{"floor":28.0,"key":"Smiling Mask"},{"floor":39.0,"key":"Bird Faced Urn"},{"floor":41.0,"key":"Peace Pipe"},{"floor":43.0,"key":"Whetstone"},{"floor":44.0,"key":"Omamori"},{"floor":46.0,"key":"Toxic Egg 2"},{"floor":55,"key":"Sundial"}],"event_choices":[{"damage_healed":0.0,"max_hp_gain":0.0,"max_hp_loss":0.0,"gold_gain":0.0,"event_name":"Living Wall","player_choice":"Grow","floor":3.0,"gold_loss":0.0,"damage_taken":0.0,"cards_upgraded":["Zap"]},{"damage_healed":0.0,"max_hp_gain":0.0,"max_hp_loss":0.0,"gold_gain":0.0,"event_name":"Shining Light","player_choice":"Entered Light","floor":5.0,"gold_loss":0.0,"damage_taken":21.0,"cards_upgraded":["Strike_B","Cold Snap"]},{"damage_healed":0.0,"max_hp_gain":0.0,"max_hp_loss":0.0,"gold_gain":0.0,"event_name":"Back to Basics","player_choice":"Simplicity","floor":20.0,"gold_loss":0.0,"damage_taken":0.0,"cards_upgraded":["Strike_B","Strike_B","Defend_B","Defend_B","Defend_B","Defend_B"]},{"damage_healed":0.0,"max_hp_gain":0.0,"max_hp_loss":0.0,"gold_gain":50.0,"event_name":"Nest","player_choice":"Stole From Cult","floor":30.0,"gold_loss":0.0,"damage_taken":0.0},{"damage_healed":0.0,"max_hp_gain":0.0,"max_hp_loss":0.0,"gold_gain":0.0,"event_name":"Tomb of Lord Red Mask","player_choice":"Ignored","floor":36.0,"gold_loss":0.0,"damage_taken":0.0},{"damage_healed":0.0,"max_hp_gain":0.0,"max_hp_loss":0.0,"gold_gain":0.0,"event_name":"SensoryStone","player_choice":"Memory 3","floor":37.0,"gold_loss":0.0,"damage_taken":10.0},{"damage_healed":0.0,"max_hp_gain":0.0,"max_hp_loss":0.0,"gold_gain":0.0,"event_name":"MindBloom","player_choice":"Fight","floor":39.0,"gold_loss":0.0,"damage_taken":0.0}],"is_beta":true,"boss_relics":[{"not_picked":["Orrery","FrozenCore"],"picked":"Inserter"},{"not_picked":["Velvet Choker","Nuclear Battery"],"picked":"Pandora\u0027s Box"}],"items_purged_floors":[8,22],"is_endless":false,"potions_floor_spawned":[1,2,13,16,21,24,31,33,35,42,44,45],"ascension_level":20}