{"path_per_floor":["M","?","M","$","?","E","R","T","T","M","R","M","$","E","R","B",null,"M","?","M","$","?"],"character_chosen":"THE_SILENT","items_purchased":["Choke","Choke","Predator","Matryoshka"],"gold_per_floor":[109,109,123,84,84,124,124,151,178,192,192,213,94,138,138,259,259,277,277,263,4,4],"floor_reached":23,"campfire_rested":1,"playtime":1768,"current_hp_per_floor":[70,67,65,65,71,47,47,47,54,53,53,51,51,29,68,11,83,71,22,23,23,23],"items_purged":[],"gold":4,"play_id":"c95b3cd5-692e-414e-8b5d-49255c7b85fc","is_prod":false,"is_daily":false,"campfire_rituals":0,"campfire_upgraded":2,"is_hardmode":false,"path_taken":["M","?","M","$","?","E","R","?","T","M","R","M","?","E","R","BOSS","M","?","M","?","?","E"],"build_version":"2018-01-18-PROD4","purchased_purges":0,"victory":false,"master_deck":["Defend_G","Defend_G","Defend_G","Defend_G","Defend_G","Strike_G","Strike_G","Strike_G","Strike_G","Strike_G","Survivor","Neutralize","Quick Slash","Dagger Throw","Choke","Injury","Unload","Choke","Finisher","Choke","Predator","Blade Dance","Adrenaline","Prepared","Deep Breath","Dark Shackles","Bandage Up","Flash of Steel","Deep Breath","Blind","Outmaneuver"],"max_hp_per_floor":[70,70,70,70,76,76,76,76,83,83,83,83,83,83,83,83,83,83,83,83,83,83],"relics":["Ring of the Snake","Darkstone Periapt","Golden Idol","Tough Bandages","Regal Pillow","Strawberry","Mercury Hourglass","Question Card","Matryoshka"],"campfire_meditates":0,"card_choices":[{"not_picked":["Poisoned Stab","Acrobatics"],"picked":"Quick Slash"},{"not_picked":["Malaise","Dodge and Roll"],"picked":"Dagger Throw"},{"not_picked":["Poisoned Stab","Riddle With Holes"],"picked":"Unload"},{"not_picked":["Poisoned Stab","Predator"],"picked":"Choke"},{"not_picked":["PiercingWail","Caltrops"],"picked":"Finisher"},{"not_picked":["Malaise","Backflip"],"picked":"Blade Dance"},{"not_picked":["Glass Knife","Envenom"],"picked":"Adrenaline"},{"not_picked":["Riddle With Holes","Poisoned Stab","Acrobatics"],"picked":"Prepared"},{"not_picked":["Malaise","Backflip","PiercingWail"],"picked":"Outmaneuver"}],"player_experience":21101,"potions_floor_usage":[6,16],"damage_taken":[{"damage":0,"enemies":"2 Louse","floor":1,"turns":3},{"damage":2,"enemies":"Blue Slaver","floor":3,"turns":4},{"damage":24,"enemies":"3 Sentries","floor":6,"turns":9},{"damage":1,"enemies":"Jaw Worm","floor":10,"turns":3},{"damage":2,"enemies":"Exordium Wildlife","floor":12,"turns":3},{"damage":22,"enemies":"Gremlin Nob","floor":14,"turns":4},{"damage":57,"enemies":"The Guardian","floor":16,"turns":9},{"damage":12,"enemies":"Chosen","floor":18,"turns":4},{"damage":3,"enemies":"2 Thieves","floor":20,"turns":4},{"damage":28,"enemies":"Gremlin Leader","floor":23,"turns":4}],"event_choices":[{"event_name":"Scrap Ooze","player_choice":"success","floor":2,"damage_taken":3},{"event_name":"Golden Idol","player_choice":"Take Wound","floor":5,"damage_taken":0},{"event_name":"Knowing Skull","player_choice":"CARD CARD CARD CARD CARD CARD ","floor":19,"damage_taken":0},{"event_name":"Back to Basics","player_choice":"Simplicity","floor":22,"damage_taken":0}],"boss_relics":[{"not_picked":["White Beast Statue","Runic Pyramid"],"picked":"Question Card"}],"potions_floor_spawned":[3,12,16],"seed_played":"-1949872527543521450","killed_by":"Gremlin Leader","is_trial":false}