{"gold_per_floor":[119,119,131,148,39,67,67,67,67,86,98,98,130,144,144,243,243,258,62,80,80,93,126,41,41,41,41,51,51,86,110,110,207,207,223,31,45,60,74,74,89,122,122,122,149,165,165,195,195,195],"floor_reached":51,"playtime":3077,"items_purged":["Defend_R"],"score":837,"play_id":"3353711f-96a3-492d-a87c-7f33ea838784","local_time":"20190422143603","is_ascension_mode":false,"campfire_choices":[{"data":"Bash","floor":8,"key":"SMITH"},{"data":"Clothesline","floor":15,"key":"SMITH"},{"data":"Perfected Strike","floor":27,"key":"SMITH"},{"data":"Disarm","floor":29,"key":"SMITH"},{"data":"Armaments","floor":32,"key":"SMITH"},{"data":"J.A.X.","floor":40,"key":"SMITH"},{"data":"Offering","floor":44,"key":"SMITH"},{"data":"Disarm","floor":49,"key":"SMITH"}],"neow_cost":"NONE","seed_source_timestamp":875440483193100,"circlet_count":0,"master_deck":["Strike_R","Strike_R","Strike_R","Strike_R","Defend_R","Defend_R","Defend_R","Bash+1","Intimidate","Offering+1","Anger","Iron Wave","Perfected Strike+1","Spot Weakness","Power Through","Inflame","Metallicize","Headbutt","Clothesline+1","Offering","Cleave","Disarm+1","Armaments+1","Dual Wield+1","Flex+1","Shrug It Off","J.A.X.+1","Metallicize+1","Armaments+1","Reaper","Shrug It Off+1","Disarm+1","Shrug It Off+1","Disarm+1","Headbutt+1"],"relics":["Burning Blood","StoneCalendar","Matryoshka","Mango","Velvet Choker","Pocketwatch","Anchor","Paper Frog","Frozen Egg 2","Bag of Preparation","Dream Catcher","Singing Bowl","Ancient Tea Set","Runic Dome","DollysMirror","Red Skull","Sundial","Vajra","Mummified Hand"],"potions_floor_usage":[6,13,18,23,33,38,45],"damage_taken":[{"damage":10,"enemies":"Small Slimes","floor":1,"turns":4},{"damage":0,"enemies":"Cultist","floor":3,"turns":4},{"damage":8,"enemies":"Jaw Worm","floor":4,"turns":4},{"damage":20,"enemies":"3 Sentries","floor":6,"turns":7},{"damage":15,"enemies":"Exordium Thugs","floor":10,"turns":4},{"damage":17,"enemies":"Large Slime","floor":11,"turns":5},{"damage":18,"enemies":"Gremlin Nob","floor":13,"turns":4},{"damage":5,"enemies":"2 Fungi Beasts","floor":14,"turns":3},{"damage":28,"enemies":"The Guardian","floor":16,"turns":8},{"damage":16,"enemies":"2 Thieves","floor":18,"turns":3},{"damage":6,"enemies":"Spheric Guardian","floor":20,"turns":3},{"damage":20,"enemies":"Cultist and Chosen","floor":22,"turns":7},{"damage":23,"enemies":"Slavers","floor":23,"turns":4},{"damage":0,"enemies":"Centurion and Healer","floor":28,"turns":5},{"damage":9,"enemies":"Gremlin Leader","floor":30,"turns":3},{"damage":23,"enemies":"Champ","floor":33,"turns":10},{"damage":6,"enemies":"3 Shapes","floor":35,"turns":7},{"damage":0,"enemies":"Orb Walker","floor":37,"turns":3},{"damage":15,"enemies":"Transient","floor":38,"turns":5},{"damage":6,"enemies":"Sphere and 2 Shapes","floor":39,"turns":7},{"damage":14,"enemies":"Jaw Worm Horde","floor":41,"turns":7},{"damage":84,"enemies":"Nemesis","floor":42,"turns":11},{"damage":28,"enemies":"Reptomancer","floor":45,"turns":8},{"damage":6,"enemies":"4 Shapes","floor":46,"turns":8},{"damage":49,"enemies":"Giant Head","floor":48,"turns":8},{"damage":27,"enemies":"Time Eater","floor":50,"turns":16}],"seed_played":"961010818677506124","potions_obtained":[{"floor":0,"key":"Ancient Potion"},{"floor":0,"key":"EssenceOfSteel"},{"floor":0,"key":"BloodPotion"},{"floor":1,"key":"Explosive Potion"},{"floor":11,"key":"SteroidPotion"},{"floor":13,"key":"FearPotion"},{"floor":18,"key":"SkillPotion"},{"floor":28,"key":"Explosive Potion"},{"floor":37,"key":"SkillPotion"},{"floor":39,"key":"Regen Potion"},{"floor":42,"key":"Fire Potion"},{"floor":46,"key":"Ancient Potion"}],"is_trial":false,"path_per_floor":["M","?","M","M","$","E","?","R","T","M","M","?","E","M","R","B",null,"M","$","M","?","M","E","?","?","T","R","M","R","E","T","R","B",null,"M","$","M","M","M","R","M","E","T","R","E","M","?","E","R","B",null],"character_chosen":"IRONCLAD","items_purchased":["Spot Weakness","Power Through","Disarm","Armaments","DollysMirror"],"campfire_rested":0,"item_purchase_floors":[5,5,19,19,36],"current_hp_per_floor":[76,76,80,78,78,64,64,64,64,55,44,44,54,55,55,33,94,84,84,84,84,70,53,53,53,53,53,59,59,56,56,56,39,94,94,94,96,87,87,87,91,49,49,49,100,102,102,90,90,104],"gold":195,"neow_bonus":"THREE_SMALL_POTIONS","is_prod":false,"is_daily":false,"chose_seed":false,"campfire_upgraded":8,"win_rate":1,"timestamp":1555968963,"path_taken":["M","?","M","M","?","E","?","R","T","?","M","?","E","M","R","BOSS","M","$","M","?","M","E","?","?","T","R","M","R","E","?","R","BOSS","M","$","M","M","?","R","M","E","T","R","E","M","?","E","R","BOSS"],"build_version":"2019-01-23","purchased_purges":1,"victory":true,"max_hp_per_floor":[80,80,80,80,80,80,80,80,80,80,80,80,94,94,94,94,94,94,94,94,94,94,94,94,94,94,94,94,94,94,94,94,94,94,94,94,96,96,96,96,96,98,98,98,100,102,102,104,104,104],"card_choices":[{"not_picked":["Heavy Blade","Sentinel"],"picked":"Intimidate","floor":1},{"not_picked":["Havoc","Sentinel"],"picked":"Iron Wave","floor":3},{"not_picked":["Shrug It Off","Warcry"],"picked":"Perfected Strike","floor":4},{"not_picked":["Body Slam","Dropkick","Iron Wave"],"picked":"SKIP","floor":6},{"not_picked":["Clash","Perfected Strike"],"picked":"Inflame","floor":10},{"not_picked":["Wild Strike","Ghostly Armor"],"picked":"Metallicize","floor":11},{"not_picked":["Offering","Uppercut"],"picked":"Headbutt","floor":13},{"not_picked":["Flex","Shrug It Off"],"picked":"Clothesline","floor":14},{"not_picked":["Brutality","Berserk"],"picked":"Offering","floor":16},{"not_picked":["Clash","Flex"],"picked":"Cleave","floor":18},{"not_picked":["Heavy Blade","Pummel"],"picked":"Dual Wield+1","floor":20},{"not_picked":["Heavy Blade","Pommel Strike"],"picked":"Flex+1","floor":22},{"not_picked":["Fiend Fire","Pommel Strike"],"picked":"Shrug It Off","floor":23},{"not_picked":["Anger","Rampage"],"picked":"Metallicize+1","floor":28},{"not_picked":["Havoc","Brutality+1"],"picked":"Armaments+1","floor":30},{"not_picked":["Exhume","Double Tap"],"picked":"Reaper","floor":33},{"not_picked":["Twin Strike+1","True Grit+1"],"picked":"Shrug It Off+1","floor":35},{"not_picked":["Heavy Blade+1","Thunderclap+1","True Grit"],"picked":"Singing Bowl","floor":37},{"not_picked":["Bloodletting+1","Dual Wield"],"picked":"Shrug It Off+1","floor":38},{"not_picked":["Cleave+1","Heavy Blade+1"],"picked":"Disarm","floor":39},{"not_picked":["Dropkick+1","Thunderclap"],"picked":"Headbutt+1","floor":41},{"not_picked":["Dual Wield+1","Cleave+1","Iron Wave+1"],"picked":"Singing Bowl","floor":42},{"not_picked":["Blood for Blood+1","Dropkick+1","Perfected Strike"],"picked":"Singing Bowl","floor":45},{"not_picked":["Armaments","Rampage","Clash"],"picked":"Singing Bowl","floor":46},{"not_picked":["Rage","Anger+1","True Grit"],"picked":"Singing Bowl","floor":48}],"player_experience":504720,"relics_obtained":[{"floor":6,"key":"StoneCalendar"},{"floor":9,"key":"Matryoshka"},{"floor":13,"key":"Mango"},{"floor":23,"key":"Anchor"},{"floor":26,"key":"Frozen Egg 2"},{"floor":26,"key":"Bag of Preparation"},{"floor":30,"key":"Dream Catcher"},{"floor":31,"key":"Singing Bowl"},{"floor":31,"key":"Ancient Tea Set"},{"floor":42,"key":"Red Skull"},{"floor":43,"key":"Sundial"},{"floor":45,"key":"Vajra"},{"floor":48,"key":"Mummified Hand"}],"event_choices":[{"damage_healed":0,"gold_gain":0,"player_choice":"2 cards matched","damage_taken":0,"max_hp_gain":0,"max_hp_loss":0,"event_name":"Match and Keep!","floor":2,"gold_loss":0,"cards_obtained":["Offering","Anger"]},{"damage_healed":0,"gold_gain":0,"player_choice":"2 cards matched","damage_taken":0,"max_hp_gain":0,"max_hp_loss":0,"event_name":"Match and Keep!","floor":2,"gold_loss":0,"cards_obtained":["Offering","Anger"]},{"damage_healed":0,"gold_gain":0,"player_choice":"Bought 0 Potions","damage_taken":0,"max_hp_gain":0,"max_hp_loss":0,"event_name":"The Woman in Blue","floor":7,"gold_loss":0},{"damage_healed":0,"gold_gain":0,"player_choice":"Ignored","damage_taken":0,"max_hp_gain":0,"max_hp_loss":0,"event_name":"NoteForYourself","floor":12,"gold_loss":0},{"damage_healed":0,"gold_gain":0,"player_choice":"Opened","damage_taken":0,"relics_obtained":["Pocketwatch"],"max_hp_gain":0,"max_hp_loss":0,"event_name":"The Mausoleum","floor":21,"gold_loss":0},{"damage_healed":0,"gold_gain":0,"player_choice":"Obtained Relic","damage_taken":0,"relics_obtained":["Paper Frog"],"max_hp_gain":0,"max_hp_loss":0,"event_name":"Addict","floor":24,"gold_loss":85},{"damage_healed":0,"gold_gain":0,"player_choice":"Obtain J.A.X.","damage_taken":0,"max_hp_gain":0,"max_hp_loss":0,"event_name":"Drug Dealer","floor":25,"gold_loss":0,"cards_obtained":["J.A.X."]},{"cards_removed":["Strike_R"],"damage_healed":0,"gold_gain":0,"player_choice":"Removed Attack","damage_taken":0,"max_hp_gain":0,"max_hp_loss":0,"event_name":"Falling","floor":47,"gold_loss":0}],"is_beta":false,"boss_relics":[{"not_picked":["Black Star","Ectoplasm"],"picked":"Velvet Choker"},{"not_picked":["Lizard Tail","Eternal Feather"],"picked":"Runic Dome"}],"items_purged_floors":[19],"is_endless":false,"potions_floor_spawned":[1,11,13,16,18,28,37,39,42,46],"ascension_level":0}