{"gold_per_floor":[115,115,130,130,153,153,167,24,100,133,158,158,176,217,217,310,310,325,450,234,255,40,40,84,84,110,110,135,146,162,172,172,246,246,260,279,19,73,0,35,35,35,35,35,35,70,170,170,170,170,170,170,170,32,60,60],"floor_reached":57,"playtime":2756,"items_purged":["Strike_G"],"score":2912,"play_id":"2a11be63-733e-4801-92c4-3811c258789c","local_time":"20190206041317","is_ascension_mode":true,"campfire_choices":[{"data":"Deadly Poison","floor":6.0,"key":"SMITH"},{"data":"Noxious Fumes","floor":12.0,"key":"SMITH"},{"data":"Footwork","floor":15.0,"key":"SMITH"},{"floor":23.0,"key":"REST"},{"floor":27.0,"key":"REST"},{"data":"Catalyst","floor":32.0,"key":"SMITH"},{"data":"Well Laid Plans","floor":41.0,"key":"SMITH"},{"data":"Burst","floor":44.0,"key":"SMITH"},{"floor":49.0,"key":"RECALL"},{"data":"Catalyst","floor":53.0,"key":"SMITH"}],"neow_cost":"NONE","seed_source_timestamp":1199368987076749,"circlet_count":0,"master_deck":["AscendersBane","Defend_G","Defend_G","Defend_G","Defend_G","Defend_G","Strike_G","Strike_G","Strike_G","Survivor","Neutralize","Bouncing Flask","Deadly Poison+1","Backflip","Noxious Fumes+1","Footwork+1","Backflip","Catalyst+1","Malaise","PiercingWail","Footwork","Deadly Poison","Catalyst+1","PiercingWail","PiercingWail+1","Noxious Fumes","Escape Plan","Leg Sweep","Burst+1","Well Laid Plans+1","Dodge and Roll"],"special_seed":0,"relics":["Ring of the Snake","PreservedInsect","Bloody Idol","Orichalcum","Pear","Mercury Hourglass","Boot","Black Star","StoneCalendar","Letter Opener","DollysMirror","Art of War","Thread and Needle","Strawberry","Darkstone Periapt","Velvet Choker","TwistedFunnel","Nunchaku","Red Mask","Ornamental Fan","Matryoshka","Lantern","Bottled Lightning","Bag of Marbles","FossilizedHelix","Turnip","Pantograph","Bird Faced Urn"],"potions_floor_usage":[56,56],"damage_taken":[{"damage":1.0,"enemies":"Jaw Worm","floor":1.0,"turns":5.0},{"damage":1.0,"enemies":"Cultist","floor":3.0,"turns":5.0},{"damage":4.0,"enemies":"Small Slimes","floor":5.0,"turns":3.0},{"damage":14.0,"enemies":"Exordium Thugs","floor":7.0,"turns":5.0},{"damage":0.0,"enemies":"Gremlin Nob","floor":10.0,"turns":3.0},{"damage":1.0,"enemies":"Looter","floor":11.0,"turns":3.0},{"damage":4.0,"enemies":"Blue Slaver","floor":13.0,"turns":4.0},{"damage":0.0,"enemies":"Lagavulin","floor":14.0,"turns":6.0},{"damage":3.0,"enemies":"Hexaghost","floor":16.0,"turns":7.0},{"damage":8.0,"enemies":"Shell Parasite","floor":18.0,"turns":6.0},{"damage":24.0,"enemies":"Colosseum Slavers","floor":19.0,"turns":5.0},{"damage":16.0,"enemies":"Colosseum Nobs","floor":19.0,"turns":5.0},{"damage":2.0,"enemies":"Spheric Guardian","floor":21.0,"turns":4.0},{"damage":24.0,"enemies":"Slavers","floor":24.0,"turns":7.0},{"damage":4.0,"enemies":"Book of Stabbing","floor":28.0,"turns":4.0},{"damage":4.0,"enemies":"Snake Plant","floor":29.0,"turns":5.0},{"damage":10.0,"enemies":"Shelled Parasite and Fungi","floor":30.0,"turns":6.0},{"damage":12.0,"enemies":"Snecko","floor":31.0,"turns":5.0},{"damage":13.0,"enemies":"Automaton","floor":33.0,"turns":8.0},{"damage":2.0,"enemies":"3 Darklings","floor":35.0,"turns":6.0},{"damage":0.0,"enemies":"3 Shapes","floor":36.0,"turns":5.0},{"damage":30.0,"enemies":"2 Orb Walkers","floor":38.0,"turns":5.0},{"damage":0.0,"enemies":"Reptomancer","floor":40.0,"turns":6.0},{"damage":3.0,"enemies":"Nemesis","floor":46.0,"turns":5.0},{"damage":0.0,"enemies":"Mind Bloom Boss Battle","floor":47.0,"turns":4.0},{"damage":6.0,"enemies":"Donu and Deca","floor":50.0,"turns":10.0},{"damage":2.0,"enemies":"Time Eater","floor":51.0,"turns":7.0},{"damage":3.0,"enemies":"Shield and Spear","floor":55.0,"turns":5.0},{"damage":40,"enemies":"The Heart","floor":56,"turns":8}],"seed_played":"2553654753535028670","potions_obtained":[{"floor":1.0,"key":"Block Potion"},{"floor":7.0,"key":"Explosive Potion"},{"floor":11.0,"key":"Strength Potion"},{"floor":16.0,"key":"Energy Potion"},{"floor":19.0,"key":"Poison Potion"},{"floor":24.0,"key":"AttackPotion"},{"floor":29.0,"key":"Fire Potion"},{"floor":31.0,"key":"GamblersBrew"},{"floor":33.0,"key":"SpeedPotion"},{"floor":36.0,"key":"Fire Potion"},{"floor":40.0,"key":"AttackPotion"}],"is_trial":false,"path_per_floor":["M","?","M","?","M","R","M","$","T","E","M","R","M","E","R","B",null,"M","?","$","M","$","R","E","?","T","R","E","M","M","M","R","B",null,"M","M","$","?","?","E","R","?","T","R","$","E","?","?","R","B","B",null,"R","$","E","B",null],"character_chosen":"THE_SILENT","items_purchased":["Noxious Fumes","PowerPotion","Footwork","Swift Potion","DollysMirror","Well Laid Plans","TwistedFunnel","Ancient Potion","Dodge and Roll"],"campfire_rested":2,"item_purchase_floors":[8,8,20,20,22,37,37,54,54],"current_hp_per_floor":[58,58,57,57,53,53,39,39,49,49,48,48,44,44,44,41,63,55,15,15,13,13,34,10,10,15,36,44,45,40,33,33,25,64,67,72,72,47,47,52,52,52,52,52,52,54,59,59,59,53,51,68,68,68,70,35],"gold":60,"neow_bonus":"RANDOM_COMMON_RELIC","is_prod":false,"is_daily":false,"chose_seed":false,"campfire_upgraded":7,"win_rate":0,"timestamp":1549455197,"path_taken":["M","?","M","?","M","R","?","$","T","E","M","R","M","E","R","BOSS","M","?","$","M","$","R","E","?","T","R","E","M","M","M","R","BOSS","M","M","$","?","?","E","R","?","T","R","?","E","?","?","R","BOSS","BOSS","R","$","E","BOSS"],"build_version":"2019-01-23","purchased_purges":1,"victory":true,"max_hp_per_floor":[66,60,60,60,60,60,60,60,70,70,70,70,70,70,70,70,70,70,70,70,70,70,70,70,70,70,70,77,77,77,77,77,77,77,77,77,77,77,77,77,77,73,73,73,73,73,73,73,73,73,73,73,73,73,73,73],"card_choices":[{"not_picked":["Backstab","Prepared"],"picked":"Bouncing Flask","floor":1.0},{"not_picked":["Slice","Quick Slash"],"picked":"Deadly Poison","floor":3.0},{"not_picked":["Dodge and Roll","Sucker Punch","Dagger Throw"],"picked":"SKIP","floor":5.0},{"not_picked":["Eviscerate","Quick Slash"],"picked":"Backflip","floor":7.0},{"not_picked":["Heel Hook","Poisoned Stab"],"picked":"Footwork","floor":10.0},{"not_picked":["Cloak And Dagger","Backflip","Eviscerate"],"picked":"SKIP","floor":11.0},{"not_picked":["Blur","Dagger Spray"],"picked":"Backflip","floor":13.0},{"not_picked":["Poisoned Stab","Envenom"],"picked":"Catalyst","floor":14.0},{"not_picked":["Unload","Night Terror"],"picked":"Malaise","floor":16.0},{"not_picked":["Underhanded Strike","Predator","Slice"],"picked":"SKIP","floor":18.0},{"not_picked":["Prepared","Sucker Punch"],"picked":"PiercingWail","floor":19.0},{"not_picked":["Poisoned Stab","Choke"],"picked":"Deadly Poison","floor":21.0},{"not_picked":["Deadly Poison","Blur"],"picked":"PiercingWail","floor":24.0},{"not_picked":["Leg Sweep","Flying Knee"],"picked":"PiercingWail+1","floor":28.0},{"not_picked":["Backflip","Cloak And Dagger"],"picked":"Noxious Fumes","floor":29.0},{"not_picked":["Eviscerate","Deadly Poison"],"picked":"Escape Plan","floor":30.0},{"not_picked":["Calculated Gamble","Tactician"],"picked":"Leg Sweep","floor":31.0},{"not_picked":["Corpse Explosion","Tools of the Trade"],"picked":"Burst","floor":33.0},{"not_picked":["Deadly Poison","Acrobatics","Distraction"],"picked":"SKIP","floor":35.0},{"not_picked":["Cloak And Dagger","Skewer","Reflex"],"picked":"SKIP","floor":36.0},{"not_picked":["Blur+1","Flechettes","Noxious Fumes"],"picked":"SKIP","floor":40.0},{"not_picked":["Die Die Die","Deadly Poison","Sucker Punch"],"picked":"SKIP","floor":46.0},{"not_picked":["Masterful Stab","Dagger Throw","Outmaneuver"],"picked":"SKIP","floor":55.0}],"player_experience":1088869,"relics_obtained":[{"floor":4.0,"key":"Orichalcum"},{"floor":9.0,"key":"Pear"},{"floor":10.0,"key":"Mercury Hourglass"},{"floor":14.0,"key":"Boot"},{"floor":19.0,"key":"StoneCalendar"},{"floor":19.0,"key":"Letter Opener"},{"floor":24.0,"key":"Art of War"},{"floor":24.0,"key":"Thread and Needle"},{"floor":28.0,"key":"Strawberry"},{"floor":28.0,"key":"Darkstone Periapt"},{"floor":38.0,"key":"Nunchaku"},{"floor":40.0,"key":"Ornamental Fan"},{"floor":40.0,"key":"Matryoshka"},{"floor":43.0,"key":"Lantern"},{"floor":43.0,"key":"Bottled Lightning"},{"floor":46.0,"key":"Bag of Marbles"},{"floor":46.0,"key":"FossilizedHelix"},{"floor":47.0,"key":"Turnip"},{"floor":55.0,"key":"Pantograph"},{"floor":55.0,"key":"Bird Faced Urn"}],"event_choices":[{"damage_healed":0.0,"max_hp_gain":0.0,"max_hp_loss":6.0,"gold_gain":0.0,"event_name":"Golden Idol","player_choice":"Lose Max HP","floor":2.0,"gold_loss":0.0,"damage_taken":0.0,"relics_obtained":["Golden Idol"]},{"damage_healed":0.0,"max_hp_gain":0.0,"max_hp_loss":0.0,"gold_gain":0.0,"event_name":"Wheel of Change","player_choice":"Relic","floor":4.0,"gold_loss":0.0,"damage_taken":0.0},{"damage_healed":0.0,"max_hp_gain":0.0,"max_hp_loss":0.0,"gold_gain":0.0,"event_name":"Colosseum","player_choice":"Fight","floor":19.0,"gold_loss":0.0,"damage_taken":0.0},{"damage_healed":0.0,"max_hp_gain":0.0,"max_hp_loss":0.0,"gold_gain":0.0,"event_name":"Colosseum","player_choice":"Fought Nobs","floor":19.0,"gold_loss":0.0,"damage_taken":0.0},{"damage_healed":0.0,"max_hp_gain":0.0,"max_hp_loss":0.0,"gold_gain":0.0,"event_name":"Forgotten Altar","player_choice":"Gave Idol","floor":25.0,"relics_lost":["Golden Idol"],"gold_loss":0.0,"damage_taken":0.0,"relics_obtained":["Bloody Idol"]},{"damage_healed":0.0,"max_hp_gain":0.0,"max_hp_loss":0.0,"gold_gain":0.0,"event_name":"Mysterious Sphere","player_choice":"Fight","floor":38.0,"gold_loss":0.0,"damage_taken":0.0},{"damage_healed":0.0,"max_hp_gain":0.0,"max_hp_loss":0.0,"gold_gain":0.0,"event_name":"Tomb of Lord Red Mask","player_choice":"Paid","floor":39.0,"gold_loss":73.0,"damage_taken":0.0,"relics_obtained":["Red Mask"]},{"damage_healed":0.0,"max_hp_gain":0.0,"max_hp_loss":4.0,"gold_gain":0.0,"event_name":"Winding Halls","player_choice":"Max HP","floor":42.0,"gold_loss":0.0,"damage_taken":0.0},{"damage_healed":0.0,"max_hp_gain":0.0,"max_hp_loss":0.0,"gold_gain":0.0,"event_name":"MindBloom","player_choice":"Fight","floor":47.0,"gold_loss":0.0,"damage_taken":0.0},{"cards_removed":["Strike_G"],"damage_healed":0.0,"max_hp_gain":0.0,"max_hp_loss":0.0,"gold_gain":0.0,"event_name":"Falling","player_choice":"Removed Attack","floor":48.0,"gold_loss":0.0,"damage_taken":0.0}],"is_beta":true,"boss_relics":[{"not_picked":["Astrolabe","Tiny House"],"picked":"Black Star"},{"not_picked":["Pandora\u0027s Box","Coffee Dripper"],"picked":"Velvet Choker"}],"items_purged_floors":[20],"is_endless":false,"potions_floor_spawned":[1,7,11,13,16,19,21,24,29,31,33,36,40,47,55],"ascension_level":20}