{"gold_per_floor":[115,127,127,6,18,18,18,29,82,32,32,62,76,93,93,188,188,200,200,217,217,217,217,237,237,237,237,249,267,267,595,595,595],"floor_reached":33,"playtime":1656,"items_purged":["Strike_G","Injury"],"score":401,"play_id":"03284b90-f8ad-4dc8-be56-28427e5f2c09","local_time":"20190423120625","is_ascension_mode":true,"campfire_choices":[{"data":"Flechettes","floor":7.0,"key":"SMITH"},{"data":"Deadly Poison","floor":11.0,"key":"SMITH"},{"data":"Backflip","floor":15.0,"key":"SMITH"},{"data":"Adrenaline","floor":23.0,"key":"SMITH"},{"data":"Calculated Gamble","floor":25,"key":"SMITH"},{"data":"Adrenaline","floor":27,"key":"SMITH"},{"data":"Burst","floor":32,"key":"SMITH"}],"neow_cost":"CURSE","seed_source_timestamp":7458469043573,"circlet_count":0,"master_deck":["AscendersBane","Defend_G+1","Defend_G+1","Defend_G+1","Defend_G+1","Strike_G+1","Survivor","Neutralize","Flechettes+1","Deadly Poison+1","Backflip+1","Choke","Leg Sweep","Corpse Explosion","Dark Shackles","Calculated Gamble+1","Adrenaline+1","Adrenaline+1","PiercingWail","Backflip","Burst+1"],"special_seed":0,"relics":["Ring of the Snake","Smiling Mask","Oddly Smooth Stone","Empty Cage","Shuriken","Frozen Egg 2","Old Coin"],"potions_floor_usage":[24,31,31,33],"damage_taken":[{"damage":0.0,"enemies":"2 Louse","floor":1.0,"turns":3.0},{"damage":13.0,"enemies":"Jaw Worm","floor":2.0,"turns":7.0},{"damage":1.0,"enemies":"Cultist","floor":5.0,"turns":4.0},{"damage":1.0,"enemies":"Red Slaver","floor":8.0,"turns":3.0},{"damage":12.0,"enemies":"Lagavulin","floor":12.0,"turns":6.0},{"damage":0.0,"enemies":"3 Louse","floor":13.0,"turns":5.0},{"damage":0.0,"enemies":"Lots of Slimes","floor":14.0,"turns":2.0},{"damage":21.0,"enemies":"The Guardian","floor":16.0,"turns":13.0},{"damage":1.0,"enemies":"Shell Parasite","floor":18.0,"turns":6.0},{"damage":0.0,"enemies":"3 Byrds","floor":20.0,"turns":3.0},{"damage":1,"enemies":"Cultist and Chosen","floor":24,"turns":6},{"damage":6,"enemies":"Snake Plant","floor":28,"turns":3},{"damage":0,"enemies":"3 Cultists","floor":29,"turns":2},{"damage":9,"enemies":"Gremlin Leader","floor":31,"turns":6},{"damage":60,"enemies":"Collector","floor":33,"turns":7}],"seed_played":"-8288303580536988649","potions_obtained":[{"floor":12.0,"key":"Explosive Potion"},{"floor":13.0,"key":"Block Potion"},{"floor":14.0,"key":"Ancient Potion"},{"floor":16.0,"key":"Energy Potion"},{"floor":24,"key":"Poison Potion"}],"is_trial":false,"path_per_floor":["M","M","?","$","M","?","R","M","T","$","R","E","M","M","R","B",null,"M","?","M","?","?","R","M","R","T","R","M","M","?","E","R","B"],"character_chosen":"THE_SILENT","items_purchased":["Backflip"],"campfire_rested":0,"item_purchase_floors":[4],"current_hp_per_floor":[77,64,57,57,56,56,56,55,55,55,55,43,43,43,43,22,69,68,68,68,68,68,68,67,67,67,67,61,61,61,52,52,0],"gold":595,"neow_bonus":"TWENTY_PERCENT_HP_BONUS","is_prod":false,"is_daily":false,"chose_seed":false,"campfire_upgraded":7,"win_rate":0,"timestamp":1555988785,"path_taken":["M","M","?","$","M","?","R","M","T","$","R","E","M","?","R","BOSS","M","?","?","?","?","R","?","R","T","R","M","?","?","E","R","BOSS"],"build_version":"2019-01-23","purchased_purges":2,"victory":false,"max_hp_per_floor":[84,84,84,84,84,84,84,84,84,84,84,84,84,84,84,84,84,84,84,84,84,84,84,84,84,84,84,84,84,84,84,84,84],"card_choices":[{"not_picked":["Slice","Riddle With Holes"],"picked":"Flechettes","floor":1.0},{"not_picked":["Masterful Stab","Quick Slash"],"picked":"Deadly Poison","floor":2.0},{"not_picked":["Endless Agony","Infinite Blades","Eviscerate"],"picked":"SKIP","floor":5.0},{"not_picked":["Dodge and Roll","Outmaneuver"],"picked":"Leg Sweep","floor":8.0},{"not_picked":["Accuracy","Blade Dance","Flechettes"],"picked":"SKIP","floor":12.0},{"not_picked":["Accuracy","Blade Dance","Flechettes"],"picked":"SKIP","floor":12.0},{"not_picked":["Distraction","Outmaneuver","Skewer"],"picked":"SKIP","floor":13.0},{"not_picked":["Unload","Dagger Spray","Sucker Punch"],"picked":"SKIP","floor":14.0},{"not_picked":["Die Die Die","Adrenaline"],"picked":"Corpse Explosion","floor":16.0},{"not_picked":["All Out Attack","Outmaneuver","Dagger Spray"],"picked":"SKIP","floor":18.0},{"not_picked":["Poisoned Stab","Flying Knee","Underhanded Strike+1"],"picked":"SKIP","floor":20.0},{"not_picked":["Acrobatics","Crippling Poison"],"picked":"Adrenaline","floor":24},{"not_picked":["Quick Slash","Choke"],"picked":"PiercingWail","floor":28},{"not_picked":["Deadly Poison","Underhanded Strike"],"picked":"Backflip","floor":29},{"not_picked":["Dodge and Roll+1","Blade Dance"],"picked":"Burst","floor":31}],"player_experience":674533,"relics_obtained":[{"floor":9.0,"key":"Smiling Mask"},{"floor":12.0,"key":"Oddly Smooth Stone"},{"floor":26,"key":"Frozen Egg 2"},{"floor":31,"key":"Old Coin"}],"event_choices":[{"cards_removed":["Strike_G"],"damage_healed":0.0,"max_hp_gain":0.0,"max_hp_loss":0.0,"gold_gain":0.0,"event_name":"Golden Wing","player_choice":"Card Removal","floor":3.0,"gold_loss":0.0,"damage_taken":7.0},{"damage_healed":0.0,"max_hp_gain":0.0,"max_hp_loss":0.0,"gold_gain":0.0,"cards_transformed":["Strike_G"],"event_name":"Living Wall","player_choice":"Change","floor":6.0,"gold_loss":0.0,"damage_taken":0.0,"cards_obtained":["Choke"]},{"damage_healed":0.0,"max_hp_gain":0.0,"max_hp_loss":0.0,"gold_gain":0.0,"event_name":"Match and Keep!","player_choice":"3 cards matched","floor":19.0,"gold_loss":0.0,"damage_taken":0.0,"cards_obtained":["Dark Shackles","Calculated Gamble","Adrenaline"]},{"damage_healed":0.0,"max_hp_gain":0.0,"max_hp_loss":0.0,"gold_gain":0.0,"event_name":"The Mausoleum","player_choice":"Opened","floor":21.0,"gold_loss":0.0,"damage_taken":0.0,"relics_obtained":["Shuriken"],"cards_obtained":["Writhe"]},{"cards_removed":["Writhe"],"damage_healed":0.0,"max_hp_gain":0.0,"max_hp_loss":0.0,"gold_gain":0.0,"event_name":"Fountain of Cleansing","player_choice":"Removed Curses","floor":22.0,"gold_loss":0.0,"damage_taken":0.0},{"damage_healed":0,"gold_gain":0,"player_choice":"Simplicity","damage_taken":0,"max_hp_gain":0,"max_hp_loss":0,"event_name":"Back to Basics","floor":30,"gold_loss":0,"cards_upgraded":["Defend_G","Defend_G","Defend_G","Defend_G","Strike_G"]}],"is_beta":false,"boss_relics":[{"not_picked":["Philosopher\u0027s Stone","Black Star"],"picked":"Empty Cage"}],"items_purged_floors":[4,10],"is_endless":false,"potions_floor_spawned":[12,13,14,16,20,24],"killed_by":"Collector","ascension_level":10}