{"gold_per_floor":[114,127,142,30,180,215,215,28,28,28,42,60,60,76,76,152,152,168,168,178,16,36,36,71,12,12,12,32,43,43,58,58,134,134,151,151,167,115,165,197,223,260,295,307,334,372,384,44,44,44,44,44,44,44,70,70],"floor_reached":57,"playtime":3099,"items_purged":["Strike_G","Doubt","Strike_G","Strike_G"],"score":2899,"play_id":"5125c17d-0fa2-4602-9201-92cd958c0433","local_time":"20190227054655","is_ascension_mode":true,"campfire_choices":[{"data":"Dagger Spray","floor":7.0,"key":"SMITH"},{"data":"Well Laid Plans","floor":10.0,"key":"SMITH"},{"data":"Footwork","floor":15.0,"key":"SMITH"},{"floor":23.0,"key":"REST"},{"data":"Catalyst","floor":27.0,"key":"SMITH"},{"data":"Burst","floor":30.0,"key":"SMITH"},{"data":"Noxious Fumes","floor":32.0,"key":"SMITH"},{"floor":44,"key":"RECALL"},{"data":"Malaise","floor":49,"key":"SMITH"},{"data":"Adrenaline","floor":53,"key":"SMITH"}],"neow_cost":"NONE","seed_source_timestamp":2527295512688789,"circlet_count":0,"master_deck":["AscendersBane","Defend_G","Defend_G+1","Defend_G","Defend_G","Defend_G+1","Strike_G","Survivor","Neutralize","Dagger Spray+1","Predator","Well Laid Plans+1","Adrenaline+1","Crippling Poison+1","Footwork+1","Burst+1","Backflip","Catalyst+1","Bouncing Flask","Noxious Fumes+1","Deflect","Night Terror+1","PiercingWail","Malaise+1","Leg Sweep","PiercingWail+1","Dodge and Roll","PiercingWail","Backflip+1","Secret Technique"],"special_seed":0,"relics":["Ring of the Snake","NeowsBlessing","Regal Pillow","Runic Pyramid","Gambling Chip","Matryoshka","Philosopher\u0027s Stone","MawBank","Pantograph","Strawberry","War Paint","Centennial Puzzle","Lantern"],"potions_floor_usage":[56,56],"damage_taken":[{"damage":0.0,"enemies":"Cultist","floor":1.0,"turns":1.0},{"damage":0.0,"enemies":"Small Slimes","floor":2.0,"turns":1.0},{"damage":0.0,"enemies":"2 Louse","floor":3.0,"turns":1.0},{"damage":19.0,"enemies":"3 Sentries","floor":6.0,"turns":10.0},{"damage":6.0,"enemies":"Looter","floor":11.0,"turns":3.0},{"damage":0.0,"enemies":"Lots of Slimes","floor":12.0,"turns":1.0},{"damage":0.0,"enemies":"Gremlin Gang","floor":14.0,"turns":2.0},{"damage":12.0,"enemies":"The Guardian","floor":16.0,"turns":21.0},{"damage":2.0,"enemies":"Shell Parasite","floor":18.0,"turns":12.0},{"damage":2.0,"enemies":"Spheric Guardian","floor":20.0,"turns":9.0},{"damage":15.0,"enemies":"Snake Plant","floor":22.0,"turns":4.0},{"damage":29.0,"enemies":"Gremlin Leader","floor":24.0,"turns":7.0},{"damage":12.0,"enemies":"3 Cultists","floor":28.0,"turns":4.0},{"damage":0.0,"enemies":"Cultist and Chosen","floor":29.0,"turns":6.0},{"damage":0.0,"enemies":"Snake Plant","floor":31.0,"turns":2.0},{"damage":13.0,"enemies":"Champ","floor":33.0,"turns":9.0},{"damage":8.0,"enemies":"3 Shapes","floor":35.0,"turns":3.0},{"damage":0.0,"enemies":"3 Darklings","floor":37.0,"turns":3.0},{"damage":6,"enemies":"Giant Head","floor":40,"turns":4},{"damage":2,"enemies":"Sphere and 2 Shapes","floor":41,"turns":5},{"damage":0,"enemies":"Nemesis","floor":42,"turns":5},{"damage":11,"enemies":"Jaw Worm Horde","floor":45,"turns":5},{"damage":0,"enemies":"Giant Head","floor":46,"turns":4},{"damage":0,"enemies":"Time Eater","floor":50,"turns":5},{"damage":26,"enemies":"Awakened One","floor":51,"turns":12},{"damage":8,"enemies":"Shield and Spear","floor":55,"turns":6},{"damage":36,"enemies":"The Heart","floor":56,"turns":7}],"seed_played":"2345725137557803478","potions_obtained":[{"floor":3.0,"key":"GhostInAJar"},{"floor":14.0,"key":"Explosive Potion"},{"floor":16.0,"key":"Swift Potion"},{"floor":24.0,"key":"Explosive Potion"},{"floor":29.0,"key":"Ancient Potion"},{"floor":40,"key":"Weak Potion"},{"floor":42,"key":"Poison Potion"}],"is_trial":false,"path_per_floor":["M","M","M","$","?","E","R","$","T","R","M","M","?","M","R","B",null,"M","?","M","$","M","R","E","$","T","R","M","M","R","M","R","B",null,"M","?","M","$","?","E","M","E","T","R","M","E","?","$","R","B","B",null,"R","$","E","B",null],"character_chosen":"THE_SILENT","items_purchased":["Well Laid Plans","Adrenaline","Catalyst","Deflect","PiercingWail","Secret Technique"],"campfire_rested":1,"item_purchase_floors":[4,8,21,25,38,48],"current_hp_per_floor":[59,59,59,59,59,40,40,40,40,40,34,34,14,14,14,2,50,48,48,46,46,31,65,36,36,36,36,24,24,24,24,24,11,52,44,44,44,44,38,32,30,30,37,37,26,26,26,26,26,51,44,64,64,64,56,34],"gold":70,"neow_bonus":"THREE_ENEMY_KILL","is_prod":false,"is_daily":false,"chose_seed":false,"campfire_upgraded":8,"win_rate":0,"timestamp":1551275215,"path_taken":["M","M","?","$","?","E","R","$","T","R","M","M","?","M","R","BOSS","M","?","M","$","?","R","E","$","T","R","M","?","R","M","R","BOSS","M","?","M","$","?","E","?","E","T","R","M","E","?","?","R","BOSS","BOSS","R","$","E","BOSS"],"build_version":"2019-02-06","purchased_purges":4,"victory":true,"max_hp_per_floor":[66,66,66,66,66,66,66,66,66,66,66,66,66,66,66,66,66,66,66,66,66,66,66,66,66,66,66,66,66,66,66,66,66,66,66,63,63,63,63,63,63,63,70,70,70,70,70,70,70,70,70,70,70,70,70,70],"card_choices":[{"not_picked":["Predator","Slice"],"picked":"Dagger Spray","floor":1.0},{"not_picked":["Dagger Throw","Eviscerate","Predator"],"picked":"SKIP","floor":2.0},{"not_picked":["Dagger Throw","Eviscerate"],"picked":"Predator","floor":2.0},{"not_picked":["Prepared","Quick Slash","Dagger Spray"],"picked":"SKIP","floor":3.0},{"not_picked":["Cloak And Dagger","Acrobatics","Dagger Spray"],"picked":"SKIP","floor":6.0},{"not_picked":["Eviscerate","Outmaneuver"],"picked":"Crippling Poison","floor":11.0},{"not_picked":["Bane","Dagger Throw","All Out Attack"],"picked":"SKIP","floor":12.0},{"not_picked":["Distraction","Finisher"],"picked":"Footwork","floor":14.0},{"not_picked":["Venomology","A Thousand Cuts"],"picked":"Burst","floor":16.0},{"not_picked":["Acrobatics","Flying Knee"],"picked":"Backflip","floor":18.0},{"not_picked":["Dash+1","Expertise","Backflip"],"picked":"SKIP","floor":20.0},{"not_picked":["Backflip","Flying Knee"],"picked":"Bouncing Flask","floor":22.0},{"not_picked":["Backflip+1","Outmaneuver"],"picked":"Noxious Fumes","floor":24.0},{"not_picked":["Sucker Punch","Concentrate"],"picked":"Night Terror","floor":28.0},{"not_picked":["Bouncing Flask","Bane","Endless Agony"],"picked":"SKIP","floor":29.0},{"not_picked":["Underhanded Strike","Dagger Spray"],"picked":"PiercingWail","floor":31.0},{"not_picked":["Grand Finale","Envenom"],"picked":"Malaise","floor":33.0},{"not_picked":["Slice","Calculated Gamble"],"picked":"Leg Sweep","floor":35.0},{"not_picked":["Blade Dance","Prepared","Cloak And Dagger"],"picked":"SKIP","floor":37.0},{"not_picked":["Blur","Blade Dance","Dagger Spray"],"picked":"SKIP","floor":40},{"not_picked":["Predator","Choke","Noxious Fumes"],"picked":"SKIP","floor":41},{"not_picked":["Slice","Tactician"],"picked":"Dodge and Roll","floor":42},{"not_picked":["Endless Agony","Prepared+1"],"picked":"PiercingWail","floor":45},{"not_picked":["Phantasmal Killer","Dagger Spray"],"picked":"Backflip+1","floor":46},{"not_picked":["Blur","Poisoned Stab","Dagger Spray"],"picked":"SKIP","floor":55}],"player_experience":1273266,"relics_obtained":[{"floor":6.0,"key":"Regal Pillow"},{"floor":24.0,"key":"Gambling Chip"},{"floor":26.0,"key":"Matryoshka"},{"floor":40,"key":"MawBank"},{"floor":42,"key":"Pantograph"},{"floor":43,"key":"Strawberry"},{"floor":43,"key":"War Paint"},{"floor":46,"key":"Centennial Puzzle"},{"floor":55,"key":"Lantern"}],"event_choices":[{"damage_healed":0.0,"max_hp_gain":0.0,"max_hp_loss":0.0,"gold_gain":150.0,"event_name":"Liars Game","player_choice":"AGREE","floor":5.0,"gold_loss":0.0,"damage_taken":0.0,"cards_obtained":["Doubt"]},{"damage_healed":0.0,"max_hp_gain":0.0,"max_hp_loss":0.0,"gold_gain":0.0,"event_name":"Shining Light","player_choice":"Entered Light","floor":13.0,"gold_loss":0.0,"damage_taken":20.0,"cards_upgraded":["Crippling Poison","Defend_G"]},{"cards_removed":["Strike_G"],"damage_healed":0.0,"max_hp_gain":0.0,"max_hp_loss":0.0,"gold_gain":0.0,"event_name":"Purifier","player_choice":"Purged","floor":19.0,"gold_loss":0.0,"damage_taken":0.0},{"damage_healed":0.0,"max_hp_gain":0.0,"max_hp_loss":3.0,"gold_gain":0.0,"event_name":"Winding Halls","player_choice":"Max HP","floor":36.0,"gold_loss":0.0,"damage_taken":0.0},{"damage_healed":0,"gold_gain":50,"player_choice":"Touch","damage_taken":6,"max_hp_gain":0,"max_hp_loss":0,"event_name":"FaceTrader","floor":39,"gold_loss":0},{"damage_healed":0,"gold_gain":0,"player_choice":"Upgraded","damage_taken":0,"max_hp_gain":0,"max_hp_loss":0,"event_name":"Upgrade Shrine","floor":47,"gold_loss":0,"cards_upgraded":["Night Terror"]}],"is_beta":true,"boss_relics":[{"not_picked":["HoveringKite","Lizard Tail"],"picked":"Runic Pyramid"},{"not_picked":["Ring of the Serpent","Black Star"],"picked":"Philosopher\u0027s Stone"}],"items_purged_floors":[4,8,21,48],"is_endless":false,"potions_floor_spawned":[3,14,16,18,22,24,29,40,41,42],"ascension_level":20}