{"gold_per_floor":[365,365,382,178,103,103,3,3,3,22,22,50,50,68,68,141,141,157,207,257,269,144,144,156,156,456,482,495,495,515,525,525,601,601,621,634,684,834,848,848,864,914,994,1010,1010,349,382,82,82,82,82,82,82,44,75,75],"floor_reached":56,"playtime":2894,"items_purged":["Writhe","Strike_R","Strike_R+1","Writhe","Strike_R+1"],"score":2015,"play_id":"c7d1bff0-3ecf-4dde-88d7-c8aaf3b74407","local_time":"20190303020014","is_ascension_mode":true,"campfire_choices":[{"data":"Searing Blow","floor":6.0,"key":"SMITH"},{"data":"Searing Blow+1","floor":8.0,"key":"SMITH"},{"data":"Searing Blow+2","floor":11.0,"key":"SMITH"},{"data":"Searing Blow+3","floor":15.0,"key":"SMITH"},{"data":"Searing Blow+4","floor":23.0,"key":"SMITH"},{"data":"Searing Blow+5","floor":25.0,"key":"SMITH"},{"data":"Searing Blow+6","floor":29.0,"key":"SMITH"},{"data":"Searing Blow+7","floor":32.0,"key":"SMITH"},{"data":"Searing Blow+8","floor":40.0,"key":"SMITH"},{"data":"Searing Blow+9","floor":45.0,"key":"SMITH"},{"floor":49.0,"key":"RECALL"},{"floor":53.0,"key":"REST"}],"neow_cost":"CURSE","seed_source_timestamp":2757428916962984,"circlet_count":0,"master_deck":["AscendersBane","Strike_R+1","Defend_R+1","Defend_R+1","Defend_R+1","Defend_R+1","Bash","Armaments","Searing Blow+10","Armaments","True Grit","Offering","Headbutt","Parasite","Armaments","Warcry+1","Disarm","Disarm","Shrug It Off+1","Burning Pact","Shrug It Off","Secret Technique","Uppercut","Offering","Disarm"],"special_seed":0,"relics":["Burning Blood","Gremlin Horn","Singing Bowl","SsserpentHead","Cursed Key","Old Coin","Darkstone Periapt","Snecko Eye","Prayer Wheel","Membership Card","PreservedInsect","Red Skull","Vajra","Gambling Chip","Shuriken"],"potions_floor_usage":[56,56,56,56],"damage_taken":[{"damage":17.0,"enemies":"Small Slimes","floor":1.0,"turns":4.0},{"damage":6.0,"enemies":"Cultist","floor":3.0,"turns":3.0},{"damage":2.0,"enemies":"2 Louse","floor":10.0,"turns":3.0},{"damage":16.0,"enemies":"Lagavulin","floor":12.0,"turns":8.0},{"damage":11.0,"enemies":"Exordium Thugs","floor":14.0,"turns":5.0},{"damage":0.0,"enemies":"Slime Boss","floor":16.0,"turns":5.0},{"damage":13.0,"enemies":"Spheric Guardian","floor":18.0,"turns":4.0},{"damage":4.0,"enemies":"Chosen","floor":21.0,"turns":3.0},{"damage":7.0,"enemies":"3 Cultists","floor":24.0,"turns":5.0},{"damage":14.0,"enemies":"Slavers","floor":27.0,"turns":7.0},{"damage":0.0,"enemies":"Snecko","floor":28.0,"turns":2.0},{"damage":6.0,"enemies":"Snake Plant","floor":30.0,"turns":2.0},{"damage":15.0,"enemies":"Centurion and Healer","floor":31.0,"turns":6.0},{"damage":28.0,"enemies":"Champ","floor":33.0,"turns":15.0},{"damage":21.0,"enemies":"3 Darklings","floor":35.0,"turns":6.0},{"damage":0.0,"enemies":"Orb Walker","floor":36.0,"turns":3.0},{"damage":0.0,"enemies":"Mind Bloom Boss Battle","floor":38.0,"turns":8.0},{"damage":12.0,"enemies":"Spire Growth","floor":39.0,"turns":2.0},{"damage":6.0,"enemies":"4 Shapes","floor":41.0,"turns":5.0},{"damage":26.0,"enemies":"Jaw Worm Horde","floor":44.0,"turns":5.0},{"damage":12.0,"enemies":"Reptomancer","floor":47.0,"turns":2.0},{"damage":49.0,"enemies":"Donu and Deca","floor":50.0,"turns":7.0},{"damage":19.0,"enemies":"Awakened One","floor":51.0,"turns":23.0},{"damage":36.0,"enemies":"Shield and Spear","floor":55.0,"turns":4.0},{"damage":81,"enemies":"The Heart","floor":56,"turns":6}],"seed_played":"2687471253418292511","potions_obtained":[{"floor":2.0,"key":"AttackPotion"},{"floor":2.0,"key":"FearPotion"},{"floor":12.0,"key":"Poison Potion"},{"floor":24.0,"key":"PowerPotion"},{"floor":27.0,"key":"FearPotion"},{"floor":33.0,"key":"SkillPotion"},{"floor":35.0,"key":"Regen Potion"},{"floor":41.0,"key":"Strength Potion"},{"floor":44.0,"key":"Poison Potion"},{"floor":47.0,"key":"EntropicBrew"}],"is_trial":false,"path_per_floor":["M","?","M","$","?","R","$","R","T","M","R","E","?","M","R","B",null,"M","?","?","M","$","R","M","R","T","E","M","R","M","M","R","B",null,"M","M","?","?","M","R","M","?","T","M","R","$","E","$","R","B","B",null,"R","$","E","B"],"character_chosen":"IRONCLAD","items_purchased":["Searing Blow","Armaments","Membership Card","PreservedInsect","Shrug It Off","Red Skull","Secret Technique","SkillPotion","LiquidBronze","Offering","Gambling Chip","Dexterity Potion","Disarm"],"campfire_rested":1,"item_purchase_floors":[4,4,46,46,46,46,46,46,46,48,48,48,54],"current_hp_per_floor":[57,57,57,57,57,57,57,57,57,61,61,53,53,48,48,56,73,68,68,68,70,70,70,69,69,69,61,67,67,67,60,60,40,74,61,69,69,75,73,73,75,71,77,73,73,73,67,67,67,24,11,85,109,109,81,0],"gold":75,"neow_bonus":"TWO_FIFTY_GOLD","is_prod":false,"is_daily":false,"chose_seed":false,"campfire_upgraded":10,"win_rate":0,"timestamp":1551607214,"path_taken":["M","?","?","$","?","R","?","R","T","M","R","E","?","M","R","BOSS","M","?","?","M","$","R","M","R","T","E","M","R","M","M","R","BOSS","M","M","?","?","M","R","M","?","T","M","R","$","E","?","R","BOSS","BOSS","R","$","E","BOSS"],"build_version":"2019-02-06","purchased_purges":5,"victory":false,"max_hp_per_floor":[75,75,75,75,75,75,75,75,75,75,75,77,77,77,77,79,79,81,81,81,81,81,81,81,81,81,81,81,81,81,83,83,85,85,87,89,89,89,93,93,95,101,107,109,109,109,109,109,109,109,109,109,109,109,111,111],"card_choices":[{"not_picked":["True Grit","Iron Wave","Cleave"],"picked":"SKIP","floor":1.0},{"not_picked":["True Grit","Infernal Blade"],"picked":"Armaments","floor":3.0},{"not_picked":["Infernal Blade","Rage","Body Slam"],"picked":"SKIP","floor":10.0},{"not_picked":["Second Wind","Rage","Iron Wave"],"picked":"Singing Bowl","floor":12.0},{"not_picked":["Metallicize","Fire Breathing"],"picked":"True Grit","floor":14.0},{"not_picked":["Fiend Fire","Dark Embrace","Barricade"],"picked":"Singing Bowl","floor":16.0},{"not_picked":["Clash+1","Iron Wave","Twin Strike"],"picked":"Singing Bowl","floor":18.0},{"not_picked":["Sword Boomerang","Heavy Blade"],"picked":"Offering","floor":21.0},{"not_picked":["Anger","Warcry"],"picked":"Headbutt","floor":24.0},{"not_picked":["Perfected Strike","Iron Wave"],"picked":"Armaments","floor":27.0},{"not_picked":["Flame Barrier","Feel No Pain"],"picked":"Warcry+1","floor":28.0},{"not_picked":["Corruption","Entrench"],"picked":"Disarm","floor":30.0},{"not_picked":["True Grit","Dual Wield","Headbutt"],"picked":"Singing Bowl","floor":31.0},{"not_picked":["Immolate","Fiend Fire","Juggernaut"],"picked":"Singing Bowl","floor":33.0},{"not_picked":["Pommel Strike+1","Feel No Pain","Second Wind"],"picked":"Singing Bowl","floor":35.0},{"not_picked":["Armaments+1","Perfected Strike","Headbutt"],"picked":"Singing Bowl","floor":36.0},{"not_picked":["Clash+1","Headbutt"],"picked":"Disarm","floor":38.0},{"not_picked":["Rupture","Clothesline","Iron Wave+1"],"picked":"Singing Bowl","floor":39.0},{"not_picked":["Power Through+1","Twin Strike","Cleave"],"picked":"Singing Bowl","floor":39.0},{"not_picked":["Cleave+1","Havoc","Dark Embrace"],"picked":"Singing Bowl","floor":41.0},{"not_picked":["Sword Boomerang","Thunderclap"],"picked":"Shrug It Off+1","floor":41.0},{"not_picked":["Forethought","Violence","Good Instincts"],"picked":"Singing Bowl","floor":42.0},{"not_picked":["Purity","Jack Of All Trades","Madness"],"picked":"Singing Bowl","floor":42.0},{"not_picked":["Good Instincts","Enlightenment","Mayhem"],"picked":"Singing Bowl","floor":42.0},{"not_picked":["Flex+1","Wild Strike","Heavy Blade"],"picked":"Singing Bowl","floor":44.0},{"not_picked":["Second Wind+1","Feel No Pain"],"picked":"Burning Pact","floor":44.0},{"not_picked":["Flex","Spot Weakness+1"],"picked":"Uppercut","floor":47.0},{"not_picked":["Perfected Strike+1","Flame Barrier","Thunderclap"],"picked":"Singing Bowl","floor":55.0}],"player_experience":1296306,"relics_obtained":[{"floor":9.0,"key":"Gremlin Horn"},{"floor":12.0,"key":"Singing Bowl"},{"floor":26.0,"key":"Old Coin"},{"floor":27.0,"key":"Darkstone Periapt"},{"floor":38.0,"key":"Prayer Wheel"},{"floor":47.0,"key":"Vajra"},{"floor":55.0,"key":"Shuriken"}],"event_choices":[{"damage_healed":0.0,"max_hp_gain":0.0,"max_hp_loss":0.0,"gold_gain":0.0,"event_name":"Lab","player_choice":"Got Potions","floor":2.0,"gold_loss":0.0,"damage_taken":0.0},{"cards_removed":["Strike_R"],"damage_healed":0.0,"max_hp_gain":0.0,"max_hp_loss":0.0,"gold_gain":0.0,"event_name":"The Cleric","player_choice":"Card Removal","floor":5.0,"gold_loss":75.0,"damage_taken":0.0},{"damage_healed":0.0,"max_hp_gain":0.0,"max_hp_loss":0.0,"gold_gain":0.0,"event_name":"FaceTrader","player_choice":"Trade","floor":13.0,"gold_loss":0.0,"damage_taken":0.0,"relics_obtained":["SsserpentHead"]},{"damage_healed":0.0,"max_hp_gain":0.0,"max_hp_loss":0.0,"gold_gain":0.0,"event_name":"Back to Basics","player_choice":"Simplicity","floor":19.0,"gold_loss":0.0,"damage_taken":0.0,"cards_upgraded":["Strike_R","Strike_R","Strike_R","Defend_R","Defend_R","Defend_R","Defend_R"]},{"damage_healed":0.0,"max_hp_gain":0.0,"max_hp_loss":0.0,"gold_gain":0.0,"event_name":"The Mausoleum","player_choice":"Ignored","floor":20.0,"gold_loss":0.0,"damage_taken":0.0},{"damage_healed":0.0,"max_hp_gain":0.0,"max_hp_loss":0.0,"gold_gain":0.0,"event_name":"Tomb of Lord Red Mask","player_choice":"Ignored","floor":37.0,"gold_loss":0.0,"damage_taken":0.0},{"damage_healed":0.0,"max_hp_gain":0.0,"max_hp_loss":0.0,"gold_gain":0.0,"event_name":"MindBloom","player_choice":"Fight","floor":38.0,"gold_loss":0.0,"damage_taken":0.0},{"damage_healed":0.0,"max_hp_gain":0.0,"max_hp_loss":0.0,"gold_gain":0.0,"event_name":"SensoryStone","player_choice":"Memory 3","floor":42.0,"gold_loss":0.0,"damage_taken":10.0}],"is_beta":true,"boss_relics":[{"not_picked":["Empty Cage","Tiny House"],"picked":"Cursed Key"},{"not_picked":["Runic Dome","Black Blood"],"picked":"Snecko Eye"}],"items_purged_floors":[4,7,22,46,48],"is_endless":false,"potions_floor_spawned":[12,16,18,24,27,31,33,35,41,44,47,55],"killed_by":"The Heart","ascension_level":20}