{"gold_per_floor":[116,116,79,89,9,42,42,76,131,131,131,131,131,156,156,228,228,248,259,277,65,81,81,95,95,149,149,199,124,155,174,174,250,250,270,270,270],"floor_reached":37,"playtime":1379,"items_purged":["Strike_G"],"score":881,"play_id":"6cdc0ac8-d3e7-4af1-8585-87e8b3f508c2","local_time":"20190307221134","is_ascension_mode":true,"campfire_choices":[{"data":"Glass Knife","floor":7.0,"key":"SMITH"},{"data":"Footwork","floor":11.0,"key":"SMITH"},{"data":"Noxious Fumes","floor":13.0,"key":"SMITH"},{"data":"Survivor","floor":15.0,"key":"SMITH"},{"floor":23.0,"key":"REST"},{"data":"Wraith Form v2","floor":25.0,"key":"SMITH"},{"floor":27.0,"key":"REST"},{"data":"Bouncing Flask","floor":32.0,"key":"SMITH"}],"neow_cost":"NONE","seed_source_timestamp":3056901695187277,"circlet_count":0,"master_deck":["AscendersBane","Defend_G+1","Defend_G+1","Defend_G","Defend_G","Strike_G","Survivor+1","Neutralize+1","Dash+1","Footwork+1","Noxious Fumes+1","Glass Knife+1","Wraith Form v2+1","Predator","Bouncing Flask+1","PiercingWail","PiercingWail","Night Terror","Backflip"],"special_seed":0,"relics":["Ring of the Snake","NeowsBlessing","Smiling Mask","Calipers","War Paint","Mango","Matryoshka","Snecko Eye","Bag of Preparation","Boot","Potion Belt","Orichalcum","Empty Cage"],"potions_floor_usage":[37,37,37],"damage_taken":[{"damage":0.0,"enemies":"2 Louse","floor":1.0,"turns":1.0},{"damage":0.0,"enemies":"Cultist","floor":4.0,"turns":1.0},{"damage":0.0,"enemies":"3 Sentries","floor":6.0,"turns":1.0},{"damage":24.0,"enemies":"Gremlin Nob","floor":8.0,"turns":4.0},{"damage":5.0,"enemies":"Lagavulin","floor":14.0,"turns":8.0},{"damage":32.0,"enemies":"Hexaghost","floor":16.0,"turns":11.0},{"damage":2.0,"enemies":"Spheric Guardian","floor":18.0,"turns":5.0},{"damage":6.0,"enemies":"Chosen","floor":19.0,"turns":5.0},{"damage":34.0,"enemies":"3 Cultists","floor":20.0,"turns":7.0},{"damage":9.0,"enemies":"Centurion and Healer","floor":22.0,"turns":7.0},{"damage":7.0,"enemies":"Snecko","floor":24.0,"turns":5.0},{"damage":15.0,"enemies":"Book of Stabbing","floor":30.0,"turns":5.0},{"damage":2.0,"enemies":"Shelled Parasite and Fungi","floor":31.0,"turns":5.0},{"damage":46.0,"enemies":"Automaton","floor":33.0,"turns":11.0},{"damage":0.0,"enemies":"3 Darklings","floor":35.0,"turns":6.0},{"damage":66,"enemies":"2 Orb Walkers","floor":37,"turns":7}],"seed_played":"1501836398798482862","potions_obtained":[{"floor":1.0,"key":"AttackPotion"},{"floor":4.0,"key":"Energy Potion"},{"floor":8.0,"key":"Regen Potion"},{"floor":18.0,"key":"Ancient Potion"},{"floor":20.0,"key":"Block Potion"},{"floor":31.0,"key":"Fruit Juice"},{"floor":35.0,"key":"Weak Potion"}],"is_trial":false,"path_per_floor":["M","?","$","M","$","E","R","E","T","T","R","?","R","E","R","B",null,"M","M","M","$","M","R","M","R","T","R","?","?","E","M","R","B",null,"M","?","?"],"character_chosen":"THE_SILENT","items_purchased":["Footwork","Noxious Fumes","Bag of Preparation"],"campfire_rested":2,"item_purchase_floors":[3,5,21],"current_hp_per_floor":[59,59,59,59,59,59,59,35,35,49,49,49,49,44,44,12,63,61,55,36,36,27,51,44,44,44,68,68,68,53,51,51,5,61,61,61,0],"gold":270,"neow_bonus":"THREE_ENEMY_KILL","is_prod":false,"is_daily":false,"chose_seed":false,"campfire_upgraded":6,"win_rate":0,"timestamp":1552025494,"path_taken":["M","?","?","M","$","E","R","E","T","?","R","?","R","E","R","BOSS","M","M","M","$","?","R","M","R","T","R","?","?","E","M","R","BOSS","M","?","?"],"build_version":"2019-02-06","purchased_purges":1,"victory":false,"max_hp_per_floor":[66,66,66,66,66,66,66,66,66,80,80,80,80,80,80,80,80,80,80,80,80,80,80,80,80,80,80,80,80,80,80,80,80,80,80,80,85],"card_choices":[{"not_picked":["Acrobatics","Quick Slash"],"picked":"Dash","floor":1.0},{"not_picked":["Concentrate","Eviscerate","Quick Slash"],"picked":"SKIP","floor":4.0},{"not_picked":["Venomology","Flying Knee"],"picked":"Glass Knife","floor":6.0},{"not_picked":["Quick Slash","Acrobatics","Masterful Stab"],"picked":"SKIP","floor":8.0},{"not_picked":["Flechettes","Quick Slash","Underhanded Strike"],"picked":"SKIP","floor":14.0},{"not_picked":["Burst","Night Terror"],"picked":"Wraith Form v2","floor":16.0},{"not_picked":["Dagger Spray","Blade Dance"],"picked":"Predator","floor":18.0},{"not_picked":["Masterful Stab","Dagger Throw+1","Riddle With Holes"],"picked":"SKIP","floor":19.0},{"not_picked":["Masterful Stab+1","Backflip"],"picked":"Bouncing Flask","floor":20.0},{"not_picked":["Slice","Flying Knee"],"picked":"PiercingWail","floor":22.0},{"not_picked":["Dagger Spray","Poisoned Stab","Bane"],"picked":"SKIP","floor":24.0},{"not_picked":["Eviscerate+1","Tools of the Trade","Deflect"],"picked":"SKIP","floor":30.0},{"not_picked":["Deflect","Dagger Throw"],"picked":"PiercingWail","floor":31.0},{"not_picked":["Die Die Die","After Image"],"picked":"Night Terror","floor":33.0},{"not_picked":["Backstab","Flechettes+1"],"picked":"Backflip","floor":35.0}],"player_experience":1334640,"relics_obtained":[{"floor":6.0,"key":"Smiling Mask"},{"floor":8.0,"key":"Calipers"},{"floor":9.0,"key":"War Paint"},{"floor":10.0,"key":"Mango"},{"floor":14.0,"key":"Matryoshka"},{"floor":26.0,"key":"Boot"},{"floor":26.0,"key":"Potion Belt"},{"floor":30.0,"key":"Orichalcum"}],"event_choices":[{"damage_healed":0.0,"max_hp_gain":0.0,"max_hp_loss":0.0,"gold_gain":0.0,"event_name":"Upgrade Shrine","player_choice":"Upgraded","floor":2.0,"gold_loss":0.0,"damage_taken":0.0,"cards_upgraded":["Dash"]},{"damage_healed":0.0,"max_hp_gain":0.0,"max_hp_loss":0.0,"gold_gain":0.0,"event_name":"Upgrade Shrine","player_choice":"Upgraded","floor":12.0,"gold_loss":0.0,"damage_taken":0.0,"cards_upgraded":["Neutralize"]},{"damage_healed":0.0,"max_hp_gain":0.0,"max_hp_loss":0.0,"gold_gain":50.0,"event_name":"Nest","player_choice":"Stole From Cult","floor":28.0,"gold_loss":0.0,"damage_taken":0.0},{"cards_removed":["Strike_G"],"damage_healed":0.0,"max_hp_gain":0.0,"max_hp_loss":0.0,"gold_gain":0.0,"event_name":"Beggar","player_choice":"Gave Gold","floor":29.0,"gold_loss":75.0,"damage_taken":0.0},{"cards_removed":["Defend_G"],"damage_healed":0.0,"max_hp_gain":0.0,"max_hp_loss":0.0,"gold_gain":0.0,"event_name":"Falling","player_choice":"Removed Skill","floor":36.0,"gold_loss":0.0,"damage_taken":0.0},{"damage_healed":0,"gold_gain":0,"player_choice":"Fight","damage_taken":0,"max_hp_gain":0,"max_hp_loss":0,"event_name":"Mysterious Sphere","floor":37,"gold_loss":0}],"is_beta":true,"boss_relics":[{"not_picked":["Sozu","WristBlade"],"picked":"Snecko Eye"},{"not_picked":["Lizard Tail","HoveringKite"],"picked":"Empty Cage"}],"items_purged_floors":[21],"is_endless":false,"potions_floor_spawned":[1,4,8,18,20,31,35],"killed_by":"2 Orb Walkers","ascension_level":20}