{"gold_per_floor":[11,22,42,42,42,81,81,95,148,187,262,98,123,147,147,275,275,291,291,265,106,106,141,157,157,234,234,234,234,254,169,169,264,264,282,84,102,114,114,114,141,141,141,141,160,178,178,196,196,196],"floor_reached":51,"playtime":3097,"items_purged":[],"score":682,"play_id":"36995b6b-85bd-41bd-b9c7-d5ec40fdc6d2","local_time":"20190423151010","is_ascension_mode":false,"campfire_choices":[{"data":"Demon Form","floor":7.0,"key":"SMITH"},{"data":"Shockwave","floor":15.0,"key":"SMITH"},{"data":"Fiend Fire","floor":25.0,"key":"SMITH"},{"data":"Bash","floor":27.0,"key":"SMITH"},{"data":"Rampage","floor":29.0,"key":"SMITH"},{"floor":32.0,"key":"REST"},{"data":"Enlightenment","floor":40.0,"key":"SMITH"},{"data":"Blind","floor":42.0,"key":"SMITH"},{"data":"Power Through","floor":47.0,"key":"SMITH"},{"data":"Ghostly Armor","floor":49.0,"key":"SMITH"}],"neow_cost":"NO_GOLD","seed_source_timestamp":963600050230500,"circlet_count":0,"master_deck":["Strike_R","Strike_R","Strike_R","Strike_R","Defend_R","Defend_R+1","Defend_R","Bash+1","Anger","Demon Form+1","Armaments+1","Rampage+1","Ghostly Armor+1","Shockwave+1","Headbutt","Power Through+1","Exhume","Rage+1","Pommel Strike+1","Fiend Fire+1","Reaper","Burning Pact+1","Fiend Fire+1","Feel No Pain","Mind Blast+1","Pommel Strike+1","Blind+1","Enlightenment+1","Shockwave+1","Battle Trance+1"],"special_seed":0,"relics":["Burning Blood","Bloody Idol","Sundial","Regal Pillow","War Paint","Runic Pyramid","Potion Belt","Bottled Flame","Molten Egg 2","Velvet Choker","Frozen Egg 2","Meat on the Bone"],"potions_floor_usage":[],"damage_taken":[{"damage":1.0,"enemies":"Cultist","floor":1.0,"turns":3.0},{"damage":7.0,"enemies":"2 Louse","floor":2.0,"turns":2.0},{"damage":1.0,"enemies":"Jaw Worm","floor":3.0,"turns":3.0},{"damage":18.0,"enemies":"3 Sentries","floor":6.0,"turns":8.0},{"damage":8.0,"enemies":"Exordium Thugs","floor":8.0,"turns":4.0},{"damage":11.0,"enemies":"Gremlin Nob","floor":10.0,"turns":3.0},{"damage":0.0,"enemies":"Looter","floor":13.0,"turns":3.0},{"damage":9.0,"enemies":"2 Fungi Beasts","floor":14.0,"turns":3.0},{"damage":26.0,"enemies":"Slime Boss","floor":16.0,"turns":6.0},{"damage":26.0,"enemies":"Spheric Guardian","floor":18.0,"turns":6.0},{"damage":5.0,"enemies":"2 Thieves","floor":20.0,"turns":5.0},{"damage":15.0,"enemies":"Slavers","floor":23.0,"turns":9.0},{"damage":0.0,"enemies":"Snake Plant","floor":24.0,"turns":3.0},{"damage":3.0,"enemies":"Snecko","floor":30.0,"turns":4.0},{"damage":79.0,"enemies":"Automaton","floor":33.0,"turns":13.0},{"damage":18.0,"enemies":"3 Shapes","floor":35.0,"turns":10.0},{"damage":0.0,"enemies":"Orb Walker","floor":37.0,"turns":2.0},{"damage":32.0,"enemies":"3 Darklings","floor":38.0,"turns":7.0},{"damage":10.0,"enemies":"Giant Head","floor":41.0,"turns":7.0},{"damage":34.0,"enemies":"Transient","floor":45.0,"turns":5.0},{"damage":41.0,"enemies":"Jaw Worm Horde","floor":46.0,"turns":6.0},{"damage":22.0,"enemies":"Writhing Mass","floor":48.0,"turns":8.0},{"damage":68,"enemies":"Time Eater","floor":50,"turns":11}],"seed_played":"-8147611733476856089","potions_obtained":[{"floor":1.0,"key":"Fire Potion"},{"floor":3.0,"key":"Fire Potion"},{"floor":13.0,"key":"GamblersBrew"},{"floor":20.0,"key":"Explosive Potion"},{"floor":24.0,"key":"Explosive Potion"},{"floor":37.0,"key":"AttackPotion"},{"floor":41.0,"key":"SneckoOil"}],"is_trial":false,"path_per_floor":["M","M","M","$","?","E","R","M","T","E","?","$","M","M","R","B",null,"M","?","M","$","?","E","M","R","T","R","?","R","M","?","R","B",null,"M","$","M","M","?","R","E","R","T","?","M","M","R","M","R","B",null],"character_chosen":"IRONCLAD","items_purchased":["Ghostly Armor","Shockwave","Headbutt","Fiend Fire","Feel No Pain","Ghostly Armor","Mind Blast+1"],"campfire_rested":1,"item_purchase_floors":[12,12,12,21,36,36,36],"current_hp_per_floor":[80,79,80,80,74,62,62,60,60,55,48,48,54,51,51,31,74,54,54,55,55,55,46,52,52,52,52,52,52,60,60,74,26,74,74,74,74,74,64,64,74,74,74,74,58,74,74,74,74,53],"gold":196,"neow_bonus":"REMOVE_TWO","is_prod":false,"is_daily":false,"chose_seed":false,"campfire_upgraded":9,"win_rate":1,"timestamp":1556057410,"path_taken":["M","M","?","?","?","E","R","M","T","E","?","$","M","M","R","BOSS","M","?","M","$","?","E","M","R","T","R","?","R","M","?","R","BOSS","M","$","M","M","?","R","E","R","T","?","M","M","R","M","R","BOSS"],"build_version":"2019-01-23","purchased_purges":0,"victory":true,"max_hp_per_floor":[80,80,80,80,74,74,74,74,74,74,74,74,74,74,74,74,74,74,74,74,74,74,74,74,74,74,74,74,74,74,74,74,74,74,74,74,74,74,74,74,74,74,74,74,74,74,74,74,74,74],"card_choices":[{"not_picked":["Feel No Pain","Rupture"],"picked":"Anger","floor":1.0},{"not_picked":["Shrug It Off","Flex"],"picked":"Demon Form","floor":2.0},{"not_picked":["Twin Strike","Heavy Blade"],"picked":"Armaments","floor":3.0},{"not_picked":["Heavy Blade","Thunderclap","Infernal Blade"],"picked":"SKIP","floor":6.0},{"not_picked":["Infernal Blade","Second Wind","Sword Boomerang"],"picked":"SKIP","floor":8.0},{"not_picked":["Fire Breathing","Heavy Blade"],"picked":"Rampage","floor":10.0},{"not_picked":["Dropkick","Havoc","Warcry"],"picked":"SKIP","floor":13.0},{"not_picked":["Flame Barrier","Searing Blow"],"picked":"Power Through","floor":14.0},{"not_picked":["Barricade","Brutality"],"picked":"Exhume","floor":16.0},{"not_picked":["Spot Weakness","Twin Strike"],"picked":"Rage+1","floor":18.0},{"not_picked":["Warcry","Clash"],"picked":"Pommel Strike+1","floor":20.0},{"not_picked":["Fire Breathing","Wild Strike","Clash"],"picked":"SKIP","floor":23.0},{"not_picked":["Shockwave+1","Armaments"],"picked":"Reaper","floor":24.0},{"not_picked":["Thunderclap","Rage"],"picked":"Burning Pact+1","floor":30.0},{"not_picked":["Berserk","Reaper+1"],"picked":"Fiend Fire+1","floor":33.0},{"not_picked":["Blood for Blood+1","Body Slam+1","Dropkick+1"],"picked":"SKIP","floor":35.0},{"not_picked":["Shockwave","Warcry"],"picked":"Pommel Strike+1","floor":37.0},{"not_picked":["Sword Boomerang+1","Flex","Rampage+1"],"picked":"SKIP","floor":38.0},{"not_picked":["Chrysalis","Deep Breath"],"picked":"Blind","floor":39.0},{"not_picked":["Panacea","Master of Strategy"],"picked":"Enlightenment","floor":39.0},{"not_picked":["Power Through","Twin Strike+1","Havoc+1"],"picked":"SKIP","floor":41.0},{"not_picked":["Wild Strike+1","Pommel Strike+1","Cleave+1"],"picked":"SKIP","floor":45.0},{"not_picked":["Entrench","Feel No Pain+1"],"picked":"Shockwave+1","floor":46.0},{"not_picked":["Hemokinesis+1","Sword Boomerang+1"],"picked":"Battle Trance+1","floor":48.0}],"player_experience":539696,"relics_obtained":[{"floor":6.0,"key":"Sundial"},{"floor":9.0,"key":"Regal Pillow"},{"floor":10.0,"key":"War Paint"},{"floor":23.0,"key":"Potion Belt"},{"floor":26.0,"key":"Bottled Flame"},{"floor":41.0,"key":"Frozen Egg 2"},{"floor":43.0,"key":"Meat on the Bone"}],"event_choices":[{"damage_healed":0.0,"max_hp_gain":0.0,"max_hp_loss":6.0,"gold_gain":0.0,"event_name":"Golden Idol","player_choice":"Lose Max HP","floor":5.0,"gold_loss":0.0,"damage_taken":0.0,"relics_obtained":["Golden Idol"]},{"damage_healed":0.0,"max_hp_gain":0.0,"max_hp_loss":0.0,"gold_gain":75.0,"event_name":"FaceTrader","player_choice":"Touch","floor":11.0,"gold_loss":0.0,"damage_taken":7.0},{"damage_healed":0.0,"max_hp_gain":0.0,"max_hp_loss":0.0,"gold_gain":0.0,"event_name":"Ghosts","player_choice":"Ignored","floor":19.0,"gold_loss":0.0,"damage_taken":0.0},{"damage_healed":0.0,"max_hp_gain":0.0,"max_hp_loss":0.0,"gold_gain":0.0,"event_name":"Vampires","player_choice":"Ignored","floor":22.0,"gold_loss":0.0,"damage_taken":0.0},{"damage_healed":0.0,"max_hp_gain":0.0,"max_hp_loss":0.0,"gold_gain":0.0,"event_name":"Forgotten Altar","player_choice":"Gave Idol","floor":28.0,"relics_lost":["Golden Idol"],"gold_loss":0.0,"damage_taken":0.0,"relics_obtained":["Bloody Idol"]},{"damage_healed":0.0,"max_hp_gain":0.0,"max_hp_loss":0.0,"gold_gain":0.0,"event_name":"Addict","player_choice":"Obtained Relic","floor":31.0,"gold_loss":85.0,"damage_taken":0.0,"relics_obtained":["Molten Egg 2"]},{"damage_healed":0.0,"max_hp_gain":0.0,"max_hp_loss":0.0,"gold_gain":0.0,"event_name":"SensoryStone","player_choice":"Memory 3","floor":39.0,"gold_loss":0.0,"damage_taken":10.0},{"cards_removed":["Ghostly Armor"],"damage_healed":0.0,"max_hp_gain":0.0,"max_hp_loss":0.0,"gold_gain":0.0,"event_name":"Falling","player_choice":"Removed Skill","floor":44.0,"gold_loss":0.0,"damage_taken":0.0}],"is_beta":false,"boss_relics":[{"not_picked":["Tiny House","Calling Bell"],"picked":"Runic Pyramid"},{"not_picked":["Astrolabe","Philosopher\u0027s Stone"],"picked":"Velvet Choker"}],"items_purged_floors":[],"is_endless":false,"potions_floor_spawned":[1,3,13,20,24,37,41],"ascension_level":0}