{"gold_per_floor":[13,88,88,33,47,47,47,85,85,108,33,33,72,88,88,184,184,202,117,169,187,95,95,126,126],"floor_reached":25,"playtime":684,"items_purged":["Strike_R"],"score":454,"play_id":"95240c76-50f3-4164-8274-34acd56685f9","local_time":"20190315204841","is_ascension_mode":true,"campfire_choices":[{"data":"Bash","floor":7.0,"key":"SMITH"},{"floor":12.0,"key":"REST"},{"floor":15.0,"key":"REST"},{"data":"Armaments","floor":23.0,"key":"SMITH"}],"neow_cost":"NO_GOLD","seed_source_timestamp":43025316942499,"circlet_count":0,"master_deck":["AscendersBane","Strike_R+1","Defend_R","Defend_R","Defend_R","Defend_R","Bash+1","Feed","Anger","Spot Weakness","Pommel Strike","Battle Trance","Limit Break","Twin Strike+1","Rage+1","Combust+1","Shrug It Off","Shockwave","Armaments+1"],"special_seed":0,"relics":["Burning Blood","Golden Idol","Boot","Mercury Hourglass","Red Skull","Astrolabe","The Courier","Molten Egg 2"],"potions_floor_usage":[24,24],"damage_taken":[{"damage":7.0,"enemies":"Cultist","floor":1.0,"turns":4.0},{"damage":5.0,"enemies":"Small Slimes","floor":5.0,"turns":3.0},{"damage":25.0,"enemies":"Lagavulin","floor":8.0,"turns":6.0},{"damage":7.0,"enemies":"2 Louse","floor":10.0,"turns":2.0},{"damage":25.0,"enemies":"3 Sentries","floor":13.0,"turns":7.0},{"damage":6.0,"enemies":"Exordium Wildlife","floor":14.0,"turns":3.0},{"damage":24.0,"enemies":"Slime Boss","floor":16.0,"turns":9.0},{"damage":15.0,"enemies":"Chosen","floor":18.0,"turns":3.0},{"damage":14.0,"enemies":"Shell Parasite","floor":21.0,"turns":7.0},{"damage":38,"enemies":"Book of Stabbing","floor":24,"turns":4},{"damage":37,"enemies":"Snecko","floor":25,"turns":4}],"seed_played":"-3646656400986671126","potions_obtained":[{"floor":10.0,"key":"Poison Potion"},{"floor":16.0,"key":"Fire Potion"},{"floor":18.0,"key":"Energy Potion"},{"floor":24,"key":"FearPotion"}],"is_trial":false,"path_per_floor":["M","?","?","$","M","?","R","E","T","M","$","R","E","M","R","B",null,"M","?","T","M","$","R","E","M"],"character_chosen":"IRONCLAD","items_purchased":["Explosive Potion","Armaments","Strength Potion"],"campfire_rested":2,"item_purchase_floors":[4,22,22],"current_hp_per_floor":[70,59,59,59,63,41,41,22,22,21,21,43,24,27,50,32,66,57,57,57,52,52,52,24,0],"gold":126,"neow_bonus":"THREE_RARE_CARDS","is_prod":false,"is_daily":false,"chose_seed":false,"campfire_upgraded":2,"win_rate":0,"timestamp":1552708121,"path_taken":["M","?","?","$","M","?","R","E","T","M","$","R","E","M","R","BOSS","M","?","?","M","$","R","E","M"],"build_version":"2019-02-06","purchased_purges":1,"victory":false,"max_hp_per_floor":[78,78,71,71,74,74,74,74,74,74,74,74,74,77,77,77,77,77,77,77,80,80,80,84,84],"card_choices":[{"not_picked":["Offering","Double Tap"],"picked":"Feed","floor":0.0},{"not_picked":["Heavy Blade","Searing Blow","Warcry"],"picked":"SKIP","floor":1.0},{"not_picked":["Reckless Charge","Clash"],"picked":"Anger","floor":5.0},{"not_picked":["True Grit","Sword Boomerang","Double Tap"],"picked":"SKIP","floor":8.0},{"not_picked":["Warcry","Dual Wield"],"picked":"Spot Weakness","floor":10.0},{"not_picked":["Seeing Red","Infernal Blade"],"picked":"Pommel Strike","floor":13.0},{"not_picked":["Perfected Strike","Seeing Red"],"picked":"Battle Trance","floor":14.0},{"not_picked":["Bludgeon","Berserk"],"picked":"Limit Break","floor":16.0},{"not_picked":["Twin Strike","Armaments"],"picked":"Shrug It Off","floor":18.0},{"not_picked":["Thunderclap","Flex"],"picked":"Shockwave","floor":21.0},{"not_picked":["Twin Strike","Searing Blow","Demon Form"],"picked":"SKIP","floor":24}],"player_experience":1364657,"relics_obtained":[{"floor":8.0,"key":"Boot"},{"floor":9.0,"key":"Mercury Hourglass"},{"floor":13.0,"key":"Red Skull"},{"floor":24,"key":"Molten Egg 2"}],"event_choices":[{"damage_healed":0.0,"max_hp_gain":0.0,"max_hp_loss":0.0,"gold_gain":75.0,"event_name":"World of Goop","player_choice":"Gather Gold","floor":2.0,"gold_loss":0.0,"damage_taken":11.0},{"damage_healed":0.0,"max_hp_gain":0.0,"max_hp_loss":7.0,"gold_gain":0.0,"event_name":"Golden Idol","player_choice":"Lose Max HP","floor":3.0,"gold_loss":0.0,"damage_taken":0.0,"relics_obtained":["Golden Idol"]},{"damage_healed":0.0,"max_hp_gain":0.0,"max_hp_loss":0.0,"gold_gain":0.0,"event_name":"Shining Light","player_choice":"Entered Light","floor":6.0,"gold_loss":0.0,"damage_taken":22.0,"cards_upgraded":["Strike_R","Strike_R"]},{"damage_healed":0.0,"max_hp_gain":0.0,"max_hp_loss":0.0,"gold_gain":0.0,"event_name":"Addict","player_choice":"Obtained Relic","floor":19.0,"gold_loss":85.0,"damage_taken":0.0,"relics_obtained":["The Courier"]}],"is_beta":true,"boss_relics":[{"not_picked":["Runic Cube","White Beast Statue"],"picked":"Astrolabe"}],"items_purged_floors":[11],"is_endless":false,"potions_floor_spawned":[10,16,18,24],"killed_by":"Snecko","ascension_level":20}