{"gold_per_floor":[119,132,84,103,34,34,68,100,166,195,207,219,231,254,266,381,393,422,446,475,487,533,545,557,588,600,99,99,99,119,135,135,135],"floor_reached":33,"playtime":2529,"items_purged":[],"score":374,"play_id":"12cb1b5a-599e-4329-9c50-375fb8a7383e","local_time":"20190405141011","is_ascension_mode":true,"campfire_choices":[{"data":"Undo","floor":6.0,"key":"SMITH"},{"data":"Fusion","floor":11.0,"key":"SMITH"},{"data":"Sweeping Beam","floor":13.0,"key":"SMITH"},{"data":"Conserve Battery","floor":15.0,"key":"SMITH"},{"floor":23.0,"key":"REST"},{"floor":29.0,"key":"REST"},{"floor":32.0,"key":"REST"}],"neow_cost":"NONE","seed_source_timestamp":999720772835100,"circlet_count":0,"master_deck":["AscendersBane","Strike_B","Strike_B","Strike_B","Strike_B","Defend_B","Defend_B","Defend_B","Defend_B","Zap","Dualcast","Leap","Compile Driver","Undo+1","Fusion+1","Sweeping Beam+1","Tempest","Conserve Battery+1","Meteor Strike","Doom and Gloom+1","Leap","Streamline+1","Stack+1","Blind+1","Defragment","Self Repair","White Noise+1"],"special_seed":0,"relics":["Cracked Core","Oddly Smooth Stone","Orichalcum","MawBank","Tiny Chest","Gremlin Horn","Busted Crown","Red Mask","Toxic Egg 2","Runic Capacitor","Vajra","StoneCalendar"],"potions_floor_usage":[33,33],"damage_taken":[{"damage":6.0,"enemies":"Jaw Worm","floor":1.0,"turns":3.0},{"damage":0.0,"enemies":"Cultist","floor":2.0,"turns":4.0},{"damage":0.0,"enemies":"2 Louse","floor":4.0,"turns":3.0},{"damage":8.0,"enemies":"Lagavulin","floor":7.0,"turns":8.0},{"damage":0.0,"enemies":"Large Slime","floor":8.0,"turns":6.0},{"damage":1.0,"enemies":"Blue Slaver","floor":10.0,"turns":4.0},{"damage":3.0,"enemies":"Exordium Thugs","floor":14.0,"turns":3.0},{"damage":33.0,"enemies":"Slime Boss","floor":16.0,"turns":8.0},{"damage":11.0,"enemies":"2 Thieves","floor":18.0,"turns":4.0},{"damage":12.0,"enemies":"Chosen","floor":19.0,"turns":6.0},{"damage":29.0,"enemies":"Sentry and Sphere","floor":20.0,"turns":6.0},{"damage":18.0,"enemies":"Masked Bandits","floor":22.0,"turns":4.0},{"damage":14.0,"enemies":"Colosseum Slavers","floor":24.0,"turns":3.0},{"damage":7.0,"enemies":"Centurion and Healer","floor":25.0,"turns":9.0},{"damage":12.0,"enemies":"Cultist and Chosen","floor":30.0,"turns":7.0},{"damage":10.0,"enemies":"Snecko","floor":31.0,"turns":4.0},{"damage":43,"enemies":"Collector","floor":33,"turns":6}],"seed_played":"-1332294990688091532","potions_obtained":[{"floor":7.0,"key":"Poison Potion"},{"floor":10.0,"key":"LiquidBronze"},{"floor":14.0,"key":"Strength Potion"},{"floor":18.0,"key":"Regen Potion"},{"floor":30.0,"key":"EssenceOfSteel"},{"floor":31.0,"key":"SpeedPotion"}],"is_trial":false,"path_per_floor":["M","M","$","M","?","R","E","M","T","M","R","T","R","M","R","B",null,"M","M","M","?","?","R","?","M","T","$","T","R","M","M","R","B"],"character_chosen":"DEFECT","items_purchased":["SteroidPotion","Runic Capacitor","Vajra","Blind+1","Defragment"],"campfire_rested":3,"item_purchase_floors":[3,27,27,27,27],"current_hp_per_floor":[62,62,62,62,62,62,54,54,54,53,53,53,53,50,50,17,61,50,52,23,23,5,27,13,6,6,6,6,28,16,13,35,0],"gold":135,"neow_bonus":"RANDOM_COMMON_RELIC","is_prod":false,"is_daily":false,"chose_seed":false,"campfire_upgraded":4,"win_rate":0,"timestamp":1554466211,"path_taken":["M","M","$","M","?","R","E","M","T","?","R","?","R","M","R","BOSS","M","M","M","?","?","R","?","M","T","$","?","R","M","M","R","BOSS"],"build_version":"2019-01-23","purchased_purges":0,"victory":false,"max_hp_per_floor":[75,75,75,75,75,75,75,75,75,75,75,75,75,75,75,75,75,75,75,75,75,75,75,75,75,75,75,75,75,75,75,75,75],"card_choices":[{"not_picked":["Cold Snap","Loop"],"picked":"Leap","floor":1.0},{"not_picked":["Hello World","Beam Cell"],"picked":"Compile Driver","floor":2.0},{"not_picked":["Thunder Strike","Hologram"],"picked":"Undo","floor":4.0},{"not_picked":["Hologram","Undo"],"picked":"Fusion","floor":7.0},{"not_picked":["Beam Cell","Barrage"],"picked":"Sweeping Beam","floor":8.0},{"not_picked":["Fusion","Heatsinks"],"picked":"Tempest","floor":10.0},{"not_picked":["Redo","Compile Driver"],"picked":"Conserve Battery","floor":14.0},{"not_picked":["Creative AI","All For One"],"picked":"Meteor Strike","floor":16.0},{"not_picked":["Consume"],"picked":"SKIP","floor":18.0},{"not_picked":[],"picked":"Doom and Gloom+1","floor":19.0},{"not_picked":[],"picked":"Leap","floor":20.0},{"not_picked":[],"picked":"Streamline+1","floor":22.0},{"not_picked":[],"picked":"Stack+1","floor":25.0},{"not_picked":[],"picked":"Self Repair","floor":30.0},{"not_picked":[],"picked":"White Noise+1","floor":31.0}],"player_experience":634655,"relics_obtained":[{"floor":7.0,"key":"MawBank"},{"floor":9.0,"key":"Tiny Chest"},{"floor":12.0,"key":"Gremlin Horn"},{"floor":22.0,"key":"Red Mask"},{"floor":26.0,"key":"Toxic Egg 2"},{"floor":28.0,"key":"StoneCalendar"}],"event_choices":[{"damage_healed":0.0,"max_hp_gain":0.0,"max_hp_loss":0.0,"gold_gain":0.0,"event_name":"WeMeetAgain","player_choice":"Paid Gold","floor":5.0,"gold_loss":69.0,"damage_taken":0.0,"relics_obtained":["Orichalcum"]},{"damage_healed":0.0,"max_hp_gain":0.0,"max_hp_loss":0.0,"gold_gain":0.0,"event_name":"Vampires","player_choice":"Ignored","floor":21.0,"gold_loss":0.0,"damage_taken":0.0},{"damage_healed":0.0,"max_hp_gain":0.0,"max_hp_loss":0.0,"gold_gain":0.0,"event_name":"Masked Bandits","player_choice":"Fought Bandits","floor":22.0,"gold_loss":0.0,"damage_taken":0.0},{"damage_healed":0.0,"max_hp_gain":0.0,"max_hp_loss":0.0,"gold_gain":0.0,"event_name":"Colosseum","player_choice":"Fight","floor":24.0,"gold_loss":0.0,"damage_taken":0.0},{"damage_healed":0.0,"max_hp_gain":0.0,"max_hp_loss":0.0,"gold_gain":0.0,"event_name":"Colosseum","player_choice":"Fled From Nobs","floor":24.0,"gold_loss":0.0,"damage_taken":0.0}],"is_beta":false,"boss_relics":[{"not_picked":["Velvet Choker","Black Star"],"picked":"Busted Crown"}],"items_purged_floors":[],"is_endless":false,"potions_floor_spawned":[7,10,14,18,24,30,31],"killed_by":"Collector","ascension_level":10}