{"gold_per_floor":[109,109,121,132,146,146,165,197,224,237,237,5,23,73,73,73],"floor_reached":16,"playtime":586,"items_purged":[],"score":208,"play_id":"7e5bcb75-af8d-40c8-b4c2-2104d7daf353","local_time":"20190206233013","is_ascension_mode":true,"campfire_choices":[{"data":"Bash","floor":6,"key":"SMITH"},{"data":"Armaments","floor":11,"key":"SMITH"},{"data":"True Grit","floor":15,"key":"SMITH"}],"neow_cost":"NONE","seed_source_timestamp":1236437676926147,"circlet_count":0,"master_deck":["AscendersBane","Strike_R","Strike_R","Strike_R","Strike_R","Strike_R","Defend_R","Defend_R","Defend_R","Defend_R","Bash+1","Clothesline","Armaments+1","Sword Boomerang","Shrug It Off","Shrug It Off","Immolate","Evolve+1","True Grit+1"],"special_seed":0,"relics":["Burning Blood","Lantern","Frozen Egg 2","Ornamental Fan","Orichalcum"],"potions_floor_usage":[8,8,16],"damage_taken":[{"damage":2,"enemies":"Cultist","floor":1,"turns":4},{"damage":2,"enemies":"Jaw Worm","floor":3,"turns":4},{"damage":7,"enemies":"2 Louse","floor":4,"turns":4},{"damage":17,"enemies":"Gremlin Gang","floor":5,"turns":9},{"damage":8,"enemies":"Blue Slaver","floor":7,"turns":5},{"damage":10,"enemies":"Lagavulin","floor":8,"turns":5},{"damage":3,"enemies":"3 Louse","floor":10,"turns":3},{"damage":8,"enemies":"Exordium Thugs","floor":13,"turns":5},{"damage":53,"enemies":"Hexaghost","floor":16,"turns":12}],"seed_played":"-9059095123383581489","potions_obtained":[{"floor":1,"key":"SteroidPotion"},{"floor":4,"key":"Block Potion"},{"floor":7,"key":"SteroidPotion"},{"floor":8,"key":"Energy Potion"}],"is_trial":false,"path_per_floor":["M","T","M","M","M","R","M","E","T","M","R","$","M","?","R","B"],"character_chosen":"IRONCLAD","items_purchased":["Immolate","Evolve+1"],"campfire_rested":0,"item_purchase_floors":[12,12],"current_hp_per_floor":[72,72,75,74,63,63,61,57,57,60,60,60,58,58,58,5],"gold":73,"neow_bonus":"RANDOM_COMMON_RELIC","is_prod":false,"is_daily":false,"chose_seed":false,"campfire_upgraded":3,"win_rate":0,"timestamp":1549524613,"path_taken":["M","?","M","M","M","R","M","E","T","?","R","$","M","?","R","BOSS"],"build_version":"2019-01-23","purchased_purges":0,"victory":false,"max_hp_per_floor":[75,75,75,75,75,75,75,75,75,75,75,75,75,75,75,75],"card_choices":[{"not_picked":["Reckless Charge","Twin Strike"],"picked":"Clothesline","floor":1},{"not_picked":["Clothesline","Uppercut","Warcry"],"picked":"SKIP","floor":3},{"not_picked":["Warcry","Pommel Strike","Dropkick"],"picked":"SKIP","floor":4},{"not_picked":["Dual Wield","Barricade+1"],"picked":"Armaments","floor":5},{"not_picked":["Seeing Red","Thunderclap"],"picked":"Sword Boomerang","floor":7},{"not_picked":["Whirlwind","Wild Strike"],"picked":"Shrug It Off","floor":8},{"not_picked":["Seeing Red","Rupture+1"],"picked":"Shrug It Off","floor":10},{"not_picked":["Combust+1","Warcry"],"picked":"True Grit","floor":13}],"player_experience":1096229,"relics_obtained":[{"floor":2,"key":"Frozen Egg 2"},{"floor":8,"key":"Ornamental Fan"},{"floor":9,"key":"Orichalcum"}],"event_choices":[{"damage_healed":0,"gold_gain":50,"player_choice":"Pray","damage_taken":0,"max_hp_gain":0,"max_hp_loss":0,"event_name":"Golden Shrine","floor":14,"gold_loss":0}],"is_beta":true,"boss_relics":[],"items_purged_floors":[],"is_endless":false,"potions_floor_spawned":[1,4,7,8],"killed_by":"Hexaghost","ascension_level":20}