{"gold_per_floor":[118,131,144,154,104,139,139,167,191,220,233,13,29,47,47,145,145,129,148,73,173,173,173,201,201],"floor_reached":25,"playtime":2858,"items_purged":["Strike_B"],"score":267,"play_id":"89d05c83-2cbf-480e-872a-fc0e2d84964f","local_time":"20190423011000","is_ascension_mode":true,"campfire_choices":[{"data":"Static Discharge","floor":7,"key":"SMITH"},{"floor":15,"key":"REST"},{"data":"Zap","floor":23,"key":"SMITH"}],"neow_cost":"NONE","seed_source_timestamp":0,"circlet_count":0,"master_deck":["Strike_B","Strike_B","Defend_B","Defend_B","Defend_B","Defend_B","Zap+1","Dualcast","Undo","Hologram","Static Discharge+1","Genetic Algorithm","Redo","Conserve Battery","Reboot","Coolheaded","Static Discharge+1","Sweeping Beam","Biased Cognition","Hologram+1","Loop","RitualDagger+1","Compile Driver+1"],"special_seed":0,"relics":["FrozenCore","Orichalcum","Ancient Tea Set","Anchor","Bronze Scales","DollysMirror","WingedGreaves","Molten Egg 2","Shovel"],"potions_floor_usage":[4,10,14,16,16,21,24],"damage_taken":[{"damage":0.0,"enemies":"Cultist","floor":1.0,"turns":4.0},{"damage":0.0,"enemies":"2 Louse","floor":2.0,"turns":3.0},{"damage":2.0,"enemies":"Jaw Worm","floor":3.0,"turns":4.0},{"damage":2,"enemies":"Exordium Wildlife","floor":4,"turns":5},{"damage":22,"enemies":"3 Sentries","floor":6,"turns":7},{"damage":24,"enemies":"Gremlin Nob","floor":8,"turns":4},{"damage":16,"enemies":"Lagavulin","floor":10,"turns":8},{"damage":6,"enemies":"Red Slaver","floor":11,"turns":3},{"damage":2,"enemies":"Looter","floor":13,"turns":4},{"damage":0,"enemies":"Lots of Slimes","floor":14,"turns":3},{"damage":28,"enemies":"Slime Boss","floor":16,"turns":9},{"damage":1,"enemies":"2 Thieves","floor":18,"turns":4},{"damage":8,"enemies":"Chosen","floor":19,"turns":4},{"damage":11,"enemies":"Colosseum Slavers","floor":21,"turns":5},{"damage":47,"enemies":"Colosseum Nobs","floor":21,"turns":6},{"damage":6,"enemies":"Slavers","floor":24,"turns":3},{"damage":10,"enemies":"Snake Plant","floor":25,"turns":3}],"seed_played":"-6688779074994089242","potions_obtained":[{"floor":1.0,"key":"Explosive Potion"},{"floor":6,"key":"Explosive Potion"},{"floor":8,"key":"Strength Potion"},{"floor":10,"key":"PowerPotion"},{"floor":14,"key":"SpeedPotion"},{"floor":19,"key":"Fruit Juice"},{"floor":21,"key":"Poison Potion"}],"is_trial":false,"path_per_floor":["M","M","M","M","?","E","R","E","T","E","M","$","M","M","R","B",null,"M","M","$","?","?","R","E","M"],"character_chosen":"DEFECT","items_purchased":["Coolheaded","DollysMirror"],"campfire_rested":1,"item_purchase_floors":[12,12],"current_hp_per_floor":[82,82,80,78,78,56,56,32,32,16,10,10,8,8,32,4,82,81,73,73,20,14,14,8,0],"gold":201,"neow_bonus":"TEN_PERCENT_HP_BONUS","is_prod":false,"is_daily":false,"chose_seed":false,"campfire_upgraded":2,"win_rate":0,"timestamp":1555996200,"path_taken":["M","M","?","M","?","E","R","E","T","E","M","$","M","M","R","BOSS","M","M","$","?","?","R","E","?"],"build_version":"2019-01-23","purchased_purges":1,"victory":false,"max_hp_per_floor":[82,82,82,82,82,82,82,82,82,82,82,82,82,82,82,82,82,82,82,82,87,87,87,87,87],"card_choices":[{"not_picked":["Heatsinks","Force Field"],"picked":"Undo","floor":1.0},{"not_picked":["Leap","Doom and Gloom"],"picked":"Hologram","floor":2.0},{"not_picked":["Storm","Barrage"],"picked":"Static Discharge","floor":3.0},{"not_picked":["Turbo","Compile Driver"],"picked":"Genetic Algorithm","floor":4},{"not_picked":["Reprogram","Undo"],"picked":"Redo","floor":6},{"not_picked":["Sweeping Beam","Chaos"],"picked":"Conserve Battery","floor":8},{"not_picked":["Hello World","Barrage","Gash"],"picked":"SKIP","floor":10},{"not_picked":["Sweeping Beam","Stack"],"picked":"Reboot","floor":11},{"not_picked":["Rip and Tear","Redo","Storm"],"picked":"SKIP","floor":13},{"not_picked":["Leap","Force Field"],"picked":"Sweeping Beam","floor":14},{"not_picked":["Reboot","Rainbow"],"picked":"Biased Cognition","floor":16},{"not_picked":["Genetic Algorithm","Rebound+1"],"picked":"Hologram+1","floor":18},{"not_picked":["Sunder+1","Hologram"],"picked":"Loop","floor":19},{"not_picked":["Beam Cell+1","Go for the Eyes+1"],"picked":"Compile Driver+1","floor":24}],"player_experience":130557,"relics_obtained":[{"floor":6,"key":"Orichalcum"},{"floor":8,"key":"Ancient Tea Set"},{"floor":9,"key":"Anchor"},{"floor":10,"key":"Bronze Scales"},{"floor":21,"key":"WingedGreaves"},{"floor":21,"key":"Molten Egg 2"},{"floor":24,"key":"Shovel"}],"event_choices":[{"cards_removed":["Strike_B"],"damage_healed":0,"gold_gain":0,"player_choice":"Card Removal","damage_taken":0,"max_hp_gain":0,"max_hp_loss":0,"event_name":"The Cleric","floor":5,"gold_loss":50},{"damage_healed":0,"gold_gain":0,"player_choice":"Fight","damage_taken":0,"max_hp_gain":0,"max_hp_loss":0,"event_name":"Colosseum","floor":21,"gold_loss":0},{"damage_healed":0,"gold_gain":0,"player_choice":"Fought Nobs","damage_taken":0,"max_hp_gain":0,"max_hp_loss":0,"event_name":"Colosseum","floor":21,"gold_loss":0},{"damage_healed":0,"gold_gain":0,"player_choice":"Joined the Cult","damage_taken":6,"max_hp_gain":0,"max_hp_loss":0,"event_name":"Nest","floor":22,"gold_loss":0,"cards_obtained":["RitualDagger"]}],"is_beta":false,"boss_relics":[{"not_picked":["Orrery","Cursed Key"],"picked":"FrozenCore"}],"items_purged_floors":[20],"is_endless":false,"potions_floor_spawned":[1,6,8,10,14,19,21],"killed_by":"Snake Plant","ascension_level":2}