{"gold_per_floor":[112,127,33,33,46,56,86,86,110,136,35,35,54,72,72,171,171,189,89,108,128,146,174,174,202,214,226,265,295,321,351,363,474,486,511,79,93,105,105,133,133,147,172,202,222,255,255,271,271,271,271,271,7,40,40],"floor_reached":56,"playtime":5596,"items_purged":["Strike_G","Strike_G","Strike_G","Writhe"],"score":1444,"play_id":"fff35775-0f1c-4bb1-afb9-bceb6b831ad2","local_time":"20190424011358","is_ascension_mode":true,"campfire_choices":[{"data":"Neutralize","floor":8,"key":"SMITH"},{"data":"Footwork","floor":12,"key":"SMITH"},{"data":"Noxious Fumes","floor":15,"key":"SMITH"},{"data":"After Image","floor":24,"key":"SMITH"},{"floor":32,"key":"REST"},{"floor":41,"key":"RECALL"},{"data":"Panacea","floor":49,"key":"SMITH"},{"data":"Malaise","floor":52,"key":"SMITH"}],"neow_cost":"NONE","seed_source_timestamp":645109719042528,"circlet_count":0,"master_deck":["Defend_G","Defend_G","Defend_G","Defend_G","Defend_G","Strike_G","Survivor","Neutralize+1","Endless Agony","PiercingWail","Backstab","Noxious Fumes+1","Cloak And Dagger","Escape Plan","Footwork+1","Malaise+1","Cloak And Dagger","Crippling Poison","Well Laid Plans","After Image+1","Poisoned Stab+1","Dagger Throw","Dodge and Roll+1","Backflip","Noxious Fumes+1","Footwork+1","Calculated Gamble","Sucker Punch+1","Deflect","Dagger Spray+1","Prepared+1","Underhanded Strike+1","Cloak And Dagger","Poisoned Stab+1","Panacea+1","Dagger Throw+1","Catalyst","Bouncing Flask"],"relics":["Ring of the Snake","Snake Skull","Blood Vial","Lantern","Cursed Key","Regal Pillow","MawBank","Boot","Eternal Feather","Calipers","Pen Nib","Happy Flower","Dead Branch","Strawberry"],"potions_floor_usage":[28,44,50,55,55,55],"damage_taken":[{"damage":6,"enemies":"Cultist","floor":1,"turns":3},{"damage":1,"enemies":"2 Louse","floor":2,"turns":3},{"damage":0,"enemies":"Jaw Worm","floor":5,"turns":3},{"damage":2,"enemies":"Exordium Thugs","floor":6,"turns":6},{"damage":16,"enemies":"3 Sentries","floor":7,"turns":9},{"damage":14,"enemies":"Gremlin Nob","floor":10,"turns":5},{"damage":4,"enemies":"Blue Slaver","floor":13,"turns":4},{"damage":0,"enemies":"Looter","floor":14,"turns":3},{"damage":0,"enemies":"Hexaghost","floor":16,"turns":12},{"damage":1,"enemies":"Chosen","floor":18,"turns":5},{"damage":7,"enemies":"Spheric Guardian","floor":20,"turns":5},{"damage":0,"enemies":"Centurion and Healer","floor":21,"turns":5},{"damage":1,"enemies":"Snake Plant","floor":22,"turns":5},{"damage":13,"enemies":"Slavers","floor":23,"turns":7},{"damage":3,"enemies":"Gremlin Leader","floor":25,"turns":8},{"damage":18,"enemies":"Slavers","floor":28,"turns":4},{"damage":1,"enemies":"Snecko","floor":29,"turns":6},{"damage":0,"enemies":"Cultist and Chosen","floor":30,"turns":5},{"damage":7,"enemies":"Snake Plant","floor":31,"turns":5},{"damage":16,"enemies":"Collector","floor":33,"turns":9},{"damage":12,"enemies":"3 Shapes","floor":35,"turns":5},{"damage":0,"enemies":"3 Darklings","floor":37,"turns":4},{"damage":4,"enemies":"Maw","floor":38,"turns":9},{"damage":3,"enemies":"Giant Head","floor":40,"turns":12},{"damage":1,"enemies":"Sphere and 2 Shapes","floor":42,"turns":6},{"damage":4,"enemies":"Reptomancer","floor":44,"turns":8},{"damage":20,"enemies":"Spire Growth","floor":45,"turns":7},{"damage":3,"enemies":"Giant Head","floor":46,"turns":10},{"damage":0,"enemies":"Maw","floor":48,"turns":8},{"damage":31,"enemies":"Time Eater","floor":50,"turns":13},{"damage":18,"enemies":"Shield and Spear","floor":54,"turns":5},{"damage":37,"enemies":"The Heart","floor":55,"turns":9}],"seed_played":"1659563869519958072","potions_obtained":[{"floor":1,"key":"Strength Potion"},{"floor":5,"key":"Weak Potion"},{"floor":6,"key":"SkillPotion"},{"floor":20,"key":"LiquidBronze"},{"floor":27,"key":"Explosive Potion"},{"floor":31,"key":"Block Potion"},{"floor":40,"key":"SteroidPotion"},{"floor":44,"key":"GhostInAJar"},{"floor":54,"key":"PowerPotion"}],"is_trial":false,"path_per_floor":["M","M","$","?","M","M","E","R","T","E","$","R","M","M","R","B",null,"M","$","M","M","M","E","R","E","T","?","E","M","M","M","R","B",null,"M","$","M","M","?","E","R","M","T","E","M","E","?","M","R","B",null,"R","$","E","B",null],"character_chosen":"THE_SILENT","items_purchased":["Noxious Fumes","Cloak And Dagger","Cloak And Dagger","Calipers","Deflect","Catalyst","Bouncing Flask"],"campfire_rested":1,"item_purchase_floors":[3,3,11,36,36,53,53],"current_hp_per_floor":[64,63,63,63,63,61,45,45,45,33,33,33,31,33,33,35,70,69,69,63,65,66,55,55,54,54,54,38,39,41,36,70,54,70,58,58,60,58,58,57,66,65,65,62,44,43,43,45,66,35,66,66,66,55,20],"gold":40,"neow_bonus":"THREE_CARDS","is_prod":false,"is_daily":false,"chose_seed":false,"campfire_upgraded":6,"win_rate":0,"timestamp":1556048638,"path_taken":["M","M","$","?","?","M","E","R","T","E","?","R","M","M","R","BOSS","M","$","M","M","M","E","R","E","T","?","E","M","M","M","R","BOSS","M","$","M","M","?","E","R","M","T","E","M","E","?","M","R","BOSS","R","$","E","BOSS"],"build_version":"2019-01-23","purchased_purges":4,"victory":true,"max_hp_per_floor":[70,70,70,70,70,70,70,70,70,70,70,70,70,70,70,70,70,70,70,70,70,70,70,70,70,70,70,70,70,70,70,70,70,70,70,70,70,70,66,66,66,66,66,66,66,66,66,66,66,66,66,66,66,73,73],"card_choices":[{"not_picked":["Quick Slash","Flying Knee"],"picked":"Endless Agony","floor":0},{"not_picked":["Accuracy","Catalyst"],"picked":"PiercingWail","floor":1},{"not_picked":["All Out Attack","Heel Hook"],"picked":"Backstab","floor":2},{"not_picked":["Poisoned Stab","Sucker Punch"],"picked":"Escape Plan","floor":5},{"not_picked":["Eviscerate","Accuracy","Riddle With Holes"],"picked":"SKIP","floor":6},{"not_picked":["Masterful Stab","Finisher"],"picked":"Footwork","floor":7},{"not_picked":["Riddle With Holes","Dodge and Roll"],"picked":"Malaise","floor":10},{"not_picked":["Endless Agony","Dash"],"picked":"Crippling Poison","floor":13},{"not_picked":["Dagger Spray","Calculated Gamble"],"picked":"Well Laid Plans","floor":14},{"not_picked":["Doppelganger","Malaise"],"picked":"After Image","floor":16},{"not_picked":["Blade Dance","Cloak And Dagger"],"picked":"Poisoned Stab+1","floor":18},{"not_picked":["Cloak And Dagger","Deadly Poison"],"picked":"Dagger Throw","floor":20},{"not_picked":["Backstab+1","Outmaneuver"],"picked":"Dodge and Roll+1","floor":21},{"not_picked":["Heel Hook","Terror"],"picked":"Backflip","floor":22},{"not_picked":["Acrobatics","Poisoned Stab","Dagger Spray"],"picked":"SKIP","floor":23},{"not_picked":["Deadly Poison","Leg Sweep"],"picked":"Noxious Fumes+1","floor":25},{"not_picked":["Die Die Die","Reflex"],"picked":"Footwork+1","floor":28},{"not_picked":["Cloak And Dagger","PiercingWail","Choke"],"picked":"SKIP","floor":29},{"not_picked":["Cloak And Dagger","Dash+1","Finisher"],"picked":"SKIP","floor":30},{"not_picked":["Distraction","Footwork"],"picked":"Calculated Gamble","floor":31},{"not_picked":["Outmaneuver","Prepared+1"],"picked":"Sucker Punch+1","floor":35},{"not_picked":["Slice+1","Flying Knee+1"],"picked":"Dagger Spray+1","floor":37},{"not_picked":["Flying Knee","Malaise","PiercingWail"],"picked":"SKIP","floor":38},{"not_picked":["Choke+1","Glass Knife","Masterful Stab"],"picked":"SKIP","floor":40},{"not_picked":["Cloak And Dagger","PiercingWail"],"picked":"Prepared+1","floor":42},{"not_picked":["Sucker Punch+1","All Out Attack"],"picked":"Underhanded Strike+1","floor":44},{"not_picked":["Tactician+1","Deflect+1"],"picked":"Cloak And Dagger","floor":45},{"not_picked":["Outmaneuver+1","Endless Agony+1"],"picked":"Poisoned Stab+1","floor":46},{"not_picked":["PanicButton","Thinking Ahead"],"picked":"Panacea","floor":47},{"not_picked":["Blade Dance","Accuracy"],"picked":"Dagger Throw+1","floor":48},{"not_picked":["Prepared","Reflex+1","Underhanded Strike"],"picked":"SKIP","floor":54}],"player_experience":122160,"relics_obtained":[{"floor":7,"key":"Snake Skull"},{"floor":9,"key":"Blood Vial"},{"floor":10,"key":"Lantern"},{"floor":23,"key":"Regal Pillow"},{"floor":25,"key":"MawBank"},{"floor":28,"key":"Boot"},{"floor":40,"key":"Pen Nib"},{"floor":44,"key":"Happy Flower"},{"floor":46,"key":"Dead Branch"},{"floor":54,"key":"Strawberry"}],"event_choices":[{"cards_removed":["Strike_G"],"damage_healed":0,"gold_gain":0,"player_choice":"Purged","damage_taken":0,"max_hp_gain":0,"max_hp_loss":0,"event_name":"Purifier","floor":4,"gold_loss":0},{"damage_healed":0,"gold_gain":0,"player_choice":"Got Potions","damage_taken":0,"max_hp_gain":0,"max_hp_loss":0,"event_name":"Lab","floor":27,"gold_loss":0},{"damage_healed":0,"gold_gain":0,"player_choice":"Max HP","damage_taken":0,"max_hp_gain":0,"max_hp_loss":4,"event_name":"Winding Halls","floor":39,"gold_loss":0},{"damage_healed":0,"gold_gain":0,"player_choice":"Memory 1","damage_taken":0,"max_hp_gain":0,"max_hp_loss":0,"event_name":"SensoryStone","floor":47,"gold_loss":0}],"is_beta":false,"boss_relics":[{"not_picked":["Runic Dome","White Beast Statue"],"picked":"Cursed Key"},{"not_picked":["Lizard Tail","HoveringKite"],"picked":"Eternal Feather"}],"items_purged_floors":[11,19,36,53],"is_endless":false,"potions_floor_spawned":[1,5,6,7,20,21,23,25,31,33,35,38,40,44,54],"ascension_level":2}