{"gold_per_floor":[111,111,127,146,221,221,249,249,295,295,305,320,1,1,1,126,126,66,66,16,16,16,16,141,177,177,177,177,177],"floor_reached":29,"playtime":828,"items_purged":["Shame"],"score":282,"play_id":"268b1298-a1d9-4a30-ae6b-2c6e53336a69","local_time":"20190424020053","is_ascension_mode":true,"campfire_choices":[{"data":"Conserve Battery","floor":6,"key":"SMITH"},{"data":"Self Repair","floor":8,"key":"SMITH"},{"data":"Beam Cell","floor":10,"key":"SMITH"},{"data":"Multi-Cast","floor":15,"key":"SMITH"},{"data":"Sunder","floor":23,"key":"SMITH"},{"data":"Reinforced Body","floor":28,"key":"SMITH"}],"neow_cost":"NONE","seed_source_timestamp":1097624135278213,"circlet_count":0,"master_deck":["Strike_B+1","Strike_B+1","Strike_B+1","Defend_B+1","Defend_B+1","Defend_B+1","Defend_B+1","Zap","Dualcast","Beam Cell+1","Conserve Battery+1","Skim","Self Repair+1","Cold Snap","Multi-Cast+1","FTL","Injury","Creative AI","Injury","Sunder+1","Reinforced Body+1"],"relics":["Cracked Core","Juzu Bracelet","Smiling Mask","Meat on the Bone","Golden Idol","Calling Bell","Dream Catcher","Ornamental Fan","Torii","MutagenicStrength","Bird Faced Urn","Symbiotic Virus","DataDisk","Toxic Egg 2","Boot"],"potions_floor_usage":[7,24,24,24,25],"damage_taken":[{"damage":2,"enemies":"2 Louse","floor":1,"turns":3},{"damage":6,"enemies":"Cultist","floor":3,"turns":3},{"damage":7,"enemies":"Small Slimes","floor":4,"turns":2},{"damage":24,"enemies":"Gremlin Nob","floor":7,"turns":4},{"damage":8,"enemies":"Blue Slaver","floor":11,"turns":4},{"damage":2,"enemies":"Large Slime","floor":12,"turns":6},{"damage":27,"enemies":"The Guardian","floor":16,"turns":14},{"damage":26,"enemies":"2 Thieves","floor":18,"turns":4},{"damage":53,"enemies":"Colosseum Slavers","floor":24,"turns":6},{"damage":14,"enemies":"Colosseum Nobs","floor":24,"turns":5},{"damage":34,"enemies":"Slavers","floor":25,"turns":7},{"damage":38,"enemies":"Gremlin Leader","floor":29,"turns":4}],"seed_played":"2433574819337839241","potions_obtained":[{"floor":2,"key":"FearPotion"},{"floor":2,"key":"PowerPotion"},{"floor":2,"key":"Strength Potion"},{"floor":4,"key":"Fire Potion"},{"floor":11,"key":"Fruit Juice"},{"floor":24,"key":"Poison Potion"}],"is_trial":false,"path_per_floor":["M","?","M","M","?","R","E","R","T","R","M","M","$","?","R","B",null,"M","?","$","?","?","R","?","E","T","T","R","E"],"character_chosen":"DEFECT","items_purchased":["Meat on the Bone","FTL"],"campfire_rested":0,"item_purchase_floors":[13,13],"current_hp_per_floor":[73,73,67,60,49,49,25,25,25,25,27,35,35,35,35,30,75,59,59,59,59,59,59,41,31,31,31,31,0],"gold":177,"neow_bonus":"REMOVE_CARD","is_prod":false,"is_daily":false,"chose_seed":false,"campfire_upgraded":6,"win_rate":0,"timestamp":1556067653,"path_taken":["M","?","?","M","?","R","E","R","T","R","M","M","$","?","R","BOSS","M","?","?","?","?","R","?","E","T","?","R","E"],"build_version":"2019-01-23","purchased_purges":1,"victory":false,"max_hp_per_floor":[75,75,75,75,75,75,75,75,75,75,75,75,75,75,75,75,75,75,75,75,75,75,75,80,80,80,80,80,80],"card_choices":[{"not_picked":["Turbo","Coolheaded"],"picked":"Beam Cell","floor":1},{"not_picked":["Compile Driver","Cold Snap"],"picked":"Conserve Battery","floor":3},{"not_picked":["Redo","Conserve Battery"],"picked":"Skim","floor":4},{"not_picked":["Turbo","Sweeping Beam"],"picked":"Self Repair","floor":7},{"not_picked":["Hologram","Chill"],"picked":"Cold Snap","floor":11},{"not_picked":["Storm","Beam Cell"],"picked":"Multi-Cast","floor":12},{"not_picked":["Hyperbeam","Multi-Cast"],"picked":"Creative AI","floor":16},{"not_picked":["Beam Cell","Steam"],"picked":"Sunder","floor":18},{"not_picked":["Hologram","Sunder"],"picked":"Reinforced Body","floor":25}],"player_experience":448115,"relics_obtained":[{"floor":7,"key":"Juzu Bracelet"},{"floor":9,"key":"Smiling Mask"},{"floor":17,"key":"Dream Catcher"},{"floor":17,"key":"Ornamental Fan"},{"floor":17,"key":"Torii"},{"floor":24,"key":"Bird Faced Urn"},{"floor":24,"key":"Symbiotic Virus"},{"floor":25,"key":"DataDisk"},{"floor":26,"key":"Toxic Egg 2"},{"floor":27,"key":"Boot"}],"event_choices":[{"damage_healed":0,"gold_gain":0,"player_choice":"Got Potions","damage_taken":0,"max_hp_gain":0,"max_hp_loss":0,"event_name":"Lab","floor":2,"gold_loss":0},{"damage_healed":0,"gold_gain":75,"player_choice":"Gather Gold","damage_taken":11,"max_hp_gain":0,"max_hp_loss":0,"event_name":"World of Goop","floor":5,"gold_loss":0},{"damage_healed":0,"gold_gain":0,"player_choice":"Take Wound","damage_taken":0,"relics_obtained":["Golden Idol"],"max_hp_gain":0,"max_hp_loss":0,"event_name":"Golden Idol","floor":14,"gold_loss":0,"cards_obtained":["Injury"]},{"cards_removed":["Regret"],"damage_healed":0,"gold_gain":0,"player_choice":"Purged","damage_taken":0,"max_hp_gain":0,"max_hp_loss":0,"event_name":"Purifier","floor":19,"gold_loss":0},{"damage_healed":0,"gold_gain":0,"player_choice":"Inject Mutagens","damage_taken":0,"relics_obtained":["MutagenicStrength"],"max_hp_gain":0,"max_hp_loss":0,"event_name":"Drug Dealer","floor":21,"gold_loss":0},{"damage_healed":0,"gold_gain":0,"player_choice":"Simplicity","damage_taken":0,"max_hp_gain":0,"max_hp_loss":0,"event_name":"Back to Basics","floor":22,"gold_loss":0,"cards_upgraded":["Strike_B","Strike_B","Strike_B","Defend_B","Defend_B","Defend_B","Defend_B"]},{"damage_healed":0,"gold_gain":0,"player_choice":"Fight","damage_taken":0,"max_hp_gain":0,"max_hp_loss":0,"event_name":"Colosseum","floor":24,"gold_loss":0},{"damage_healed":0,"gold_gain":0,"player_choice":"Fought Nobs","damage_taken":0,"max_hp_gain":0,"max_hp_loss":0,"event_name":"Colosseum","floor":24,"gold_loss":0}],"is_beta":false,"boss_relics":[{"not_picked":["Philosopher\u0027s Stone","Orrery"],"picked":"Calling Bell"}],"items_purged_floors":[20],"is_endless":false,"potions_floor_spawned":[4,11,12,24,24],"killed_by":"Gremlin Leader","ascension_level":4}