{"path_per_floor":["M","?","M","$","M","R","E","?","T","M","M","M","M","E","R","B",null,"M","M","$","M","?","R","?"],"character_chosen":"IRONCLAD","items_purchased":["True Grit"],"gold_per_floor":[115,190,206,131,143,143,178,178,178,197,216,231,244,274,274,374,374,389,406,254,274,274,274,274],"floor_reached":25,"campfire_rested":1,"playtime":1902,"current_hp_per_floor":[80,69,72,72,72,72,58,58,58,64,70,76,80,63,63,31,80,80,61,61,11,11,35,35],"items_purged":["Strike_R","Defend_R"],"gold":274,"score":215,"play_id":"f70b5508-0f30-43cb-84f4-289de906279d","local_time":"20180313015344","is_prod":false,"is_daily":false,"is_ascension_mode":false,"campfire_upgraded":2,"timestamp":1520920424,"path_taken":["M","?","?","$","M","R","E","?","T","M","?","M","?","E","R","BOSS","M","M","$","M","?","R","?","E"],"build_version":"2018-03-09","purchased_purges":2,"victory":false,"master_deck":["Strike_R","Strike_R","Strike_R","Defend_R","Defend_R","Bash","Armaments+1","Rampage+1","Battle Trance","Battle Trance","Flex","Burning Pact","Shrug It Off","True Grit"],"max_hp_per_floor":[80,80,80,80,80,80,80,80,80,80,80,80,80,80,80,80,80,80,80,80,80,80,80,80],"relics":["Burning Blood","Ancient Tea Set","Darkstone Periapt","Frozen Eye","Vajra","Black Star","Oddly Smooth Stone"],"card_choices":[{"not_picked":["Sever Soul","Evolve"],"picked":"Armaments"},{"not_picked":["Thunderclap","True Grit"],"picked":"Rampage"},{"not_picked":["Burning Pact","Armaments"],"picked":"Battle Trance"},{"not_picked":["True Grit","Bludgeon"],"picked":"Battle Trance"},{"not_picked":["Whirlwind","Anger"],"picked":"Flex"},{"not_picked":["Fire Breathing","Sword Boomerang"],"picked":"Burning Pact"},{"not_picked":["Heavy Blade","Cleave"],"picked":"Shrug It Off"}],"player_experience":65668,"potions_floor_usage":[14,18,25],"damage_taken":[{"damage":6,"enemies":"Jaw Worm","floor":1,"turns":3},{"damage":3,"enemies":"Small Slimes","floor":3,"turns":4},{"damage":6,"enemies":"2 Louse","floor":5,"turns":3},{"damage":20,"enemies":"3 Sentries","floor":7,"turns":9},{"damage":0,"enemies":"Red Slaver","floor":10,"turns":3},{"damage":0,"enemies":"2 Fungi Beasts","floor":11,"turns":3},{"damage":0,"enemies":"Looter","floor":12,"turns":4},{"damage":0,"enemies":"Red Slaver","floor":13,"turns":3},{"damage":26,"enemies":"Gremlin Nob","floor":14,"turns":4},{"damage":38,"enemies":"Hexaghost","floor":16,"turns":9},{"damage":0,"enemies":"Spheric Guardian","floor":18,"turns":3},{"damage":25,"enemies":"3 Byrds","floor":19,"turns":8},{"damage":56,"enemies":"Cultist and Chosen","floor":21,"turns":9},{"damage":54,"enemies":"Book of Stabbing","floor":25,"turns":7}],"event_choices":[{"event_name":"World of Goop","player_choice":"Gather Gold","floor":2,"damage_taken":0},{"event_name":"Bonfire Elementals","player_choice":"BASIC","floor":8,"damage_taken":0},{"event_name":"The Mausoleum","player_choice":"Yes","floor":22,"damage_taken":0},{"event_name":"Back to Basics","player_choice":"Elegance","floor":24,"damage_taken":0}],"boss_relics":[{"not_picked":["Runic Cube","Ectoplasm"],"picked":"Black Star"}],"potions_floor_spawned":[1,5,7,11,19],"seed_played":"8464475374004064580","killed_by":"Book of Stabbing","ascension_level":0,"is_trial":false}