{"gold_per_floor":[141,161,161,161,43,43,78,103,126,139,154,165,165,185,185,259,259,273,273,285,285,285,285,319,369,369,404,404],"floor_reached":28,"playtime":2683,"items_purged":[],"score":512,"play_id":"5b98c55e-e6f1-41e9-a6a9-32f58b0d6395","local_time":"20190218015029","is_ascension_mode":true,"campfire_choices":[{"data":"Inflame","floor":6.0,"key":"SMITH"},{"data":"Spot Weakness","floor":13.0,"key":"SMITH"},{"data":"Bash","floor":15.0,"key":"SMITH"},{"floor":23.0,"key":"REST"}],"neow_cost":"NONE","seed_source_timestamp":1990667422898844,"circlet_count":0,"master_deck":["AscendersBane","Strike_R+1","Strike_R+1","Strike_R+1","Strike_R+1","Strike_R+1","Defend_R+1","Defend_R+1","Defend_R+1","Defend_R+1","Bash+1","Headbutt","Flame Barrier","Spot Weakness+1","Inflame+1","Sword Boomerang","Second Wind","Double Tap","Shrug It Off","Offering"],"special_seed":0,"relics":["Burning Blood","Tiny Chest","Pantograph","Regal Pillow","Bronze Scales","Orichalcum","Black Star","Pen Nib","Incense Burner","Molten Egg 2","Red Skull","Art of War"],"potions_floor_usage":[28],"damage_taken":[{"damage":1.0,"enemies":"Cultist","floor":1.0,"turns":4.0},{"damage":9.0,"enemies":"2 Louse","floor":2.0,"turns":2.0},{"damage":45.0,"enemies":"3 Sentries","floor":7.0,"turns":11.0},{"damage":7.0,"enemies":"Jaw Worm","floor":10.0,"turns":2.0},{"damage":11.0,"enemies":"Exordium Wildlife","floor":11.0,"turns":5.0},{"damage":15.0,"enemies":"Large Slime","floor":12.0,"turns":6.0},{"damage":5.0,"enemies":"Looter","floor":14.0,"turns":2.0},{"damage":21.0,"enemies":"Hexaghost","floor":16.0,"turns":7.0},{"damage":12.0,"enemies":"Spheric Guardian","floor":18.0,"turns":4.0},{"damage":24.0,"enemies":"Shell Parasite","floor":20.0,"turns":5.0},{"damage":31.0,"enemies":"Book of Stabbing","floor":24.0,"turns":4.0},{"damage":42.0,"enemies":"Slavers","floor":27.0,"turns":4.0},{"damage":0,"enemies":"3 Cultists","floor":28,"turns":3}],"seed_played":"-4006948942486636802","potions_obtained":[{"floor":1.0,"key":"Ancient Potion"},{"floor":11.0,"key":"FearPotion"},{"floor":12.0,"key":"Dexterity Potion"},{"floor":24.0,"key":"Ancient Potion"},{"floor":27.0,"key":"SteroidPotion"}],"is_trial":false,"path_per_floor":["M","M","T","?","$","R","E","T","T","M","M","M","R","M","R","B",null,"M","?","M","T","?","R","E","?","T","E","M"],"character_chosen":"IRONCLAD","items_purchased":["Spot Weakness","Inflame"],"campfire_rested":1,"item_purchase_floors":[5,5],"current_hp_per_floor":[73,70,70,70,70,70,31,31,31,30,25,16,16,17,17,27,63,57,57,39,39,39,75,50,50,50,14,14],"gold":404,"neow_bonus":"RANDOM_COMMON_RELIC","is_prod":false,"is_daily":false,"chose_seed":false,"campfire_upgraded":3,"win_rate":0,"timestamp":1550483429,"path_taken":["M","M","?","?","$","R","E","?","T","M","M","M","R","M","R","BOSS","M","?","M","?","?","R","E","?","T","E","M"],"build_version":"2019-02-06","purchased_purges":0,"victory":false,"max_hp_per_floor":[75,75,75,75,75,75,75,75,75,75,75,75,75,75,75,75,75,75,75,75,75,75,75,75,75,75,75,75],"card_choices":[{"not_picked":["True Grit","Havoc"],"picked":"Headbutt","floor":1.0},{"not_picked":["Bloodletting","Dual Wield"],"picked":"Flame Barrier","floor":2.0},{"not_picked":["Sever Soul","Anger"],"picked":"Sword Boomerang","floor":7.0},{"not_picked":["Burning Pact","Perfected Strike","Clothesline"],"picked":"SKIP","floor":10.0},{"not_picked":["Rage","Power Through"],"picked":"Second Wind","floor":11.0},{"not_picked":["Iron Wave","Rupture","Fire Breathing"],"picked":"SKIP","floor":12.0},{"not_picked":["Wild Strike","Headbutt","Bloodletting"],"picked":"SKIP","floor":14.0},{"not_picked":["Barricade","Juggernaut"],"picked":"Double Tap","floor":16.0},{"not_picked":["Armaments","Clash","Cleave"],"picked":"SKIP","floor":18.0},{"not_picked":["Clash","Wild Strike","Perfected Strike"],"picked":"SKIP","floor":20.0},{"not_picked":["Fire Breathing","Uppercut"],"picked":"Offering","floor":24.0},{"not_picked":["Sentinel","Headbutt+1","Metallicize"],"picked":"SKIP","floor":27.0}],"player_experience":1200184,"relics_obtained":[{"floor":3.0,"key":"Pantograph"},{"floor":7.0,"key":"Regal Pillow"},{"floor":8.0,"key":"Bronze Scales"},{"floor":9.0,"key":"Orichalcum"},{"floor":24.0,"key":"Pen Nib"},{"floor":24.0,"key":"Incense Burner"},{"floor":26.0,"key":"Molten Egg 2"},{"floor":27.0,"key":"Red Skull"},{"floor":27.0,"key":"Art of War"}],"event_choices":[{"damage_healed":0.0,"max_hp_gain":0.0,"max_hp_loss":0.0,"gold_gain":0.0,"event_name":"The Cleric","player_choice":"Leave","floor":4.0,"gold_loss":0.0,"damage_taken":0.0},{"damage_healed":0.0,"max_hp_gain":0.0,"max_hp_loss":0.0,"gold_gain":0.0,"event_name":"Back to Basics","player_choice":"Simplicity","floor":19.0,"gold_loss":0.0,"damage_taken":0.0,"cards_upgraded":["Strike_R","Strike_R","Strike_R","Strike_R","Strike_R","Defend_R","Defend_R","Defend_R","Defend_R"]},{"damage_healed":0.0,"max_hp_gain":0.0,"max_hp_loss":0.0,"gold_gain":0.0,"event_name":"The Library","player_choice":"Read","floor":22.0,"gold_loss":0.0,"damage_taken":0.0,"cards_obtained":["Shrug It Off"]},{"damage_healed":0.0,"max_hp_gain":0.0,"max_hp_loss":0.0,"gold_gain":50.0,"event_name":"Nest","player_choice":"Stole From Cult","floor":25.0,"gold_loss":0.0,"damage_taken":0.0}],"is_beta":true,"boss_relics":[{"not_picked":["Busted Crown","Eternal Feather"],"picked":"Black Star"}],"items_purged_floors":[],"is_endless":false,"potions_floor_spawned":[1,11,12,16,24,27],"killed_by":"3 Cultists","ascension_level":20}