{"gold_per_floor":[210,224,28,28,40,40,58,92,92,92,106,141,154,211,211,283,283,301,320,167,178,178,178,178],"floor_reached":24,"playtime":1071,"items_purged":["Strike_B","Strike_B"],"score":416,"play_id":"c8e432d4-d454-44f0-81ae-c780fd8efc18","local_time":"20190226235101","is_ascension_mode":true,"campfire_choices":[{"data":"Loop","floor":6.0,"key":"SMITH"},{"floor":10,"key":"REST"},{"data":"Hyperbeam","floor":15,"key":"SMITH"},{"data":"Seek","floor":23,"key":"SMITH"}],"neow_cost":"NONE","seed_source_timestamp":2508044186057556,"circlet_count":0,"master_deck":["AscendersBane","Strike_B","Strike_B","Defend_B+1","Defend_B","Defend_B","Defend_B","Zap","Dualcast","Rip and Tear","Conserve Battery","Consume+1","Loop+1","Coolheaded","Conserve Battery","Hyperbeam+1","White Noise","Reinforced Body","Glacier","Echo Form","Blizzard","Coolheaded","Self Repair","Seek+1"],"special_seed":0,"relics":["Cracked Core","Girya","Pantograph","Mercury Hourglass","FossilizedHelix","Nuclear Battery"],"potions_floor_usage":[8,24],"damage_taken":[{"damage":1.0,"enemies":"2 Louse","floor":1.0,"turns":3.0},{"damage":7.0,"enemies":"Jaw Worm","floor":2.0,"turns":2.0},{"damage":0.0,"enemies":"Cultist","floor":5.0,"turns":3.0},{"damage":5.0,"enemies":"2 Fungi Beasts","floor":7.0,"turns":4.0},{"damage":19,"enemies":"3 Sentries","floor":8,"turns":6},{"damage":0,"enemies":"Exordium Thugs","floor":11,"turns":3},{"damage":11,"enemies":"Lagavulin","floor":12,"turns":9},{"damage":0,"enemies":"Exordium Wildlife","floor":13,"turns":1},{"damage":20,"enemies":"Lagavulin Event","floor":14,"turns":8},{"damage":1,"enemies":"The Guardian","floor":16,"turns":16},{"damage":0,"enemies":"3 Byrds","floor":18,"turns":5},{"damage":8,"enemies":"Shell Parasite","floor":19,"turns":10},{"damage":14,"enemies":"Sentry and Sphere","floor":21,"turns":10},{"damage":24,"enemies":"Gremlin Leader","floor":24,"turns":4}],"seed_played":"-3144315095255806297","potions_obtained":[{"floor":1.0,"key":"FearPotion"},{"floor":2.0,"key":"EssenceOfSteel"},{"floor":7.0,"key":"SpeedPotion"},{"floor":12,"key":"Swift Potion"},{"floor":16,"key":"FocusPotion"}],"is_trial":false,"path_per_floor":["M","M","$","?","M","R","M","E","T","R","M","E","M","?","R","B",null,"M","M","$","M","?","R","E"],"character_chosen":"DEFECT","items_purchased":["Consume","Loop","Coolheaded"],"campfire_rested":1,"item_purchase_floors":[3,3,20],"current_hp_per_floor":[63,56,56,35,35,35,30,11,11,32,32,21,21,1,1,25,60,60,52,52,38,38,38,14],"gold":178,"neow_bonus":"HUNDRED_GOLD","is_prod":false,"is_daily":false,"chose_seed":false,"campfire_upgraded":3,"win_rate":0,"timestamp":1551253861,"path_taken":["M","M","$","?","M","R","M","E","T","R","M","E","M","?","R","BOSS","M","M","$","M","?","R","E"],"build_version":"2019-02-06","purchased_purges":2,"victory":false,"max_hp_per_floor":[71,71,71,71,71,71,71,71,71,71,71,71,71,71,71,71,71,71,71,71,71,71,71,71],"card_choices":[{"not_picked":["Double Energy","Go for the Eyes"],"picked":"Rip and Tear","floor":1.0},{"not_picked":["Compile Driver","Turbo"],"picked":"Conserve Battery","floor":2.0},{"not_picked":["Redo","Force Field"],"picked":"Coolheaded","floor":5.0},{"not_picked":["Streamline","Redo"],"picked":"Conserve Battery","floor":7.0},{"not_picked":["Stack","Conserve Battery"],"picked":"Hyperbeam","floor":8},{"not_picked":["Turbo","Blizzard","Stack"],"picked":"SKIP","floor":11},{"not_picked":["Scrape","Doom and Gloom"],"picked":"White Noise","floor":12},{"not_picked":["Stack","Melter"],"picked":"Reinforced Body","floor":13},{"not_picked":["Steam","Rebound"],"picked":"Glacier","floor":14},{"not_picked":["Reboot","Fission"],"picked":"Echo Form","floor":16},{"not_picked":["Go for the Eyes","Barrage","Steam"],"picked":"SKIP","floor":18},{"not_picked":["Skim","Stack"],"picked":"Blizzard","floor":19},{"not_picked":["Barrage","Reprogram"],"picked":"Self Repair","floor":21}],"player_experience":1271774,"relics_obtained":[{"floor":8,"key":"Girya"},{"floor":9,"key":"Pantograph"},{"floor":12,"key":"Mercury Hourglass"},{"floor":14,"key":"FossilizedHelix"}],"event_choices":[{"damage_healed":0.0,"max_hp_gain":0.0,"max_hp_loss":0.0,"gold_gain":0.0,"event_name":"Shining Light","player_choice":"Entered Light","floor":4.0,"gold_loss":0.0,"damage_taken":21.0,"cards_upgraded":["Defend_B","Consume"]},{"damage_healed":0,"gold_gain":30,"player_choice":"Searched \u00272\u0027 times","damage_taken":0,"max_hp_gain":0,"max_hp_loss":0,"event_name":"Dead Adventurer","floor":14,"gold_loss":0},{"damage_healed":0,"gold_gain":0,"player_choice":"Read","damage_taken":0,"max_hp_gain":0,"max_hp_loss":0,"event_name":"The Library","floor":22,"gold_loss":0,"cards_obtained":["Seek"]}],"is_beta":true,"boss_relics":[{"not_picked":["FrozenCore","Cursed Key"],"picked":"Nuclear Battery"}],"items_purged_floors":[3,20],"is_endless":false,"potions_floor_spawned":[1,2,7,12,16,18],"killed_by":"Gremlin Leader","ascension_level":20}