{"gold_per_floor":[219,18,18,32,52,52,82,82,82,82,92,92,127,127,127,201,201,183,196,208,208,208,208,221,221],"floor_reached":25,"playtime":1174,"items_purged":["Strike_R"],"score":380,"play_id":"140103e1-e30b-4827-bd57-5983703db918","local_time":"20190422215145","is_ascension_mode":true,"campfire_choices":[{"data":"Bash","floor":6,"key":"SMITH"},{"data":"Metallicize","floor":8,"key":"SMITH"},{"data":"Iron Wave","floor":12,"key":"SMITH"},{"data":"1","floor":15,"key":"LIFT"},{"data":"2","floor":23,"key":"LIFT"}],"neow_cost":"NONE","seed_source_timestamp":867118495113500,"circlet_count":0,"master_deck":["AscendersBane","Strike_R","Strike_R","Defend_R","Defend_R","Defend_R","Defend_R","Bash+1","Pommel Strike","Metallicize+1","Pommel Strike","Iron Wave+1","Shrug It Off","Impervious","Battle Trance","Pommel Strike","Shrug It Off","Disarm","True Grit","Disarm"],"relics":["Burning Blood","Girya","Bird Faced Urn","Peace Pipe","Prayer Wheel","FossilizedHelix","Snecko Eye"],"potions_floor_usage":[7,16,25],"damage_taken":[{"damage":10,"enemies":"Cultist","floor":1,"turns":4},{"damage":4,"enemies":"Jaw Worm","floor":4,"turns":4},{"damage":4,"enemies":"Small Slimes","floor":5,"turns":3},{"damage":16,"enemies":"Gremlin Nob","floor":7,"turns":3},{"damage":4,"enemies":"2 Fungi Beasts","floor":11,"turns":4},{"damage":24,"enemies":"3 Sentries","floor":13,"turns":9},{"damage":12,"enemies":"Hexaghost","floor":16,"turns":8},{"damage":11,"enemies":"2 Thieves","floor":18,"turns":4},{"damage":0,"enemies":"Chosen","floor":19,"turns":5},{"damage":0,"enemies":"Snecko","floor":20,"turns":6},{"damage":12,"enemies":"Snake Plant","floor":24,"turns":5},{"damage":61,"enemies":"Gremlin Leader","floor":25,"turns":6}],"seed_played":"-4331630716452471957","potions_obtained":[{"floor":1,"key":"Strength Potion"},{"floor":4,"key":"SteroidPotion"},{"floor":11,"key":"PowerPotion"},{"floor":18,"key":"Ancient Potion"}],"is_trial":false,"path_per_floor":["M","$","?","M","M","R","E","R","T","T","M","R","E","?","R","B",null,"M","M","M","?","?","R","M","E"],"character_chosen":"IRONCLAD","items_purchased":["Pommel Strike","Metallicize"],"campfire_rested":0,"item_purchase_floors":[2,2],"current_hp_per_floor":[64,64,64,66,68,68,58,58,58,58,62,62,46,46,46,44,67,64,72,75,54,54,54,50,0],"gold":221,"neow_bonus":"HUNDRED_GOLD","is_prod":false,"is_daily":false,"chose_seed":false,"campfire_upgraded":3,"win_rate":0,"timestamp":1555962705,"path_taken":["M","$","?","?","M","R","E","R","T","?","M","R","E","?","R","BOSS","M","M","?","?","?","R","M","E"],"build_version":"2019-01-23","purchased_purges":1,"victory":false,"max_hp_per_floor":[75,75,75,75,75,75,75,75,75,75,75,75,75,75,75,75,75,75,75,75,80,80,80,80,80],"card_choices":[{"not_picked":["Power Through","Anger","Perfected Strike"],"picked":"SKIP","floor":1},{"not_picked":["Sever Soul","Havoc"],"picked":"Pommel Strike","floor":4},{"not_picked":["Dual Wield","Clothesline","Body Slam"],"picked":"SKIP","floor":5},{"not_picked":["Sword Boomerang","Twin Strike"],"picked":"Iron Wave","floor":7},{"not_picked":["Fire Breathing","Anger","Wild Strike"],"picked":"SKIP","floor":11},{"not_picked":["Clash","Cleave","Body Slam"],"picked":"SKIP","floor":11},{"not_picked":["True Grit","Body Slam"],"picked":"Shrug It Off","floor":13},{"not_picked":["Berserk","Bludgeon"],"picked":"Impervious","floor":16},{"not_picked":["Bloodletting","Anger+1"],"picked":"Battle Trance","floor":18},{"not_picked":["Iron Wave","Clash"],"picked":"Pommel Strike","floor":18},{"not_picked":["Blood for Blood","Rampage"],"picked":"Shrug It Off","floor":19},{"not_picked":["Sword Boomerang","Sever Soul","Fiend Fire"],"picked":"SKIP","floor":19},{"not_picked":["Shrug It Off","Metallicize"],"picked":"Disarm","floor":20},{"not_picked":["Second Wind","Body Slam"],"picked":"True Grit","floor":20},{"not_picked":["Warcry","Wild Strike","Thunderclap+1"],"picked":"SKIP","floor":24},{"not_picked":["Evolve","Rampage","Headbutt"],"picked":"SKIP","floor":24}],"player_experience":281705,"relics_obtained":[{"floor":7,"key":"Bird Faced Urn"},{"floor":9,"key":"Peace Pipe"},{"floor":10,"key":"Prayer Wheel"},{"floor":13,"key":"FossilizedHelix"}],"event_choices":[{"damage_healed":0,"gold_gain":0,"player_choice":"Gave Potion","damage_taken":0,"relics_obtained":["Girya"],"max_hp_gain":0,"max_hp_loss":0,"event_name":"WeMeetAgain","floor":3,"gold_loss":0},{"cards_removed":["Strike_R"],"damage_healed":0,"gold_gain":0,"player_choice":"Offered Basic","damage_taken":0,"max_hp_gain":0,"max_hp_loss":0,"event_name":"Bonfire Elementals","floor":14,"gold_loss":0},{"damage_healed":0,"gold_gain":0,"player_choice":"Shed Blood","damage_taken":26,"max_hp_gain":5,"max_hp_loss":0,"event_name":"Forgotten Altar","floor":21,"gold_loss":0},{"damage_healed":0,"gold_gain":0,"cards_transformed":["Strike_R"],"player_choice":"Transformed","damage_taken":0,"max_hp_gain":0,"max_hp_loss":0,"event_name":"Transmorgrifier","floor":22,"gold_loss":0,"cards_obtained":["Disarm"]}],"is_beta":false,"boss_relics":[{"not_picked":["Runic Dome","Sozu"],"picked":"Snecko Eye"}],"items_purged_floors":[2],"is_endless":false,"potions_floor_spawned":[1,4,11,18],"killed_by":"Gremlin Leader","ascension_level":16}