{"gold_per_floor":[110,121,141,141,157,157,176,205,280,296,326,326,162,178,178,278,278,293,293,306,323,323,323],"floor_reached":23,"playtime":6230,"items_purged":["Amplify"],"score":205,"play_id":"7dd3f075-fe4c-4ac2-9b1f-9a9b6b6ecc5b","local_time":"20190421130348","is_ascension_mode":false,"campfire_choices":[{"data":"Dualcast","floor":6,"key":"SMITH"},{"floor":15,"key":"REST"}],"neow_cost":"NONE","seed_source_timestamp":1004795777049323,"circlet_count":0,"master_deck":["Strike_B","Strike_B","Strike_B","Defend_B","Defend_B","Defend_B","Zap","Dualcast+1","Conserve Battery","Conserve Battery","BootSequence","Melter","Chaos","Tempest","Finesse","Tempest","All For One","Gash+1","Creative AI+1","Stack+1","Gash+1","Static Discharge"],"relics":["Cracked Core","NeowsBlessing","Lantern","Calipers","Letter Opener","Bag of Marbles","Centennial Puzzle","Astrolabe"],"potions_floor_usage":[8,16,16,23,23],"damage_taken":[{"damage":0,"enemies":"Jaw Worm","floor":1,"turns":1},{"damage":0,"enemies":"Cultist","floor":2,"turns":1},{"damage":0,"enemies":"2 Louse","floor":3,"turns":1},{"damage":5,"enemies":"2 Fungi Beasts","floor":5,"turns":3},{"damage":5,"enemies":"Looter","floor":7,"turns":3},{"damage":22,"enemies":"Gremlin Nob","floor":8,"turns":4},{"damage":0,"enemies":"Blue Slaver","floor":10,"turns":2},{"damage":7,"enemies":"Lagavulin","floor":11,"turns":4},{"damage":0,"enemies":"Large Slime","floor":14,"turns":3},{"damage":28,"enemies":"Hexaghost","floor":16,"turns":11},{"damage":13,"enemies":"3 Byrds","floor":18,"turns":3},{"damage":0,"enemies":"Chosen","floor":20,"turns":4},{"damage":21,"enemies":"Shelled Parasite and Fungi","floor":21,"turns":5},{"damage":27,"enemies":"Slavers","floor":23,"turns":3}],"seed_played":"8420550046419889185","potions_obtained":[{"floor":3,"key":"LiquidBronze"},{"floor":5,"key":"Block Potion"},{"floor":8,"key":"Dexterity Potion"},{"floor":10,"key":"SteroidPotion"},{"floor":11,"key":"Regen Potion"},{"floor":21,"key":"Dexterity Potion"}],"is_trial":false,"path_per_floor":["M","M","M","?","M","R","M","E","T","M","E","?","$","M","R","B",null,"M","?","M","M","?","E"],"character_chosen":"DEFECT","items_purchased":["Finesse"],"campfire_rested":1,"item_purchase_floors":[13],"current_hp_per_floor":[75,75,75,75,70,70,65,43,43,43,36,29,29,29,51,38,75,62,62,62,41,27,0],"gold":323,"neow_bonus":"THREE_ENEMY_KILL","is_prod":false,"is_daily":false,"chose_seed":false,"campfire_upgraded":1,"win_rate":0.0,"timestamp":1555866228,"path_taken":["M","M","M","?","M","R","M","E","T","?","E","?","$","M","R","BOSS","M","?","M","M","?","E"],"build_version":"2019-01-23","purchased_purges":1,"victory":false,"max_hp_per_floor":[75,75,75,75,75,75,75,75,75,75,75,75,75,75,75,75,75,75,75,75,75,80,80],"card_choices":[{"not_picked":["Auto Shields","Self Repair"],"picked":"Conserve Battery","floor":1},{"not_picked":["Go for the Eyes","Coolheaded"],"picked":"Conserve Battery","floor":2},{"not_picked":["Loop","Sweeping Beam"],"picked":"BootSequence","floor":3},{"not_picked":["Steam Power","Lockon"],"picked":"Melter","floor":5},{"not_picked":["Steam","Barrage"],"picked":"Amplify","floor":7},{"not_picked":["Coolheaded","Rebound"],"picked":"Chaos","floor":8},{"not_picked":["Double Energy","Compile Driver"],"picked":"Tempest","floor":10},{"not_picked":["Undo","Double Energy"],"picked":"Chaos","floor":11},{"not_picked":["Steam","Reprogram"],"picked":"Tempest","floor":14},{"not_picked":["Creative AI","Seek"],"picked":"All For One","floor":16},{"not_picked":["Hologram","Coolheaded"],"picked":"Gash+1","floor":18},{"not_picked":["Barrage","Compile Driver","Ball Lightning"],"picked":"SKIP","floor":20},{"not_picked":["Coolheaded+1","Conserve Battery+1"],"picked":"Static Discharge","floor":21}],"player_experience":93270,"relics_obtained":[{"floor":4,"key":"Lantern"},{"floor":8,"key":"Calipers"},{"floor":9,"key":"Letter Opener"},{"floor":11,"key":"Bag of Marbles"}],"event_choices":[{"damage_healed":0,"gold_gain":0,"player_choice":"Relic","damage_taken":0,"max_hp_gain":0,"max_hp_loss":0,"event_name":"Wheel of Change","floor":4,"gold_loss":0},{"damage_healed":0,"gold_gain":0,"player_choice":"Success","damage_taken":7,"relics_obtained":["Centennial Puzzle"],"max_hp_gain":0,"max_hp_loss":0,"event_name":"Scrap Ooze","floor":12,"gold_loss":0},{"damage_healed":0,"gold_gain":0,"player_choice":"Ignored","damage_taken":0,"max_hp_gain":0,"max_hp_loss":0,"event_name":"The Mausoleum","floor":19,"gold_loss":0},{"damage_healed":0,"gold_gain":0,"player_choice":"Shed Blood","damage_taken":19,"max_hp_gain":5,"max_hp_loss":0,"event_name":"Forgotten Altar","floor":22,"gold_loss":0}],"is_beta":false,"boss_relics":[{"not_picked":["Philosopher\u0027s Stone","Tiny House"],"picked":"Astrolabe"}],"items_purged_floors":[13],"is_endless":false,"potions_floor_spawned":[3,5,8,10,11,21],"killed_by":"Slavers","ascension_level":0}