{"gold_per_floor":[118,34,34,46,61,61,79,79,103,114,39,39,52,80,80,156,156,166,177,23,23,51,85,95,15,15,15,47,47,66,91,91,162,162,177,177,193,193,210,236,236,267,267,283,295,308,268,168,168,168,168,168,168,13,44,44],"floor_reached":57,"playtime":4752,"items_purged":["Eviscerate+1","Slice+1"],"score":2744,"play_id":"c9a4ac59-4261-467f-a47d-963c662f85f3","local_time":"20190203032052","is_ascension_mode":true,"campfire_choices":[{"data":"Footwork","floor":6.0,"key":"SMITH"},{"data":"Neutralize","floor":8.0,"key":"SMITH"},{"data":"Poisoned Stab","floor":12.0,"key":"SMITH"},{"data":"Malaise","floor":15.0,"key":"SMITH"},{"data":"Footwork","floor":29.0,"key":"SMITH"},{"floor":32.0,"key":"REST"},{"floor":41.0,"key":"REST"},{"floor":49.0,"key":"RECALL"},{"floor":53,"key":"REST"}],"neow_cost":"NONE","seed_source_timestamp":0,"circlet_count":0,"master_deck":["AscendersBane","Defend_G","Defend_G","Defend_G","Defend_G","Survivor","Neutralize+1","Backflip","Footwork+1","Poisoned Stab+1","Malaise+1","Adrenaline","Adrenaline","Endless Agony+1","Calculated Gamble","Noxious Fumes+1","Footwork+1","Noxious Fumes","Footwork","Concentrate+1","Deadly Poison+1","Dodge and Roll","PiercingWail","Corpse Explosion","Cloak And Dagger+1","Dark Shackles","Dramatic Entrance","Flash of Steel","Escape Plan+1","Deflect","Dodge and Roll","Deflect","Wraith Form v2","Backflip+1"],"special_seed":0,"relics":["Ring of the Snake","NeowsBlessing","Bag of Preparation","Boot","Astrolabe","Nilry\u0027s Codex","Red Mask","Potion Belt","Kunai","Strawberry","Incense Burner","Calipers","Philosopher\u0027s Stone","Ancient Tea Set","Orichalcum","Snake Skull"],"potions_floor_usage":[56,56,56],"damage_taken":[{"damage":0.0,"enemies":"Small Slimes","floor":1.0,"turns":1.0},{"damage":0.0,"enemies":"Cultist","floor":4.0,"turns":1.0},{"damage":0.0,"enemies":"Jaw Worm","floor":5.0,"turns":1.0},{"damage":3.0,"enemies":"Looter","floor":7.0,"turns":5.0},{"damage":2.0,"enemies":"Blue Slaver","floor":10.0,"turns":6.0},{"damage":1.0,"enemies":"Exordium Wildlife","floor":13.0,"turns":6.0},{"damage":18.0,"enemies":"3 Sentries","floor":14.0,"turns":11.0},{"damage":9.0,"enemies":"The Guardian","floor":16.0,"turns":15.0},{"damage":0.0,"enemies":"3 Byrds","floor":18.0,"turns":7.0},{"damage":2.0,"enemies":"Chosen","floor":19.0,"turns":6.0},{"damage":8.0,"enemies":"Masked Bandits","floor":22.0,"turns":6.0},{"damage":19.0,"enemies":"Slavers","floor":23.0,"turns":6.0},{"damage":0.0,"enemies":"Snecko","floor":24.0,"turns":6.0},{"damage":3.0,"enemies":"Gremlin Leader","floor":28.0,"turns":9.0},{"damage":10.0,"enemies":"Shelled Parasite and Fungi","floor":30.0,"turns":4.0},{"damage":5.0,"enemies":"Slavers","floor":31.0,"turns":8.0},{"damage":12.0,"enemies":"Collector","floor":33.0,"turns":11.0},{"damage":3.0,"enemies":"3 Darklings","floor":35.0,"turns":4.0},{"damage":0.0,"enemies":"Orb Walker","floor":37.0,"turns":5.0},{"damage":18.0,"enemies":"3 Darklings","floor":39.0,"turns":3.0},{"damage":11.0,"enemies":"Nemesis","floor":40.0,"turns":7.0},{"damage":0.0,"enemies":"Giant Head","floor":42.0,"turns":10.0},{"damage":0.0,"enemies":"Sphere and 2 Shapes","floor":44.0,"turns":6.0},{"damage":1.0,"enemies":"4 Shapes","floor":45.0,"turns":6.0},{"damage":4.0,"enemies":"Maw","floor":46.0,"turns":9.0},{"damage":2.0,"enemies":"Time Eater","floor":50.0,"turns":21.0},{"damage":18,"enemies":"Awakened One","floor":51,"turns":31},{"damage":29,"enemies":"Shield and Spear","floor":55,"turns":8},{"damage":31,"enemies":"The Heart","floor":56,"turns":13}],"seed_played":"8652382777117405276","potions_obtained":[{"floor":1.0,"key":"SteroidPotion"},{"floor":10.0,"key":"Explosive Potion"},{"floor":16.0,"key":"FairyPotion"},{"floor":19.0,"key":"Explosive Potion"},{"floor":24.0,"key":"Block Potion"},{"floor":28.0,"key":"Energy Potion"},{"floor":30.0,"key":"PowerPotion"},{"floor":37.0,"key":"SkillPotion"},{"floor":40.0,"key":"FearPotion"},{"floor":44.0,"key":"Explosive Potion"},{"floor":46.0,"key":"Strength Potion"},{"floor":47.0,"key":"GhostInAJar"},{"floor":55,"key":"EntropicBrew"}],"is_trial":false,"path_per_floor":["M","$","?","M","M","R","M","R","T","M","?","R","M","E","R","B",null,"M","M","$","?","?","E","M","$","T","T","E","R","M","E","R","B",null,"M","?","M","?","M","E","R","E","T","M","M","M","?","$","R","B","B",null,"R","$","E","B",null],"character_chosen":"THE_SILENT","items_purchased":["Footwork","Footwork","Regen Potion","Wraith Form v2"],"campfire_rested":3,"item_purchase_floors":[2,20,25,54],"current_hp_per_floor":[59,59,59,59,59,59,56,56,56,54,54,54,53,35,35,26,56,56,54,54,33,25,6,6,6,6,13,25,25,15,10,31,19,60,57,47,47,47,29,18,39,39,39,39,38,34,34,34,34,32,14,58,73,73,44,13],"gold":44,"neow_bonus":"THREE_ENEMY_KILL","is_prod":false,"is_daily":false,"chose_seed":false,"campfire_upgraded":5,"win_rate":0,"timestamp":1549192852,"path_taken":["M","$","?","?","M","R","M","R","T","M","?","R","M","E","R","BOSS","M","M","$","?","?","E","M","$","T","?","E","R","M","E","R","BOSS","M","?","M","?","M","E","R","E","T","M","?","M","?","$","R","BOSS","BOSS","R","$","E","BOSS"],"build_version":"2019-01-23","purchased_purges":2,"victory":true,"max_hp_per_floor":[66,66,66,66,66,66,66,66,66,66,66,66,66,66,66,66,66,66,66,66,66,66,66,66,66,66,73,73,73,73,73,73,73,73,73,73,73,73,73,73,73,73,73,73,73,73,73,73,73,73,73,73,73,73,73,73],"card_choices":[{"not_picked":["Escape Plan","Setup"],"picked":"Backflip","floor":1.0},{"not_picked":["Heel Hook","Underhanded Strike","Quick Slash"],"picked":"SKIP","floor":4.0},{"not_picked":["Heel Hook","Slice","Acrobatics"],"picked":"SKIP","floor":5.0},{"not_picked":["Outmaneuver","Riddle With Holes","Reflex"],"picked":"SKIP","floor":7.0},{"not_picked":["Setup","Prepared"],"picked":"Poisoned Stab","floor":10.0},{"not_picked":["Acrobatics","Blade Dance"],"picked":"Malaise","floor":13.0},{"not_picked":["Cloak And Dagger","Blade Dance"],"picked":"Adrenaline","floor":14.0},{"not_picked":["Unload","Bullet Time"],"picked":"Adrenaline","floor":16.0},{"not_picked":["Setup","Caltrops+1"],"picked":"Calculated Gamble","floor":18.0},{"not_picked":["Dagger Spray","Dash"],"picked":"Noxious Fumes+1","floor":19.0},{"not_picked":["Backstab","Sucker Punch"],"picked":"Noxious Fumes","floor":22.0},{"not_picked":["Glass Knife","Sucker Punch"],"picked":"Footwork","floor":23.0},{"not_picked":["Outmaneuver","Masterful Stab"],"picked":"Concentrate+1","floor":24.0},{"not_picked":["Escape Plan","Distraction"],"picked":"Deadly Poison+1","floor":28.0},{"not_picked":["Flechettes","Setup"],"picked":"Dodge and Roll","floor":30.0},{"not_picked":["Die Die Die","Finisher"],"picked":"PiercingWail","floor":31.0},{"not_picked":["Glass Knife","A Thousand Cuts"],"picked":"Corpse Explosion","floor":33.0},{"not_picked":["Bane+1","Riddle With Holes"],"picked":"Cloak And Dagger+1","floor":35.0},{"not_picked":["Panache","Deep Breath"],"picked":"Dark Shackles","floor":36.0},{"not_picked":["Enlightenment","Violence"],"picked":"Dramatic Entrance","floor":36.0},{"not_picked":["Blind","Forethought"],"picked":"Flash of Steel","floor":36.0},{"not_picked":["Flying Knee","Endless Agony","Blade Dance"],"picked":"SKIP","floor":37.0},{"not_picked":["Caltrops+1","Finisher","Tactician"],"picked":"SKIP","floor":39.0},{"not_picked":["Acrobatics+1","Underhanded Strike"],"picked":"Escape Plan+1","floor":40.0},{"not_picked":["Dagger Throw","Deadly Poison"],"picked":"Deflect","floor":42.0},{"not_picked":["Endless Agony","Concentrate"],"picked":"Dodge and Roll","floor":44.0},{"not_picked":["Prepared","Blade Dance","Outmaneuver"],"picked":"SKIP","floor":45.0},{"not_picked":["Cloak And Dagger","Tools of the Trade"],"picked":"Deflect","floor":46.0},{"not_picked":["Poisoned Stab","Outmaneuver"],"picked":"Backflip+1","floor":55}],"player_experience":1074223,"relics_obtained":[{"floor":9.0,"key":"Bag of Preparation"},{"floor":14.0,"key":"Boot"},{"floor":21.0,"key":"Nilry\u0027s Codex"},{"floor":22.0,"key":"Red Mask"},{"floor":23.0,"key":"Potion Belt"},{"floor":26.0,"key":"Kunai"},{"floor":27.0,"key":"Strawberry"},{"floor":28.0,"key":"Incense Burner"},{"floor":31.0,"key":"Calipers"},{"floor":40.0,"key":"Ancient Tea Set"},{"floor":42.0,"key":"Orichalcum"},{"floor":55,"key":"Snake Skull"}],"event_choices":[{"cards_removed":["Strike_G"],"damage_healed":0.0,"max_hp_gain":0.0,"max_hp_loss":0.0,"gold_gain":0.0,"event_name":"Wheel of Change","player_choice":"Card Removal","floor":3.0,"gold_loss":0.0,"damage_taken":0.0},{"cards_removed":["Strike_G"],"damage_healed":0.0,"max_hp_gain":0.0,"max_hp_loss":0.0,"gold_gain":0.0,"event_name":"The Cleric","player_choice":"Card Removal","floor":11.0,"gold_loss":75.0,"damage_taken":0.0},{"damage_healed":0.0,"max_hp_gain":0.0,"max_hp_loss":0.0,"gold_gain":0.0,"event_name":"Cursed Tome","player_choice":"Obtained Book","floor":21.0,"gold_loss":0.0,"damage_taken":21.0},{"damage_healed":0.0,"max_hp_gain":0.0,"max_hp_loss":0.0,"gold_gain":0.0,"event_name":"Masked Bandits","player_choice":"Fought Bandits","floor":22.0,"gold_loss":0.0,"damage_taken":0.0},{"damage_healed":0.0,"max_hp_gain":0.0,"max_hp_loss":0.0,"gold_gain":0.0,"event_name":"SensoryStone","player_choice":"Memory 3","floor":36.0,"gold_loss":0.0,"damage_taken":10.0},{"cards_removed":["Defend_G"],"damage_healed":0.0,"max_hp_gain":0.0,"max_hp_loss":0.0,"gold_gain":0.0,"event_name":"Falling","player_choice":"Removed Skill","floor":38.0,"gold_loss":0.0,"damage_taken":0.0},{"damage_healed":0.0,"max_hp_gain":0.0,"max_hp_loss":0.0,"gold_gain":0.0,"event_name":"The Woman in Blue","player_choice":"Bought 3 Potions","floor":47.0,"gold_loss":0.0,"damage_taken":0.0}],"is_beta":true,"boss_relics":[{"not_picked":["Runic Pyramid","Tiny House"],"picked":"Astrolabe"},{"not_picked":["Lizard Tail","Sozu"],"picked":"Philosopher\u0027s Stone"}],"items_purged_floors":[20,48],"is_endless":false,"potions_floor_spawned":[1,10,16,19,24,28,30,37,40,44,46,55],"ascension_level":20}