{"gold_per_floor":[115,115,129,129,46,79,92,125,173,185,185,204,204,223,223,299,299,318,318,0,14,114,114,142,155,209,209,238,254,288,288,288,367,367,378,378,274,291,310,345,34,34,34,51,51,84,28,41,41,41,41,41,41,41,69,69],"floor_reached":57,"playtime":3453,"items_purged":["Bite","Bite"],"score":2810,"play_id":"19773328-6246-43fe-92e9-7d2f09de636c","local_time":"20190221004516","is_ascension_mode":true,"campfire_choices":[{"data":"Zap","floor":11.0,"key":"SMITH"},{"data":"Biased Cognition","floor":13.0,"key":"SMITH"},{"data":"Coolheaded","floor":15.0,"key":"SMITH"},{"data":"Doom and Gloom","floor":23.0,"key":"SMITH"},{"floor":27.0,"key":"REST"},{"data":"Genetic Algorithm","floor":32.0,"key":"SMITH"},{"data":"Creative AI","floor":42.0,"key":"SMITH"},{"floor":45.0,"key":"RECALL"},{"data":"Seek","floor":49,"key":"SMITH"},{"floor":53,"key":"REST"}],"neow_cost":"NONE","seed_source_timestamp":2169152886447004,"circlet_count":0,"master_deck":["AscendersBane","Defend_B","Defend_B","Defend_B","Defend_B","Zap+1","Dualcast","Conserve Battery","Doom and Gloom+1","Ball Lightning","Biased Cognition+1","Coolheaded+1","Chill","Compile Driver","Ball Lightning","Core Surge","Cold Snap+1","Genetic Algorithm+1","Coolheaded","White Noise","Creative AI+1","Bite","Bite","Bite","Panacea","Hologram","Seek+1","White Noise","Defragment+1"],"special_seed":0,"relics":["Cracked Core","NeowsBlessing","Mercury Hourglass","Boot","Regal Pillow","Velvet Choker","Enchiridion","Bird Faced Urn","Turnip","Singing Bowl","Orichalcum","Ancient Tea Set","Bottled Flame","Bottled Lightning","Runic Dome","Frozen Egg 2","ClockworkSouvenir","Anchor","Blue Candle"],"potions_floor_usage":[56,56],"damage_taken":[{"damage":0.0,"enemies":"2 Louse","floor":1.0,"turns":1.0},{"damage":0.0,"enemies":"Jaw Worm","floor":3.0,"turns":1.0},{"damage":0.0,"enemies":"Gremlin Nob","floor":6.0,"turns":1.0},{"damage":0.0,"enemies":"Cultist","floor":7.0,"turns":3.0},{"damage":20.0,"enemies":"Lagavulin","floor":8.0,"turns":5.0},{"damage":12.0,"enemies":"Exordium Thugs","floor":10.0,"turns":4.0},{"damage":9.0,"enemies":"3 Louse","floor":12.0,"turns":2.0},{"damage":3.0,"enemies":"Red Slaver","floor":14.0,"turns":2.0},{"damage":19.0,"enemies":"Slime Boss","floor":16.0,"turns":7.0},{"damage":0.0,"enemies":"Chosen","floor":18.0,"turns":3.0},{"damage":0.0,"enemies":"3 Byrds","floor":21.0,"turns":4.0},{"damage":13.0,"enemies":"Colosseum Slavers","floor":22.0,"turns":3.0},{"damage":0.0,"enemies":"Colosseum Nobs","floor":22.0,"turns":2.0},{"damage":18.0,"enemies":"Gremlin Leader","floor":24.0,"turns":4.0},{"damage":23.0,"enemies":"Shelled Parasite and Fungi","floor":25.0,"turns":4.0},{"damage":16.0,"enemies":"Book of Stabbing","floor":28.0,"turns":4.0},{"damage":10.0,"enemies":"Snecko","floor":29.0,"turns":4.0},{"damage":0.0,"enemies":"Gremlin Leader","floor":30.0,"turns":5.0},{"damage":39.0,"enemies":"Automaton","floor":33.0,"turns":9.0},{"damage":36.0,"enemies":"3 Darklings","floor":35.0,"turns":12.0},{"damage":10.0,"enemies":"3 Shapes","floor":38.0,"turns":6.0},{"damage":13.0,"enemies":"Writhing Mass","floor":39.0,"turns":5.0},{"damage":19.0,"enemies":"Nemesis","floor":40.0,"turns":11.0},{"damage":4.0,"enemies":"Spire Growth","floor":44.0,"turns":7.0},{"damage":14.0,"enemies":"Giant Head","floor":46.0,"turns":11.0},{"damage":40.0,"enemies":"Jaw Worm Horde","floor":48.0,"turns":4.0},{"damage":24,"enemies":"Time Eater","floor":50,"turns":23},{"damage":169,"enemies":"Awakened One","floor":51,"turns":33},{"damage":72,"enemies":"Shield and Spear","floor":55,"turns":21},{"damage":92,"enemies":"The Heart","floor":56,"turns":9}],"seed_played":"2695084335512103231","potions_obtained":[{"floor":3.0,"key":"Poison Potion"},{"floor":7.0,"key":"Poison Potion"},{"floor":12.0,"key":"Regen Potion"},{"floor":14.0,"key":"PowerPotion"},{"floor":21.0,"key":"SkillPotion"},{"floor":22.0,"key":"Weak Potion"},{"floor":30.0,"key":"Strength Potion"},{"floor":33.0,"key":"Dexterity Potion"},{"floor":40.0,"key":"PowerPotion"},{"floor":44.0,"key":"PowerPotion"}],"is_trial":false,"path_per_floor":["M","?","M","?","$","E","M","E","T","M","R","M","R","M","R","B",null,"M","?","$","M","?","R","E","M","T","R","E","M","E","?","R","B",null,"M","?","$","M","M","E","$","R","T","M","R","E","$","M","R","B","B",null,"R","$","E","B",null],"character_chosen":"DEFECT","items_purchased":["Doom and Gloom","Bird Faced Urn","Hologram","ClockworkSouvenir","PowerPotion"],"campfire_rested":2,"item_purchase_floors":[5,20,37,41,47],"current_hp_per_floor":[64,64,64,59,59,59,61,43,43,33,33,26,26,25,25,23,59,61,40,40,46,47,47,37,22,22,59,55,53,61,61,61,46,71,81,75,75,81,84,88,88,88,88,91,91,83,83,75,75,87,10,72,93,93,93,47],"gold":69,"neow_bonus":"THREE_ENEMY_KILL","is_prod":false,"is_daily":false,"chose_seed":false,"campfire_upgraded":7,"win_rate":0,"timestamp":1550738716,"path_taken":["M","?","M","?","$","E","M","E","T","M","R","M","R","?","R","BOSS","M","?","$","M","?","R","E","M","T","R","E","M","E","?","R","BOSS","M","?","$","M","M","E","?","R","T","M","R","E","$","M","R","BOSS","BOSS","R","$","E","BOSS"],"build_version":"2019-02-06","purchased_purges":2,"victory":true,"max_hp_per_floor":[71,71,71,71,71,71,71,71,71,71,71,71,71,71,71,71,71,71,71,71,71,73,73,73,75,75,75,75,77,77,77,77,79,79,81,85,85,87,89,89,89,89,89,91,91,91,91,93,93,93,93,93,93,93,93,93],"card_choices":[{"not_picked":["Stack","Recycle","Go for the Eyes"],"picked":"SKIP","floor":1.0},{"not_picked":["Go for the Eyes","Stack"],"picked":"Conserve Battery","floor":3.0},{"not_picked":["Streamline","Barrage"],"picked":"Ball Lightning","floor":6.0},{"not_picked":["Stack","Steam"],"picked":"Biased Cognition","floor":7.0},{"not_picked":["Thunder Strike","Cold Snap"],"picked":"Coolheaded","floor":8.0},{"not_picked":["Turbo","Coolheaded"],"picked":"Chill","floor":10.0},{"not_picked":["Chaos","Turbo"],"picked":"Compile Driver","floor":12.0},{"not_picked":["Rebound","Go for the Eyes"],"picked":"Ball Lightning","floor":14.0},{"not_picked":["Hyperbeam","Amplify"],"picked":"Core Surge","floor":16.0},{"not_picked":["Rebound","Heatsinks"],"picked":"Cold Snap+1","floor":18.0},{"not_picked":["Compile Driver","Self Repair"],"picked":"Genetic Algorithm","floor":21.0},{"not_picked":["Heatsinks","Darkness","Tempest"],"picked":"Singing Bowl","floor":22.0},{"not_picked":["Heatsinks","Melter"],"picked":"Coolheaded","floor":24.0},{"not_picked":["Go for the Eyes","Aggregate","Rebound"],"picked":"Singing Bowl","floor":25.0},{"not_picked":["Gash","Cold Snap"],"picked":"White Noise","floor":28.0},{"not_picked":["Consume","Streamline","Turbo"],"picked":"Singing Bowl","floor":29.0},{"not_picked":["Loop","Sweeping Beam"],"picked":"Creative AI","floor":30.0},{"not_picked":["All For One","Reboot","Meteor Strike"],"picked":"Singing Bowl","floor":33.0},{"not_picked":["Beam Cell","BootSequence","Lockon"],"picked":"Singing Bowl","floor":35.0},{"not_picked":["Discovery","Trip","Bandage Up"],"picked":"Singing Bowl","floor":36.0},{"not_picked":["Enlightenment","Apotheosis"],"picked":"Panacea","floor":36.0},{"not_picked":["Bandage Up","Enlightenment","Trip"],"picked":"Singing Bowl","floor":36.0},{"not_picked":["Steam Power","Cold Snap","Go for the Eyes"],"picked":"Singing Bowl","floor":38.0},{"not_picked":["Heatsinks+1","Recycle+1","Rebound"],"picked":"Singing Bowl","floor":39.0},{"not_picked":["Ball Lightning+1","Cold Snap+1"],"picked":"Seek","floor":40.0},{"not_picked":["Turbo","Barrage","Tempest"],"picked":"Singing Bowl","floor":44.0},{"not_picked":["Steam","Storm+1"],"picked":"White Noise","floor":46.0},{"not_picked":["Cold Snap","Sweeping Beam","Rebound"],"picked":"Singing Bowl","floor":48.0},{"not_picked":["Barrage","Stack"],"picked":"Defragment+1","floor":55}],"player_experience":1213517,"relics_obtained":[{"floor":6.0,"key":"Blood Vial"},{"floor":8.0,"key":"Boot"},{"floor":9.0,"key":"Regal Pillow"},{"floor":19.0,"key":"Enchiridion"},{"floor":22.0,"key":"Turnip"},{"floor":22.0,"key":"Singing Bowl"},{"floor":24.0,"key":"Orichalcum"},{"floor":26.0,"key":"Ancient Tea Set"},{"floor":28.0,"key":"Bottled Flame"},{"floor":30.0,"key":"Bottled Lightning"},{"floor":40.0,"key":"Frozen Egg 2"},{"floor":46.0,"key":"Anchor"},{"floor":55,"key":"Blue Candle"}],"event_choices":[{"damage_healed":0.0,"max_hp_gain":0.0,"max_hp_loss":0.0,"gold_gain":0.0,"event_name":"The Cleric","player_choice":"Leave","floor":2.0,"gold_loss":0.0,"damage_taken":0.0},{"damage_healed":0.0,"max_hp_gain":0.0,"max_hp_loss":0.0,"gold_gain":0.0,"event_name":"Scrap Ooze","player_choice":"Success","floor":4.0,"gold_loss":0.0,"damage_taken":5.0,"relics_obtained":["Mercury Hourglass"]},{"damage_healed":0.0,"max_hp_gain":0.0,"max_hp_loss":0.0,"gold_gain":0.0,"event_name":"Cursed Tome","player_choice":"Obtained Book","floor":19.0,"gold_loss":0.0,"damage_taken":21.0},{"damage_healed":0.0,"max_hp_gain":0.0,"max_hp_loss":0.0,"gold_gain":0.0,"event_name":"Colosseum","player_choice":"Fight","floor":22.0,"gold_loss":0.0,"damage_taken":0.0},{"damage_healed":0.0,"max_hp_gain":0.0,"max_hp_loss":0.0,"gold_gain":0.0,"event_name":"Colosseum","player_choice":"Fought Nobs","floor":22.0,"gold_loss":0.0,"damage_taken":0.0},{"damage_healed":0.0,"max_hp_gain":0.0,"max_hp_loss":0.0,"gold_gain":0.0,"event_name":"Vampires","player_choice":"Became a vampire (Vial)","floor":31.0,"relics_lost":["Blood Vial"],"gold_loss":0.0,"damage_taken":0.0,"cards_obtained":["Bite","Bite","Bite","Bite","Bite"]},{"damage_healed":0.0,"max_hp_gain":0.0,"max_hp_loss":0.0,"gold_gain":0.0,"event_name":"SensoryStone","player_choice":"Memory 3","floor":36.0,"gold_loss":0.0,"damage_taken":10.0}],"is_beta":true,"boss_relics":[{"not_picked":["Black Star","Runic Pyramid"],"picked":"Velvet Choker"},{"not_picked":["Snecko Eye","White Beast Statue"],"picked":"Runic Dome"}],"items_purged_floors":[37,41],"is_endless":false,"potions_floor_spawned":[3,7,8,12,14,21,22,30,33,35,40,44,48],"ascension_level":20}