{"gold_per_floor":[111,121,121,121,141,167,183,212,212,225,225,225,225,244,244,341,341,361,361],"floor_reached":19,"playtime":444,"items_purged":[],"score":215,"play_id":"210cdb00-89dc-4ec5-9d5e-1e4aa58f4f4a","local_time":"20190424021538","is_ascension_mode":true,"campfire_choices":[{"data":"Doom and Gloom","floor":11,"key":"SMITH"},{"data":"Darkness","floor":13,"key":"SMITH"},{"data":"Lockon","floor":15,"key":"SMITH"}],"neow_cost":"NONE","seed_source_timestamp":1098893275167399,"circlet_count":0,"master_deck":["Strike_B","Strike_B","Strike_B","Strike_B","Defend_B","Defend_B","Defend_B","Defend_B","Zap","Dualcast","Barrage+1","Echo Form","Darkness","Doom and Gloom+1","Compile Driver","Lockon+1","Darkness+1","Darkness","Seek"],"relics":["Cracked Core","NeowsBlessing","Oddly Smooth Stone","Orichalcum","Peace Pipe","Regal Pillow","Pantograph","Eternal Feather"],"potions_floor_usage":[7,19,19],"damage_taken":[{"damage":0,"enemies":"Cultist","floor":1,"turns":1},{"damage":0,"enemies":"2 Louse","floor":2,"turns":1},{"damage":0,"enemies":"Small Slimes","floor":5,"turns":1},{"damage":13,"enemies":"Gremlin Nob","floor":6,"turns":4},{"damage":9,"enemies":"Gremlin Gang","floor":7,"turns":2},{"damage":14,"enemies":"Lagavulin","floor":8,"turns":5},{"damage":10,"enemies":"Exordium Thugs","floor":10,"turns":3},{"damage":3,"enemies":"2 Fungi Beasts","floor":14,"turns":3},{"damage":23,"enemies":"The Guardian","floor":16,"turns":6},{"damage":29,"enemies":"Shell Parasite","floor":18,"turns":4},{"damage":38,"enemies":"Colosseum Slavers","floor":19,"turns":5},{"damage":15,"enemies":"Colosseum Nobs","floor":19,"turns":2}],"seed_played":"1192452155471588454","potions_obtained":[{"floor":1,"key":"Energy Potion"},{"floor":6,"key":"Energy Potion"},{"floor":7,"key":"Ancient Potion"},{"floor":10,"key":"Explosive Potion"},{"floor":14,"key":"SpeedPotion"}],"is_trial":false,"path_per_floor":["M","M","?","?","M","E","M","E","T","M","R","?","R","M","R","B",null,"M","?"],"character_chosen":"DEFECT","items_purchased":[],"campfire_rested":0,"item_purchase_floors":[],"current_hp_per_floor":[75,75,63,63,63,50,41,27,27,17,17,17,17,14,14,16,75,46,0],"gold":361,"neow_bonus":"THREE_ENEMY_KILL","is_prod":false,"is_daily":false,"chose_seed":false,"campfire_upgraded":3,"win_rate":0,"timestamp":1556068538,"path_taken":["M","M","?","?","?","E","M","E","T","M","R","?","R","?","R","BOSS","M","?"],"build_version":"2019-01-23","purchased_purges":0,"victory":false,"max_hp_per_floor":[75,75,75,75,75,75,75,75,75,75,75,75,75,75,75,75,75,75,75],"card_choices":[{"not_picked":["Chaos","Streamline"],"picked":"Barrage","floor":1},{"not_picked":["Sweeping Beam","Static Discharge"],"picked":"Echo Form","floor":2},{"not_picked":["Rebound","Fusion"],"picked":"Darkness","floor":5},{"not_picked":["Turbo","Reprogram"],"picked":"Doom and Gloom","floor":6},{"not_picked":["Cold Snap","Leap"],"picked":"Compile Driver","floor":7},{"not_picked":["Scrape","Chill"],"picked":"Lockon","floor":8},{"not_picked":["Coolheaded","Streamline"],"picked":"Darkness","floor":10},{"not_picked":["Reinforced Body","Barrage"],"picked":"Darkness","floor":14},{"not_picked":["Machine Learning","Echo Form"],"picked":"Seek","floor":16},{"not_picked":["Beam Cell+1","Static Discharge","Barrage"],"picked":"SKIP","floor":18}],"player_experience":449363,"relics_obtained":[{"floor":6,"key":"Peace Pipe"},{"floor":8,"key":"Regal Pillow"},{"floor":9,"key":"Pantograph"}],"event_choices":[{"damage_healed":0,"gold_gain":0,"player_choice":"Success","damage_taken":12,"relics_obtained":["Oddly Smooth Stone"],"max_hp_gain":0,"max_hp_loss":0,"event_name":"Scrap Ooze","floor":3,"gold_loss":0},{"damage_healed":0,"gold_gain":0,"player_choice":"Gave Potion","damage_taken":0,"relics_obtained":["Orichalcum"],"max_hp_gain":0,"max_hp_loss":0,"event_name":"WeMeetAgain","floor":4,"gold_loss":0},{"damage_healed":0,"gold_gain":0,"player_choice":"Upgraded","damage_taken":0,"max_hp_gain":0,"max_hp_loss":0,"event_name":"Upgrade Shrine","floor":12,"gold_loss":0,"cards_upgraded":["Barrage"]},{"damage_healed":0,"gold_gain":0,"player_choice":"Fight","damage_taken":0,"max_hp_gain":0,"max_hp_loss":0,"event_name":"Colosseum","floor":19,"gold_loss":0},{"damage_healed":0,"gold_gain":0,"player_choice":"Fought Nobs","damage_taken":0,"max_hp_gain":0,"max_hp_loss":0,"event_name":"Colosseum","floor":19,"gold_loss":0}],"is_beta":false,"boss_relics":[{"not_picked":["Runic Dome","FrozenCore"],"picked":"Eternal Feather"}],"items_purged_floors":[],"is_endless":false,"potions_floor_spawned":[1,6,7,10,14,18,19],"killed_by":"Colosseum Nobs","ascension_level":4}