{"gold_per_floor":[366,250,175,175,192,192,210,27,27,44,44,44,54,79,79,79],"floor_reached":16,"playtime":578,"items_purged":["Shame","Strike_R"],"score":200,"play_id":"bf9ce878-5ba0-4ee0-9430-239d803d0a76","local_time":"20190202045949","is_ascension_mode":true,"campfire_choices":[{"data":"Uppercut","floor":6,"key":"SMITH"},{"data":"Double Tap","floor":11,"key":"SMITH"},{"data":"Bash","floor":15,"key":"SMITH"}],"neow_cost":"CURSE","seed_source_timestamp":899840577623324,"circlet_count":0,"master_deck":["AscendersBane","Strike_R","Strike_R","Strike_R","Defend_R","Defend_R","Defend_R","Defend_R","Bash+1","Uppercut+1","Shrug It Off","Double Tap+1","Anger+1"],"special_seed":0,"relics":["Burning Blood","Meat on the Bone","Molten Egg 2"],"potions_floor_usage":[14,16],"damage_taken":[{"damage":18,"enemies":"Jaw Worm","floor":1,"turns":5},{"damage":2,"enemies":"Cultist","floor":5,"turns":4},{"damage":0,"enemies":"2 Louse","floor":7,"turns":4},{"damage":16,"enemies":"Lots of Slimes","floor":10,"turns":7},{"damage":9,"enemies":"Blue Slaver","floor":13,"turns":3},{"damage":52,"enemies":"3 Sentries","floor":14,"turns":15},{"damage":21,"enemies":"Hexaghost","floor":16,"turns":7}],"seed_played":"-7231128060336678491","potions_obtained":[{"floor":5,"key":"SteroidPotion"},{"floor":7,"key":"SkillPotion"},{"floor":13,"key":"Block Potion"}],"is_trial":false,"path_per_floor":["M","$","?","T","M","R","M","$","T","M","R","$","M","E","R","B"],"character_chosen":"IRONCLAD","items_purchased":["Uppercut","Double Tap"],"campfire_rested":0,"item_purchase_floors":[2,8],"current_hp_per_floor":[56,56,56,56,60,60,66,66,66,56,56,56,53,19,19,0],"gold":79,"neow_bonus":"TWO_FIFTY_GOLD","is_prod":false,"is_daily":false,"chose_seed":false,"campfire_upgraded":3,"win_rate":0,"timestamp":1549112389,"path_taken":["M","$","?","?","M","R","M","$","T","M","R","?","M","E","R","BOSS"],"build_version":"2019-01-23","purchased_purges":2,"victory":false,"max_hp_per_floor":[75,75,75,75,75,75,75,75,75,75,75,75,75,75,75,75],"card_choices":[{"not_picked":["Pummel","Cleave","Iron Wave"],"picked":"SKIP","floor":1},{"not_picked":["Warcry","Heavy Blade"],"picked":"Shrug It Off","floor":5},{"not_picked":["Evolve","Rage","Clothesline"],"picked":"SKIP","floor":7},{"not_picked":["Seeing Red","Ghostly Armor","Clothesline"],"picked":"SKIP","floor":10},{"not_picked":["Havoc","Warcry","Double Tap"],"picked":"SKIP","floor":13},{"not_picked":["Bloodletting","Infernal Blade"],"picked":"Anger","floor":14}],"player_experience":1070386,"relics_obtained":[{"floor":9,"key":"Meat on the Bone"},{"floor":14,"key":"Molten Egg 2"}],"event_choices":[{"cards_removed":["Strike_R"],"damage_healed":0,"gold_gain":0,"player_choice":"Card Removal","damage_taken":0,"max_hp_gain":0,"max_hp_loss":0,"event_name":"The Cleric","floor":3,"gold_loss":75}],"is_beta":true,"boss_relics":[],"items_purged_floors":[2,8],"is_endless":false,"potions_floor_spawned":[5,7,13],"killed_by":"Hexaghost","ascension_level":20}