{"gold_per_floor":[115,215,227,245,264,264,299,309,309,309,327,327,339,364,364,441,441,452,3,27,27,45,45,75,87,144,156,185,222,234,263,275,287],"floor_reached":33,"playtime":1489,"items_purged":["Strike_G"],"score":619,"play_id":"b7da6bcf-f863-4477-b67b-b4244830a48b","local_time":"20190121201826","is_ascension_mode":true,"campfire_choices":[{"data":"Cloak And Dagger","floor":6.0,"key":"SMITH"},{"data":"Deadly Poison","floor":10.0,"key":"SMITH"},{"floor":12.0,"key":"REST"},{"data":"Glass Knife","floor":15.0,"key":"SMITH"},{"floor":23.0,"key":"REST"},{"data":"Cloak And Dagger","floor":25.0,"key":"SMITH"},{"data":"Well Laid Plans","floor":30,"key":"SMITH"},{"floor":32,"key":"REST"}],"neow_cost":"CURSE","seed_source_timestamp":0,"circlet_count":0,"master_deck":["AscendersBane","Defend_G","Defend_G","Defend_G","Defend_G","Defend_G","Strike_G+1","Strike_G","Survivor","Neutralize","Cloak And Dagger+1","Terror","Skewer+1","Well Laid Plans+1","Cloak And Dagger+1","Deadly Poison+1","PiercingWail","Concentrate","Glass Knife+1","Storm of Steel","PiercingWail","Infinite Blades","PiercingWail","PiercingWail+1"],"special_seed":0,"relics":["Ring of the Snake","Du-Vu Doll","Whetstone","Tough Bandages","Empty Cage","Blue Candle","Smiling Mask","Mercury Hourglass","MawBank","Orichalcum","Pantograph"],"potions_floor_usage":[29,29],"damage_taken":[{"damage":6.0,"enemies":"2 Louse","floor":1.0,"turns":3.0},{"damage":0.0,"enemies":"Cultist","floor":3.0,"turns":4.0},{"damage":1.0,"enemies":"Small Slimes","floor":4.0,"turns":3.0},{"damage":3.0,"enemies":"2 Fungi Beasts","floor":5.0,"turns":3.0},{"damage":39.0,"enemies":"Gremlin Nob","floor":7.0,"turns":4.0},{"damage":0.0,"enemies":"Red Slaver","floor":8.0,"turns":4.0},{"damage":3.0,"enemies":"Blue Slaver","floor":11.0,"turns":4.0},{"damage":4.0,"enemies":"Large Slime","floor":13.0,"turns":5.0},{"damage":14.0,"enemies":"3 Sentries","floor":14.0,"turns":5.0},{"damage":2.0,"enemies":"The Guardian","floor":16.0,"turns":10.0},{"damage":6.0,"enemies":"3 Byrds","floor":18.0,"turns":7.0},{"damage":23.0,"enemies":"Shell Parasite","floor":22.0,"turns":5.0},{"damage":9.0,"enemies":"Slavers","floor":24.0,"turns":6.0},{"damage":3.0,"enemies":"Snake Plant","floor":28.0,"turns":3.0},{"damage":15,"enemies":"Book of Stabbing","floor":29,"turns":3},{"damage":0,"enemies":"Centurion and Healer","floor":31,"turns":5},{"damage":47,"enemies":"Automaton","floor":33,"turns":10}],"seed_played":"3429944417920402192","potions_obtained":[{"floor":7.0,"key":"Block Potion"},{"floor":8.0,"key":"PowerPotion"},{"floor":14.0,"key":"Block Potion"},{"floor":16.0,"key":"SteroidPotion"},{"floor":18.0,"key":"PowerPotion"},{"floor":24.0,"key":"SteroidPotion"},{"floor":28.0,"key":"SteroidPotion"}],"is_trial":false,"path_per_floor":["?","M","T","?","?","M"],"character_chosen":"THE_SILENT","items_purchased":["Infinite Blades","Blue Candle"],"campfire_rested":3,"item_purchase_floors":[19,19],"current_hp_per_floor":[53,53,53,52,49,49,10,10,10,10,7,26,22,8,8,6,51,45,45,45,45,22,41,32,32,32,32,29,14,14,14,33,11],"gold":287,"neow_bonus":"ONE_RARE_RELIC","is_prod":false,"is_daily":false,"chose_seed":false,"campfire_upgraded":5,"win_rate":0,"timestamp":1548130706,"path_taken":["M","?","M","M","?","R","E","M","T","R","M","R","M","E","R","BOSS","M","$","?","?","M","R","E","R","T","?","?","E","R","M","R","BOSS"],"build_version":"2019-01-20","purchased_purges":1,"victory":false,"max_hp_per_floor":[66,66,66,66,66,66,66,66,66,66,66,66,66,66,66,66,66,66,66,66,66,66,66,66,66,66,66,66,66,66,66,66,66],"card_choices":[{"not_picked":["Poisoned Stab","Deflect"],"picked":"Cloak And Dagger","floor":1.0},{"not_picked":["Dodge and Roll","Blade Dance"],"picked":"Terror","floor":3.0},{"not_picked":["Choke","Tactician"],"picked":"Skewer","floor":4.0},{"not_picked":["Noxious Fumes","Prepared"],"picked":"Well Laid Plans","floor":5.0},{"not_picked":["Flechettes","Concentrate"],"picked":"Cloak And Dagger","floor":7.0},{"not_picked":["Bouncing Flask","Quick Slash"],"picked":"Deadly Poison","floor":8.0},{"not_picked":["Deflect","Flying Knee"],"picked":"PiercingWail","floor":11.0},{"not_picked":["Prepared","Slice"],"picked":"Concentrate","floor":13.0},{"not_picked":["Prepared","Cloak And Dagger"],"picked":"Glass Knife","floor":14.0},{"not_picked":["Glass Knife","Night Terror"],"picked":"Storm of Steel","floor":16.0},{"not_picked":["Deflect","Terror"],"picked":"PiercingWail","floor":18.0},{"not_picked":["Blade Dance","Setup"],"picked":"PiercingWail","floor":22.0},{"not_picked":["Dagger Spray","Crippling Poison","Outmaneuver"],"picked":"SKIP","floor":24.0},{"not_picked":["Blade Dance","Dodge and Roll","Dagger Throw"],"picked":"SKIP","floor":28.0},{"not_picked":["Deflect","Underhanded Strike","Slice"],"picked":"SKIP","floor":29},{"not_picked":["Accuracy","Slice"],"picked":"PiercingWail+1","floor":31}],"player_experience":1002752,"relics_obtained":[{"floor":7.0,"key":"Whetstone"},{"floor":14.0,"key":"Tough Bandages"},{"floor":20.0,"key":"Smiling Mask"},{"floor":24.0,"key":"MawBank"},{"floor":26.0,"key":"Orichalcum"},{"floor":29,"key":"Pantograph"}],"event_choices":[{"damage_healed":0.0,"max_hp_gain":0.0,"max_hp_loss":0.0,"gold_gain":100.0,"event_name":"Wheel of Change","player_choice":"Gold","floor":2.0,"gold_loss":0.0,"damage_taken":0.0},{"damage_healed":0.0,"max_hp_gain":0.0,"max_hp_loss":0.0,"gold_gain":0.0,"event_name":"The Mausoleum","player_choice":"Opened","floor":21.0,"gold_loss":0.0,"damage_taken":0.0,"relics_obtained":["Mercury Hourglass"],"cards_obtained":["Writhe"]},{"cards_removed":["Writhe","Shame"],"damage_healed":0.0,"max_hp_gain":0.0,"max_hp_loss":0.0,"gold_gain":0.0,"event_name":"Fountain of Cleansing","player_choice":"Removed Curses","floor":27.0,"gold_loss":0.0,"damage_taken":0.0}],"is_beta":true,"boss_relics":[{"not_picked":["Velvet Choker","Lizard Tail"],"picked":"Empty Cage"}],"items_purged_floors":[19],"is_endless":false,"potions_floor_spawned":[7,8,13,14,16,18,24,28],"killed_by":"Automaton","ascension_level":20}