{"gold_per_floor":[112,112,126,136,146,146,66,66,66,91,104,136,136,170,170,241,241,255,270,185,201,28,28,28,60,60,80,80,80,107,125,125,201,201,218,218,218,232,39,39,39],"floor_reached":41,"playtime":1582,"items_purged":["Strike_R"],"score":898,"play_id":"606a0289-8b73-4546-9510-76d21fff3724","local_time":"20190119181412","is_ascension_mode":true,"campfire_choices":[{"data":"Armaments","floor":6.0,"key":"SMITH"},{"data":"Combust","floor":8.0,"key":"SMITH"},{"data":"Inflame","floor":15.0,"key":"SMITH"},{"data":"Corruption","floor":23.0,"key":"SMITH"},{"floor":29.0,"key":"REST"},{"data":"J.A.X.","floor":32,"key":"SMITH"},{"floor":40,"key":"RECALL"}],"neow_cost":"NONE","seed_source_timestamp":173044423857954,"circlet_count":0,"master_deck":["AscendersBane","Strike_R","Strike_R","Strike_R","Strike_R","Defend_R","Defend_R","Defend_R","Defend_R","Bash","Combust+1","Armaments+1","Anger","Inflame+1","Battle Trance","Rage","Reaper","Thunderclap","Reaper","Corruption+1","Burning Pact+1","J.A.X.+1","True Grit","Inflame+1","Double Tap+1","Rupture","Reaper","Battle Trance"],"special_seed":0,"relics":["Burning Blood","NeowsBlessing","Mercury Hourglass","Bottled Tornado","Turnip","Ginger","Lizard Tail","Prayer Wheel","Enchiridion","Sundial","Ancient Tea Set","Strawberry","Fusion Hammer"],"potions_floor_usage":[33,33],"damage_taken":[{"damage":0.0,"enemies":"Small Slimes","floor":1.0,"turns":1.0},{"damage":0.0,"enemies":"Cultist","floor":3.0,"turns":1.0},{"damage":0.0,"enemies":"Jaw Worm","floor":4.0,"turns":1.0},{"damage":22.0,"enemies":"Large Slime","floor":5.0,"turns":4.0},{"damage":15.0,"enemies":"3 Sentries","floor":10.0,"turns":4.0},{"damage":9.0,"enemies":"Looter","floor":11.0,"turns":3.0},{"damage":24.0,"enemies":"Lagavulin","floor":12.0,"turns":7.0},{"damage":27.0,"enemies":"Gremlin Nob","floor":14.0,"turns":4.0},{"damage":25.0,"enemies":"Hexaghost","floor":16.0,"turns":8.0},{"damage":27.0,"enemies":"Chosen","floor":18.0,"turns":5.0},{"damage":26.0,"enemies":"Spheric Guardian","floor":19.0,"turns":4.0},{"damage":43.0,"enemies":"Snecko","floor":21.0,"turns":6.0},{"damage":37.0,"enemies":"Slavers","floor":25.0,"turns":6.0},{"damage":37.0,"enemies":"Chosen and Byrds","floor":27.0,"turns":5.0},{"damage":48.0,"enemies":"Gremlin Leader","floor":30.0,"turns":6.0},{"damage":38,"enemies":"Centurion and Healer","floor":31,"turns":9},{"damage":95,"enemies":"Automaton","floor":33,"turns":8},{"damage":24,"enemies":"Orb Walker","floor":35,"turns":4},{"damage":47,"enemies":"3 Darklings","floor":38,"turns":4},{"damage":78,"enemies":"Spire Growth","floor":41,"turns":5}],"seed_played":"6865551185947461750","potions_obtained":[{"floor":1.0,"key":"SkillPotion"},{"floor":4.0,"key":"Ancient Potion"},{"floor":10.0,"key":"Dexterity Potion"},{"floor":19.0,"key":"BloodPotion"},{"floor":21.0,"key":"SteroidPotion"},{"floor":27.0,"key":"Energy Potion"},{"floor":31,"key":"Strength Potion"}],"is_trial":false,"path_per_floor":["M","?","M","M","M","R","$","R","T","E","M","E","?","E","R","B",null,"M","M","?","M","$","R","?","E","T","M","?","R","E","M","R","B",null,"M","?","?","M","$","R","M"],"character_chosen":"IRONCLAD","items_purchased":["Inflame","SteroidPotion","Corruption","Reaper","Battle Trance"],"campfire_rested":1,"item_purchase_floors":[7,22,22,39,39],"current_hp_per_floor":[74,70,75,75,59,59,59,59,59,50,47,29,29,16,16,7,58,37,24,24,50,50,50,29,34,34,13,13,35,57,71,71,36,71,69,69,69,67,67,67,9],"gold":39,"neow_bonus":"THREE_ENEMY_KILL","is_prod":false,"is_daily":false,"chose_seed":false,"campfire_upgraded":5,"win_rate":0,"timestamp":1547950452,"path_taken":["M","?","?","M","M","R","$","R","T","E","M","E","?","E","R","BOSS","M","M","?","M","$","R","?","E","T","M","?","R","E","M","R","BOSS","M","?","?","M","$","R","M"],"build_version":"2019-01-17","purchased_purges":1,"victory":false,"max_hp_per_floor":[75,75,75,75,75,75,75,75,75,75,75,75,75,75,75,75,75,75,75,75,75,75,75,75,75,75,75,75,75,82,82,82,82,82,82,78,78,78,78,78,78],"card_choices":[{"not_picked":["Havoc","Headbutt"],"picked":"Combust","floor":1.0},{"not_picked":["Thunderclap","Warcry"],"picked":"Armaments","floor":3.0},{"not_picked":["Pommel Strike","Power Through","Rage"],"picked":"SKIP","floor":4.0},{"not_picked":["Bludgeon","Heavy Blade"],"picked":"Anger","floor":5.0},{"not_picked":["Anger","Body Slam","Wild Strike"],"picked":"SKIP","floor":10.0},{"not_picked":["Sword Boomerang","Heavy Blade"],"picked":"Battle Trance","floor":11.0},{"not_picked":["Pummel","Clash"],"picked":"Rage","floor":12.0},{"not_picked":["Clash","Cleave"],"picked":"Thunderclap","floor":14.0},{"not_picked":["Feed","Bludgeon"],"picked":"Reaper","floor":16.0},{"not_picked":["Sentinel","Sever Soul+1","Ghostly Armor"],"picked":"SKIP","floor":18.0},{"not_picked":["Bloodletting","Intimidate","Headbutt+1"],"picked":"SKIP","floor":19.0},{"not_picked":["Carnage","Body Slam","Clash"],"picked":"SKIP","floor":21.0},{"not_picked":["Pommel Strike","Havoc","Second Wind+1"],"picked":"SKIP","floor":21.0},{"not_picked":["Body Slam","Pommel Strike"],"picked":"Burning Pact+1","floor":25.0},{"not_picked":["Metallicize+1","Reckless Charge","Armaments"],"picked":"SKIP","floor":27.0},{"not_picked":["Cleave","Pummel","Heavy Blade"],"picked":"SKIP","floor":27.0},{"not_picked":["Uppercut","Sever Soul"],"picked":"True Grit","floor":30.0},{"not_picked":["Intimidate","Corruption"],"picked":"Inflame+1","floor":31},{"not_picked":["Headbutt","Uppercut","Body Slam"],"picked":"SKIP","floor":31},{"not_picked":["Dark Embrace","Feed"],"picked":"Double Tap","floor":33},{"not_picked":["Rage","Reckless Charge","Armaments"],"picked":"SKIP","floor":35},{"not_picked":["Perfected Strike","Pummel","Armaments"],"picked":"SKIP","floor":35},{"not_picked":["Thunderclap+1","Warcry"],"picked":"Rupture","floor":38},{"not_picked":["Body Slam+1","Iron Wave","Twin Strike+1"],"picked":"SKIP","floor":38}],"player_experience":982641,"relics_obtained":[{"floor":9.0,"key":"Mercury Hourglass"},{"floor":10.0,"key":"Bottled Tornado"},{"floor":12.0,"key":"Turnip"},{"floor":14.0,"key":"Ginger"},{"floor":24.0,"key":"Enchiridion"},{"floor":25.0,"key":"Sundial"},{"floor":26.0,"key":"Ancient Tea Set"},{"floor":30.0,"key":"Strawberry"}],"event_choices":[{"damage_healed":0.0,"max_hp_gain":0.0,"max_hp_loss":0.0,"gold_gain":0.0,"event_name":"The Woman in Blue","player_choice":"Bought 0 Potions","floor":2.0,"gold_loss":0.0,"damage_taken":0.0},{"damage_healed":0.0,"max_hp_gain":0.0,"max_hp_loss":0.0,"gold_gain":0.0,"event_name":"Match and Keep!","player_choice":"1 cards matched","floor":13.0,"gold_loss":0.0,"damage_taken":0.0,"cards_obtained":["Reaper"]},{"damage_healed":0.0,"max_hp_gain":0.0,"max_hp_loss":0.0,"gold_gain":0.0,"event_name":"Addict","player_choice":"Obtained Relic","floor":20.0,"gold_loss":85.0,"damage_taken":0.0,"relics_obtained":["Prayer Wheel"]},{"damage_healed":0.0,"max_hp_gain":0.0,"max_hp_loss":0.0,"gold_gain":0.0,"event_name":"Cursed Tome","player_choice":"Obtained Book","floor":24.0,"gold_loss":0.0,"damage_taken":21.0},{"damage_healed":0.0,"max_hp_gain":0.0,"max_hp_loss":0.0,"gold_gain":0.0,"event_name":"Drug Dealer","player_choice":"Obtain J.A.X.","floor":28.0,"gold_loss":0.0,"damage_taken":0.0,"cards_obtained":["J.A.X."]},{"damage_healed":0,"gold_gain":0,"player_choice":"Max HP","damage_taken":0,"max_hp_gain":0,"max_hp_loss":4,"event_name":"Winding Halls","floor":36,"gold_loss":0},{"damage_healed":0,"gold_gain":0,"player_choice":"Upgraded","damage_taken":0,"max_hp_gain":0,"max_hp_loss":0,"event_name":"Upgrade Shrine","floor":37,"gold_loss":0,"cards_upgraded":["Double Tap"]}],"is_beta":true,"boss_relics":[{"not_picked":["White Beast Statue","Calling Bell"],"picked":"Lizard Tail"},{"not_picked":["Orrery","Sozu"],"picked":"Fusion Hammer"}],"items_purged_floors":[22],"is_endless":false,"potions_floor_spawned":[1,4,10,19,21,27,31],"killed_by":"Spire Growth","ascension_level":20}