{"gold_per_floor":[145,145,145,160,160,160,184,215,215,234,234,250,250,285,285,285],"floor_reached":16,"playtime":592,"items_purged":[],"score":220,"play_id":"3992c142-a345-4d74-b885-e07a412406a5","local_time":"20190315200734","is_ascension_mode":true,"campfire_choices":[{"data":"Uppercut","floor":6.0,"key":"SMITH"},{"data":"Perfected Strike","floor":11.0,"key":"SMITH"},{"data":"Bash","floor":15,"key":"SMITH"}],"neow_cost":"NONE","seed_source_timestamp":40695953737813,"circlet_count":0,"master_deck":["AscendersBane","Strike_R","Strike_R","Strike_R","Strike_R","Strike_R","Defend_R","Defend_R","Defend_R","Defend_R","Bash+1","Uppercut+1","Shockwave","True Grit+1","Perfected Strike+1","Flame Barrier+1"],"special_seed":0,"relics":["Burning Blood","Tiny Chest","Meat on the Bone","Incense Burner","Golden Idol","Toxic Egg 2","Ornamental Fan","Smiling Mask"],"potions_floor_usage":[16,16],"damage_taken":[{"damage":1.0,"enemies":"Cultist","floor":1.0,"turns":3.0},{"damage":7.0,"enemies":"Jaw Worm","floor":4.0,"turns":3.0},{"damage":8.0,"enemies":"2 Louse","floor":7.0,"turns":6.0},{"damage":34.0,"enemies":"Lagavulin","floor":8.0,"turns":10.0},{"damage":7.0,"enemies":"Blue Slaver","floor":10.0,"turns":4.0},{"damage":2.0,"enemies":"Red Slaver","floor":12.0,"turns":3.0},{"damage":33,"enemies":"3 Sentries","floor":14,"turns":13},{"damage":25,"enemies":"Slime Boss","floor":16,"turns":14}],"seed_played":"3198813425239857718","potions_obtained":[{"floor":12.0,"key":"Poison Potion"},{"floor":14,"key":"Weak Potion"}],"is_trial":false,"path_per_floor":["M","T","T","M","?","R","M","E","T","M","R","M","T","E","R","B"],"character_chosen":"IRONCLAD","items_purchased":[],"campfire_rested":0,"item_purchase_floors":[],"current_hp_per_floor":[73,73,73,72,46,46,44,28,28,39,39,55,55,40,40,15],"gold":285,"neow_bonus":"RANDOM_COMMON_RELIC","is_prod":false,"is_daily":false,"chose_seed":false,"campfire_upgraded":3,"win_rate":0,"timestamp":1552705654,"path_taken":["M","?","?","?","?","R","M","E","T","M","R","M","?","E","R","BOSS"],"build_version":"2019-02-06","purchased_purges":0,"victory":false,"max_hp_per_floor":[75,75,75,75,75,75,75,75,75,75,75,75,75,75,75,75],"card_choices":[{"not_picked":["Wild Strike","Heavy Blade","Clash"],"picked":"SKIP","floor":1.0},{"not_picked":["Perfected Strike","Anger"],"picked":"Uppercut","floor":4.0},{"not_picked":["Seeing Red","True Grit"],"picked":"Shockwave","floor":7.0},{"not_picked":["Cleave","Wild Strike"],"picked":"True Grit","floor":8.0},{"not_picked":["Rage+1","Pummel"],"picked":"Perfected Strike","floor":10.0},{"not_picked":["Iron Wave","Flex+1","Thunderclap"],"picked":"SKIP","floor":12.0},{"not_picked":["Double Tap+1","Wild Strike"],"picked":"Flame Barrier+1","floor":14}],"player_experience":1362636,"relics_obtained":[{"floor":2.0,"key":"Meat on the Bone"},{"floor":3.0,"key":"Incense Burner"},{"floor":8.0,"key":"Toxic Egg 2"},{"floor":13.0,"key":"Ornamental Fan"},{"floor":14,"key":"Smiling Mask"}],"event_choices":[{"damage_healed":0.0,"max_hp_gain":0.0,"max_hp_loss":0.0,"gold_gain":0.0,"event_name":"Golden Idol","player_choice":"Take Damage","floor":5.0,"gold_loss":0.0,"damage_taken":26.0,"relics_obtained":["Golden Idol"]}],"is_beta":true,"boss_relics":[],"items_purged_floors":[],"is_endless":false,"potions_floor_spawned":[12,14],"killed_by":"Slime Boss","ascension_level":20}