{"gold_per_floor":[116,116,41,55,5,30,56,56,56,86,98,98,127,144,144,144],"floor_reached":16,"playtime":567,"items_purged":["Regret"],"score":222,"play_id":"27f1cf66-cac2-455a-8206-abc84d3a63f9","local_time":"20190423131330","is_ascension_mode":true,"campfire_choices":[{"data":"Reflex","floor":8.0,"key":"SMITH"},{"floor":12.0,"key":"REST"},{"floor":15.0,"key":"REST"}],"neow_cost":"NONE","seed_source_timestamp":12735459565863,"circlet_count":0,"master_deck":["AscendersBane","Defend_G","Defend_G","Defend_G","Defend_G","Defend_G","Strike_G","Strike_G","Strike_G","Strike_G","Survivor","Neutralize","Backflip","Acrobatics","Reflex+1","Masterful Stab","Backstab","Bouncing Flask"],"special_seed":0,"relics":["Ring of the Snake","NeowsBlessing","Snake Skull","Letter Opener","Oddly Smooth Stone","Shuriken","Smiling Mask","Bag of Marbles"],"potions_floor_usage":[],"damage_taken":[{"damage":0.0,"enemies":"Small Slimes","floor":1.0,"turns":1.0},{"damage":0.0,"enemies":"Jaw Worm","floor":4.0,"turns":1.0},{"damage":0.0,"enemies":"3 Sentries","floor":6.0,"turns":1.0},{"damage":43.0,"enemies":"Lagavulin","floor":10.0,"turns":10.0},{"damage":0.0,"enemies":"Cultist","floor":11.0,"turns":3.0},{"damage":13.0,"enemies":"3 Sentries","floor":13.0,"turns":9.0},{"damage":0.0,"enemies":"3 Louse","floor":14.0,"turns":2.0},{"damage":34,"enemies":"Slime Boss","floor":16,"turns":10}],"seed_played":"-288438782028744295","potions_obtained":[{"floor":6.0,"key":"LiquidBronze"},{"floor":13.0,"key":"SpeedPotion"}],"is_trial":false,"path_per_floor":["M","?","$","M","?","E","T","R","T","E","M","R","E","M","R","B"],"character_chosen":"THE_SILENT","items_purchased":[],"campfire_rested":2,"item_purchase_floors":[],"current_hp_per_floor":[63,63,63,63,63,63,63,63,63,20,20,41,28,28,49,15],"gold":144,"neow_bonus":"THREE_ENEMY_KILL","is_prod":false,"is_daily":false,"chose_seed":false,"campfire_upgraded":1,"win_rate":0,"timestamp":1555992810,"path_taken":["M","?","$","M","?","E","?","R","T","E","?","R","E","M","R","BOSS"],"build_version":"2019-01-23","purchased_purges":1,"victory":false,"max_hp_per_floor":[70,70,70,70,70,70,70,70,70,70,70,70,70,70,70,70],"card_choices":[{"not_picked":["PiercingWail","Flechettes"],"picked":"Backflip","floor":1.0},{"not_picked":["Poisoned Stab","Underhanded Strike"],"picked":"Acrobatics","floor":4.0},{"not_picked":["Dodge and Roll","Blade Dance"],"picked":"Reflex","floor":6.0},{"not_picked":["Bane","Night Terror"],"picked":"Masterful Stab","floor":10.0},{"not_picked":["Blade Dance","Sucker Punch","Backflip"],"picked":"SKIP","floor":11.0},{"not_picked":["Leg Sweep","Finisher"],"picked":"Backstab","floor":13.0},{"not_picked":["Flying Knee","Deflect"],"picked":"Bouncing Flask","floor":14.0}],"player_experience":678888,"relics_obtained":[{"floor":6.0,"key":"Letter Opener"},{"floor":7.0,"key":"Oddly Smooth Stone"},{"floor":9.0,"key":"Shuriken"},{"floor":10.0,"key":"Smiling Mask"},{"floor":13.0,"key":"Bag of Marbles"}],"event_choices":[{"damage_healed":0.0,"max_hp_gain":0.0,"max_hp_loss":0.0,"gold_gain":0.0,"event_name":"Big Fish","player_choice":"Box","floor":2.0,"gold_loss":0.0,"damage_taken":0.0,"relics_obtained":["Snake Skull"],"cards_obtained":["Regret"]},{"cards_removed":["Strike_G"],"damage_healed":0.0,"max_hp_gain":0.0,"max_hp_loss":0.0,"gold_gain":0.0,"event_name":"The Cleric","player_choice":"Card Removal","floor":5.0,"gold_loss":50.0,"damage_taken":0.0}],"is_beta":false,"boss_relics":[],"items_purged_floors":[3],"is_endless":false,"potions_floor_spawned":[6,13],"killed_by":"Slime Boss","ascension_level":11}