{"gold_per_floor":[114,164,139,149,74,105,105,133,187,212,223,243,243,68,68,146,146,164,164,180,198,17,17,27,56,56,56,87,105,17,17,17,95,95,112,82,82,57,68,68,16,30,30,64,78,98,198,228,228,228],"floor_reached":50,"playtime":2975,"items_purged":["Strike_B","Strike_B"],"score":1266,"play_id":"23652d4f-527f-4ef2-ad3d-42bc91745931","local_time":"20190215021901","is_ascension_mode":true,"campfire_choices":[{"data":"Defragment","floor":7.0,"key":"SMITH"},{"data":"Zap","floor":13.0,"key":"SMITH"},{"data":"Defragment","floor":15.0,"key":"SMITH"},{"data":"Loop","floor":23.0,"key":"SMITH"},{"floor":27.0,"key":"REST"},{"floor":32.0,"key":"REST"},{"data":"Blizzard","floor":40.0,"key":"SMITH"},{"floor":49,"key":"RECALL"}],"neow_cost":"NONE","seed_source_timestamp":1800429537884426,"circlet_count":0,"master_deck":["AscendersBane","Defend_B+1","Defend_B","Defend_B","Defend_B+1","Zap+1","Dualcast","Coolheaded","Cold Snap","Compile Driver","Defragment+1","Hologram+1","Coolheaded+1","Defragment+1","Seek+1","Gash","Coolheaded+1","Hologram+1","White Noise+1","Loop+1","Genetic Algorithm+1","Coolheaded+1","Core Surge","Turbo+1","Blizzard+1","Seek+1","Turbo+1","Redo+1","Decay","Coolheaded+1","Capacitor+1","Turbo+1","Steam+1","Double Energy+1","Redo+1"],"special_seed":0,"relics":["Cracked Core","NeowsBlessing","Bag of Marbles","Toxic Egg 2","Blood Vial","Empty Cage","Nloth\u0027s Gift","Boot","Bag of Preparation","Meat on the Bone","Runic Dome","Mercury Hourglass","Potion Belt","Emotion Chip","FossilizedHelix"],"potions_floor_usage":[],"damage_taken":[{"damage":0.0,"enemies":"2 Louse","floor":1.0,"turns":1.0},{"damage":0.0,"enemies":"Cultist","floor":4.0,"turns":1.0},{"damage":0.0,"enemies":"Gremlin Nob","floor":6.0,"turns":1.0},{"damage":7.0,"enemies":"Lagavulin","floor":8.0,"turns":8.0},{"damage":26.0,"enemies":"Gremlin Nob","floor":10.0,"turns":5.0},{"damage":0.0,"enemies":"Jaw Worm","floor":11.0,"turns":4.0},{"damage":0.0,"enemies":"Red Slaver","floor":12.0,"turns":5.0},{"damage":6.0,"enemies":"The Guardian","floor":16.0,"turns":14.0},{"damage":0.0,"enemies":"Spheric Guardian","floor":18.0,"turns":5.0},{"damage":0.0,"enemies":"Chosen","floor":20.0,"turns":8.0},{"damage":2.0,"enemies":"Sentry and Sphere","floor":21.0,"turns":6.0},{"damage":19.0,"enemies":"Snake Plant","floor":24.0,"turns":6.0},{"damage":40.0,"enemies":"Slavers","floor":25.0,"turns":6.0},{"damage":10.0,"enemies":"Book of Stabbing","floor":28.0,"turns":8.0},{"damage":23.0,"enemies":"Cultist and Chosen","floor":29.0,"turns":7.0},{"damage":9.0,"enemies":"Champ","floor":33.0,"turns":23.0},{"damage":0.0,"enemies":"3 Shapes","floor":35.0,"turns":6.0},{"damage":23.0,"enemies":"3 Darklings","floor":39.0,"turns":6.0},{"damage":0,"enemies":"Writhing Mass","floor":42,"turns":5},{"damage":8,"enemies":"Reptomancer","floor":44,"turns":7},{"damage":0,"enemies":"Jaw Worm Horde","floor":45,"turns":3},{"damage":19,"enemies":"4 Shapes","floor":46,"turns":4},{"damage":0,"enemies":"Mind Bloom Boss Battle","floor":47,"turns":8},{"damage":2,"enemies":"Nemesis","floor":48,"turns":9},{"damage":52,"enemies":"Awakened One","floor":50,"turns":3}],"seed_played":"-1674943109040998460","potions_obtained":[{"floor":1.0,"key":"FocusPotion"},{"floor":10.0,"key":"Dexterity Potion"},{"floor":11.0,"key":"GamblersBrew"},{"floor":25.0,"key":"Regen Potion"},{"floor":33.0,"key":"Dexterity Potion"},{"floor":39.0,"key":"Strength Potion"},{"floor":44,"key":"EssenceOfSteel"},{"floor":47,"key":"Energy Potion"},{"floor":48,"key":"LiquidBronze"}],"is_trial":false,"path_per_floor":["M","?","$","M","$","E","R","E","T","E","M","M","R","$","R","B",null,"M","?","M","M","$","R","M","E","T","R","E","M","$","T","R","B",null,"M","$","?","$","M","R","$","M","T","E","M","M","?","E","R","B"],"character_chosen":"DEFECT","items_purchased":["Cold Snap","Defragment","Hologram+1","White Noise+1","Loop","Blizzard","Redo+1","Coolheaded+1","Turbo+1"],"campfire_rested":2,"item_purchase_floors":[3,14,22,22,22,30,36,38,41],"current_hp_per_floor":[64,57,57,57,57,57,57,50,50,24,26,28,28,28,28,24,59,61,61,63,63,63,63,46,8,8,29,36,15,15,15,36,41,64,66,66,66,66,45,45,45,47,47,41,43,38,40,40,40,0],"gold":228,"neow_bonus":"THREE_ENEMY_KILL","is_prod":false,"is_daily":false,"chose_seed":false,"campfire_upgraded":5,"win_rate":0,"timestamp":1550225941,"path_taken":["M","?","$","?","$","E","R","E","T","E","M","M","R","$","R","BOSS","M","?","M","M","$","R","?","E","T","R","E","M","?","?","R","BOSS","M","$","?","$","M","R","?","M","T","E","M","M","?","E","R","BOSS"],"build_version":"2019-02-06","purchased_purges":2,"victory":false,"max_hp_per_floor":[71,71,71,71,71,71,71,71,71,71,71,71,71,71,71,71,71,71,71,71,71,71,71,71,71,71,71,71,71,71,71,71,71,71,71,71,71,71,71,71,71,71,71,71,71,71,71,71,71,71],"card_choices":[{"not_picked":["Gash","Rip and Tear"],"picked":"Coolheaded","floor":1.0},{"not_picked":["Sweeping Beam","Coolheaded"],"picked":"Compile Driver","floor":4.0},{"not_picked":["Scrape","Thunder Strike"],"picked":"Defragment","floor":6.0},{"not_picked":["Barrage","Stack","Melter"],"picked":"SKIP","floor":8.0},{"not_picked":["Cold Snap","Streamline"],"picked":"Hologram+1","floor":10.0},{"not_picked":["Stack+1","Leap+1","Scrape"],"picked":"SKIP","floor":11.0},{"not_picked":["Steam+1","Static Discharge"],"picked":"Coolheaded+1","floor":12.0},{"not_picked":["Multi-Cast+1","Buffer"],"picked":"Seek+1","floor":16.0},{"not_picked":["Rebound","Reprogram+1"],"picked":"Gash","floor":18.0},{"not_picked":["Rebound","BootSequence+1"],"picked":"Coolheaded+1","floor":20.0},{"not_picked":["Steam Power+1","Steam+1","Streamline+1"],"picked":"SKIP","floor":21.0},{"not_picked":["Tempest+1","Coolheaded+1"],"picked":"Genetic Algorithm+1","floor":24.0},{"not_picked":["Hologram+1","Thunder Strike"],"picked":"Coolheaded+1","floor":25.0},{"not_picked":["All For One","Conserve Battery+1"],"picked":"Core Surge","floor":28.0},{"not_picked":["Reboot+1","Undo+1"],"picked":"Turbo+1","floor":29.0},{"not_picked":["Meteor Strike","All For One"],"picked":"Seek+1","floor":33.0},{"not_picked":["Compile Driver","Streamline+1"],"picked":"Turbo+1","floor":35.0},{"not_picked":["Ball Lightning+1","Sweeping Beam"],"picked":"Capacitor+1","floor":39.0},{"not_picked":["Stack+1","Beam Cell","Hologram+1"],"picked":"SKIP","floor":42},{"not_picked":["Sunder+1","Hologram+1"],"picked":"Steam+1","floor":44},{"not_picked":["Rebound","Leap+1"],"picked":"Double Energy+1","floor":45},{"not_picked":["Stack+1","Fusion+1"],"picked":"Redo+1","floor":46},{"not_picked":["Cold Snap","Static Discharge","Rebound+1"],"picked":"SKIP","floor":48}],"player_experience":1167826,"relics_obtained":[{"floor":6.0,"key":"Bag of Marbles"},{"floor":8.0,"key":"Toxic Egg 2"},{"floor":9.0,"key":"War Paint"},{"floor":10.0,"key":"Blood Vial"},{"floor":25.0,"key":"Boot"},{"floor":28.0,"key":"Bag of Preparation"},{"floor":31.0,"key":"Meat on the Bone"},{"floor":43,"key":"Mercury Hourglass"},{"floor":44,"key":"Potion Belt"},{"floor":47,"key":"Emotion Chip"},{"floor":48,"key":"FossilizedHelix"}],"event_choices":[{"damage_healed":0.0,"max_hp_gain":0.0,"max_hp_loss":0.0,"gold_gain":50.0,"event_name":"FaceTrader","player_choice":"Touch","floor":2.0,"gold_loss":0.0,"damage_taken":7.0},{"damage_healed":0.0,"max_hp_gain":0.0,"max_hp_loss":0.0,"gold_gain":0.0,"event_name":"N\u0027loth","player_choice":"Traded Relic","floor":19.0,"relics_lost":["War Paint"],"gold_loss":0.0,"damage_taken":0.0,"relics_obtained":["Nloth\u0027s Gift"]},{"damage_healed":0.0,"max_hp_gain":0.0,"max_hp_loss":0.0,"gold_gain":0.0,"event_name":"Wheel of Change","player_choice":"Cursed","floor":37.0,"gold_loss":0.0,"damage_taken":0.0,"cards_obtained":["Decay"]},{"damage_healed":0,"gold_gain":0,"player_choice":"Fight","damage_taken":0,"max_hp_gain":0,"max_hp_loss":0,"event_name":"MindBloom","floor":47,"gold_loss":0}],"is_beta":true,"boss_relics":[{"not_picked":["Pandora\u0027s Box","Busted Crown"],"picked":"Empty Cage"},{"not_picked":["Eternal Feather","Philosopher\u0027s Stone"],"picked":"Runic Dome"}],"items_purged_floors":[5,14],"is_endless":false,"potions_floor_spawned":[1,10,11,12,18,20,25,33,39,44,47,48],"killed_by":"Awakened One","ascension_level":20}