{"gold_per_floor":[114,130,130,147,167,198,39,39,39,56,56,85,65,92,92,170,170,170,70,70,70,70,70,70,70,70,70,70,70,70,70,70,70,70,70,70,70,70,70,70,70,70,70,70,70,70,70,15,15,15,15],"floor_reached":51,"playtime":3301,"items_purged":["Strike_B","Strike_B"],"score":1584,"play_id":"1102738e-e312-40da-9e08-abb24b59324a","local_time":"20190212234823","is_ascension_mode":true,"campfire_choices":[{"data":"Darkness","floor":8.0,"key":"SMITH"},{"floor":11.0,"key":"REST"},{"data":"Biased Cognition","floor":15.0,"key":"SMITH"},{"data":"Coolheaded","floor":30.0,"key":"SMITH"},{"data":"Zap","floor":32.0,"key":"SMITH"},{"data":"Biased Cognition","floor":40.0,"key":"SMITH"},{"data":"Electrodynamics","floor":42.0,"key":"SMITH"},{"floor":49,"key":"RECALL"}],"neow_cost":"NONE","seed_source_timestamp":1662037948977824,"circlet_count":0,"master_deck":["AscendersBane","Strike_B","Strike_B","Defend_B","Defend_B","Defend_B","Defend_B","Zap+1","Dualcast+1","Biased Cognition+1","Doom and Gloom","Cold Snap","Darkness+1","Ball Lightning","Self Repair","Coolheaded+1","Glacier","Steam+1","Echo Form","Undo","Loop+1","Genetic Algorithm+1","Hologram","Biased Cognition+1","Hologram","Electrodynamics+1","Coolheaded+1","Chill+1","White Noise"],"special_seed":0,"relics":["Cracked Core","Bird Faced Urn","Thread and Needle","Incense Burner","Dead Branch","Ectoplasm","Girya","Kunai","Bronze Scales","Tiny Chest","Question Card","Black Star","Gremlin Horn","MawBank","Bag of Preparation","Emotion Chip","Ancient Tea Set","War Paint"],"potions_floor_usage":[],"damage_taken":[{"damage":0.0,"enemies":"2 Louse","floor":1.0,"turns":2.0},{"damage":0.0,"enemies":"Cultist","floor":2.0,"turns":3.0},{"damage":0.0,"enemies":"Small Slimes","floor":4.0,"turns":2.0},{"damage":16.0,"enemies":"Gremlin Gang","floor":5.0,"turns":5.0},{"damage":25.0,"enemies":"Lagavulin","floor":6.0,"turns":6.0},{"damage":11.0,"enemies":"3 Louse","floor":10.0,"turns":3.0},{"damage":16.0,"enemies":"Gremlin Nob","floor":12.0,"turns":4.0},{"damage":6.0,"enemies":"Lagavulin","floor":14.0,"turns":8.0},{"damage":11.0,"enemies":"Hexaghost","floor":16.0,"turns":12.0},{"damage":14.0,"enemies":"Chosen","floor":18.0,"turns":4.0},{"damage":0.0,"enemies":"Spheric Guardian","floor":22.0,"turns":2.0},{"damage":22.0,"enemies":"Book of Stabbing","floor":23.0,"turns":6.0},{"damage":9.0,"enemies":"Centurion and Healer","floor":24.0,"turns":12.0},{"damage":8.0,"enemies":"Slavers","floor":25.0,"turns":9.0},{"damage":26.0,"enemies":"Book of Stabbing","floor":27.0,"turns":5.0},{"damage":4.0,"enemies":"Sentry and Sphere","floor":28.0,"turns":5.0},{"damage":27.0,"enemies":"Shelled Parasite and Fungi","floor":31.0,"turns":6.0},{"damage":28.0,"enemies":"Automaton","floor":33.0,"turns":8.0},{"damage":0.0,"enemies":"3 Shapes","floor":35.0,"turns":4.0},{"damage":0.0,"enemies":"Orb Walker","floor":37.0,"turns":4.0},{"damage":7.0,"enemies":"4 Shapes","floor":38.0,"turns":6.0},{"damage":2.0,"enemies":"Transient","floor":39.0,"turns":6.0},{"damage":11.0,"enemies":"Nemesis","floor":41.0,"turns":7.0},{"damage":2.0,"enemies":"Spire Growth","floor":44.0,"turns":6.0},{"damage":31.0,"enemies":"Giant Head","floor":45.0,"turns":9.0},{"damage":0.0,"enemies":"4 Shapes","floor":46.0,"turns":4.0},{"damage":12,"enemies":"Reptomancer","floor":47,"turns":5},{"damage":47,"enemies":"Time Eater","floor":50,"turns":9},{"damage":64,"enemies":"Awakened One","floor":51,"turns":28}],"seed_played":"-3563784110258226239","potions_obtained":[{"floor":4.0,"key":"SkillPotion"},{"floor":12.0,"key":"Swift Potion"},{"floor":13.0,"key":"SkillPotion"},{"floor":14.0,"key":"EntropicBrew"},{"floor":18.0,"key":"Strength Potion"},{"floor":21.0,"key":"Fire Potion"},{"floor":25.0,"key":"GamblersBrew"},{"floor":28.0,"key":"Block Potion"},{"floor":39.0,"key":"PowerPotion"},{"floor":46.0,"key":"Swift Potion"}],"is_trial":false,"path_per_floor":["M","M","?","M","M","E","$","R","T","M","R","E","?","E","R","B",null,"M","$","?","?","M","E","M","E","T","E","M","T","R","M","R","B",null,"M","?","M","M","M","R","E","R","T","M","E","M","E","$","R","B","B"],"character_chosen":"DEFECT","items_purchased":["Self Repair","PowerPotion"],"campfire_rested":1,"item_purchase_floors":[7,48],"current_hp_per_floor":[64,64,71,71,55,30,30,30,30,19,40,35,35,40,40,42,64,61,61,61,61,61,50,58,70,70,60,71,71,71,68,68,57,68,71,81,81,81,81,81,81,81,81,81,61,81,81,81,81,53,1],"gold":15,"neow_bonus":"ONE_RANDOM_RARE_CARD","is_prod":false,"is_daily":false,"chose_seed":false,"campfire_upgraded":6,"win_rate":0,"timestamp":1550044103,"path_taken":["M","M","?","M","?","E","$","R","T","M","R","E","?","E","R","BOSS","M","$","?","?","?","E","M","E","T","E","M","?","R","M","R","BOSS","M","?","?","M","M","R","E","R","T","M","E","M","E","$","R","BOSS","BOSS"],"build_version":"2019-02-06","purchased_purges":2,"victory":false,"max_hp_per_floor":[71,71,71,71,71,71,71,71,71,71,71,71,71,71,71,71,71,71,71,71,71,71,71,71,71,71,71,71,71,71,71,71,71,71,71,81,81,81,81,81,81,81,81,81,81,81,81,81,81,81,81],"card_choices":[{"not_picked":["Stack","Leap"],"picked":"Doom and Gloom","floor":1.0},{"not_picked":["Steam","Beam Cell","All For One"],"picked":"SKIP","floor":2.0},{"not_picked":["Go for the Eyes","Gash"],"picked":"Cold Snap","floor":4.0},{"not_picked":["Steam","Beam Cell"],"picked":"Darkness","floor":5.0},{"not_picked":["Compile Driver","Chill"],"picked":"Ball Lightning","floor":6.0},{"not_picked":["Sweeping Beam","Melter"],"picked":"Coolheaded","floor":10.0},{"not_picked":["Rebound","Thunder Strike"],"picked":"Glacier","floor":12.0},{"not_picked":["Doom and Gloom","Cold Snap","Static Discharge"],"picked":"SKIP","floor":14.0},{"not_picked":["Meteor Strike","Amplify"],"picked":"Hyperbeam","floor":16.0},{"not_picked":["FTL","Steam Power"],"picked":"Steam+1","floor":18.0},{"not_picked":["Static Discharge","Sweeping Beam","Rebound"],"picked":"SKIP","floor":22.0},{"not_picked":["Hello World","BootSequence"],"picked":"Echo Form","floor":23.0},{"not_picked":["Compile Driver","Redo"],"picked":"Undo","floor":24.0},{"not_picked":["Force Field","Sweeping Beam"],"picked":"Loop+1","floor":25.0},{"not_picked":["Turbo","Stack"],"picked":"Genetic Algorithm+1","floor":27.0},{"not_picked":["Stack","Tempest","BootSequence"],"picked":"SKIP","floor":28.0},{"not_picked":["Cold Snap","Conserve Battery","Redo"],"picked":"Hologram","floor":31.0},{"not_picked":["Amplify","Rainbow","Reboot"],"picked":"Biased Cognition","floor":33.0},{"not_picked":["Cold Snap","Streamline","Conserve Battery+1"],"picked":"Hologram","floor":35.0},{"not_picked":["Barrage","Sweeping Beam","Chaos"],"picked":"Electrodynamics","floor":37.0},{"not_picked":["Streamline","Barrage","Steam","Scrape"],"picked":"SKIP","floor":38.0},{"not_picked":["Streamline+1","Conserve Battery","Sweeping Beam"],"picked":"Coolheaded+1","floor":39.0},{"not_picked":["Cold Snap","Reprogram","Melter"],"picked":"Chill","floor":41.0},{"not_picked":["Conserve Battery","Barrage","Cold Snap","Static Discharge"],"picked":"SKIP","floor":44.0},{"not_picked":["Fission","Stack","Coolheaded+1"],"picked":"White Noise","floor":45.0},{"not_picked":["Stack+1","Doom and Gloom+1","Static Discharge","Steam"],"picked":"SKIP","floor":46.0},{"not_picked":["Steam Power","FTL","Compile Driver","Hologram+1"],"picked":"SKIP","floor":47}],"player_experience":1145034,"relics_obtained":[{"floor":6.0,"key":"Bird Faced Urn"},{"floor":9.0,"key":"Thread and Needle"},{"floor":12.0,"key":"Incense Burner"},{"floor":14.0,"key":"Dead Branch"},{"floor":23.0,"key":"Girya"},{"floor":25.0,"key":"Kunai"},{"floor":26.0,"key":"Bronze Scales"},{"floor":27.0,"key":"Tiny Chest"},{"floor":29.0,"key":"Question Card"},{"floor":41.0,"key":"Gremlin Horn"},{"floor":41.0,"key":"MawBank"},{"floor":45.0,"key":"Bag of Preparation"},{"floor":45.0,"key":"Emotion Chip"},{"floor":47,"key":"Ancient Tea Set"},{"floor":47,"key":"War Paint"}],"event_choices":[{"damage_healed":7.0,"max_hp_gain":0.0,"max_hp_loss":0.0,"gold_gain":0.0,"event_name":"Wheel of Change","player_choice":"Full Heal","floor":3.0,"gold_loss":0.0,"damage_taken":0.0},{"damage_healed":0.0,"max_hp_gain":0.0,"max_hp_loss":0.0,"gold_gain":0.0,"event_name":"The Woman in Blue","player_choice":"Bought 1 Potion","floor":13.0,"gold_loss":0.0,"damage_taken":0.0},{"damage_healed":0.0,"max_hp_gain":0.0,"max_hp_loss":0.0,"gold_gain":0.0,"event_name":"The Mausoleum","player_choice":"Ignored","floor":20.0,"gold_loss":0.0,"damage_taken":0.0},{"damage_healed":0.0,"max_hp_gain":0.0,"max_hp_loss":0.0,"gold_gain":0.0,"event_name":"Lab","player_choice":"Got Potions","floor":21.0,"gold_loss":0.0,"damage_taken":0.0},{"cards_removed":["Hyperbeam"],"damage_healed":0.0,"max_hp_gain":10.0,"max_hp_loss":0.0,"gold_gain":0.0,"event_name":"Bonfire Elementals","player_choice":"Offered Rare","floor":36.0,"gold_loss":0.0,"damage_taken":0.0}],"is_beta":true,"boss_relics":[{"not_picked":["Eternal Feather","Fusion Hammer"],"picked":"Ectoplasm"},{"not_picked":["Philosopher\u0027s Stone","Astrolabe"],"picked":"Black Star"}],"items_purged_floors":[7,19],"is_endless":false,"potions_floor_spawned":[4,12,14,18,23,25,28,33,39,41,44,46],"killed_by":"Awakened One","ascension_level":20}