{"gold_per_floor":[119,3,3,19,19,19,39,39,39,39,51,1,1,1,1,105,105,124,103,116,128,52,52,64,64,145,163,177,97,97,115,115,212,212,225,225,64,74,88,88,88,88,88,88,88,88,101,101,101,101],"floor_reached":51,"playtime":1739,"items_purged":["Strike_G","Strike_G","Dagger Throw"],"score":710,"play_id":"18c8190c-045b-48fa-9c05-bfc16f608e3f","local_time":"20181029211110","is_ascension_mode":false,"campfire_choices":[{"data":"Neutralize","floor":6.0,"key":"SMITH"},{"data":"Footwork","floor":8.0,"key":"SMITH"},{"data":"Crippling Poison","floor":13.0,"key":"SMITH"},{"data":"Poisoned Stab","floor":15.0,"key":"SMITH"},{"data":"Catalyst","floor":23.0,"key":"SMITH"},{"data":"Acrobatics","floor":25.0,"key":"SMITH"},{"data":"Catalyst","floor":32.0,"key":"SMITH"},{"data":"Catalyst","floor":40.0,"key":"SMITH"},{"data":"Acrobatics","floor":44.0,"key":"SMITH"},{"data":"Corpse Explosion","floor":46.0,"key":"SMITH"},{"floor":49.0,"key":"REST"}],"neow_cost":"NONE","seed_source_timestamp":155682560001441,"circlet_count":0,"master_deck":["Defend_G","Defend_G","Defend_G","Defend_G","Survivor","Neutralize+1","Deflect","Footwork+1","Poisoned Stab+1","Poisoned Stab","Crippling Poison+1","Malaise","Catalyst+1","Poisoned Stab","Outmaneuver+1","Catalyst+1","Acrobatics+1","Noxious Fumes","Deadly Poison+1","Dodge and Roll","Catalyst+1","Corpse Explosion+1","Acrobatics+1","Acrobatics","Calculated Gamble+1","Cloak And Dagger+1","Parasite","Decay","Acrobatics+1"],"special_seed":0,"relics":["Ring of the Snake","Boot","The Courier","Cursed Key","Dodecahedron","Empty Cage","Sundial","Dead Branch"],"potions_floor_usage":[50,50],"damage_taken":[{"damage":1.0,"enemies":"Cultist","floor":1.0,"turns":4.0},{"damage":0.0,"enemies":"Small Slimes","floor":4.0,"turns":5.0},{"damage":0.0,"enemies":"Jaw Worm","floor":7.0,"turns":3.0},{"damage":6.0,"enemies":"Lots of Slimes","floor":11.0,"turns":5.0},{"damage":12.0,"enemies":"The Guardian","floor":16.0,"turns":10.0},{"damage":6.0,"enemies":"2 Thieves","floor":18.0,"turns":4.0},{"damage":2.0,"enemies":"Spheric Guardian","floor":20.0,"turns":5.0},{"damage":7.0,"enemies":"Centurion and Healer","floor":21.0,"turns":9.0},{"damage":16.0,"enemies":"Snake Plant","floor":24.0,"turns":3.0},{"damage":5.0,"enemies":"Chosen and Byrds","floor":27.0,"turns":6.0},{"damage":1.0,"enemies":"Cultist and Chosen","floor":28.0,"turns":8.0},{"damage":7.0,"enemies":"Colosseum Slavers","floor":30.0,"turns":4.0},{"damage":0.0,"enemies":"Snecko","floor":31.0,"turns":5.0},{"damage":2.0,"enemies":"Champ","floor":33.0,"turns":4.0},{"damage":7.0,"enemies":"Orb Walker","floor":35.0,"turns":3.0},{"damage":0.0,"enemies":"3 Shapes","floor":38.0,"turns":3.0},{"damage":0.0,"enemies":"3 Darklings","floor":39.0,"turns":2.0},{"damage":19.0,"enemies":"Writhing Mass","floor":47.0,"turns":4.0},{"damage":59,"enemies":"Awakened One","floor":50,"turns":20}],"seed_played":"-7155597205242939797","potions_obtained":[{"floor":1.0,"key":"GhostInAJar"},{"floor":4.0,"key":"Strength Potion"},{"floor":7.0,"key":"Energy Potion"},{"floor":28.0,"key":"Swift Potion"},{"floor":31.0,"key":"EssenceOfSteel"},{"floor":38.0,"key":"Dexterity Potion"},{"floor":47.0,"key":"SteroidPotion"}],"is_trial":false,"path_per_floor":["M","$","?","M","?","R","M","R","T","$","M","?","R","?","R","B",null,"M","$","M","M","$","R","M","R","T","M","M","$","?","M","R","B",null,"M","?","$","M","M","R","T","?","T","R","$","R","M","$","R","B"],"character_chosen":"THE_SILENT","items_purchased":["Footwork","Poisoned Stab","Acrobatics","Noxious Fumes","Acrobatics","Acrobatics"],"campfire_rested":1,"item_purchase_floors":[2,19,22,22,37,37],"current_hp_per_floor":[76,76,76,76,69,69,69,69,69,69,63,63,63,63,63,51,77,71,71,69,62,62,62,46,46,46,41,40,40,33,33,33,31,77,70,70,70,70,70,70,70,70,70,70,70,70,51,51,72,13],"gold":101,"neow_bonus":"TEN_PERCENT_HP_BONUS","is_prod":false,"is_daily":false,"chose_seed":false,"campfire_upgraded":10,"win_rate":0,"timestamp":1540872670,"path_taken":["M","$","?","?","?","R","M","R","T","?","?","?","R","?","R","BOSS","M","?","M","M","$","R","M","R","T","M","?","?","?","M","R","BOSS","M","?","$","M","M","R","?","?","T","R","$","R","M","?","R","BOSS"],"build_version":"2018-10-29v2","purchased_purges":3,"victory":true,"max_hp_per_floor":[77,77,77,77,77,77,77,77,77,77,77,77,77,77,77,77,77,77,77,77,77,77,77,77,77,77,77,77,77,77,77,77,77,77,77,77,77,77,77,77,77,73,73,73,73,73,73,73,73,73],"card_choices":[{"not_picked":["Heel Hook","Outmaneuver"],"picked":"Deflect","floor":1.0},{"not_picked":["Quick Slash","Outmaneuver"],"picked":"Poisoned Stab","floor":4.0},{"not_picked":["Outmaneuver","Reflex"],"picked":"Dagger Throw","floor":7.0},{"not_picked":["Deflect","Distraction"],"picked":"Crippling Poison","floor":11.0},{"not_picked":["A Thousand Cuts","Phantasmal Killer"],"picked":"Malaise","floor":16.0},{"not_picked":["Flechettes","Poisoned Stab"],"picked":"Catalyst","floor":18.0},{"not_picked":["Underhanded Strike+1","Skewer+1"],"picked":"Outmaneuver+1","floor":20.0},{"not_picked":["Dash+1","Deadly Poison"],"picked":"Catalyst","floor":21.0},{"not_picked":["Sucker Punch","Deflect+1"],"picked":"Deadly Poison+1","floor":24.0},{"not_picked":["Eviscerate","Underhanded Strike+1"],"picked":"Dodge and Roll","floor":27.0},{"not_picked":["Deflect+1","Bouncing Flask","Reflex"],"picked":"SKIP","floor":28.0},{"not_picked":["Acrobatics","Distraction+1"],"picked":"Catalyst","floor":31.0},{"not_picked":["Die Die Die","Night Terror"],"picked":"Corpse Explosion","floor":33.0},{"not_picked":["Dagger Throw+1","All Out Attack+1","Tactician+1"],"picked":"SKIP","floor":35.0},{"not_picked":["Flechettes+1","Dagger Spray"],"picked":"Calculated Gamble+1","floor":38.0},{"not_picked":["PiercingWail","Crippling Poison+1"],"picked":"Cloak And Dagger+1","floor":39.0},{"not_picked":["Cloak And Dagger+1","Blade Dance"],"picked":"Acrobatics+1","floor":47.0}],"player_experience":833299,"relics_obtained":[{"floor":9.0,"key":"The Courier"},{"floor":26.0,"key":"Dodecahedron"},{"floor":41.0,"key":"Sundial"},{"floor":43.0,"key":"Dead Branch"}],"event_choices":[{"damage_healed":0.0,"max_hp_gain":0.0,"max_hp_loss":0.0,"gold_gain":0.0,"cards_transformed":["Strike_G"],"event_name":"Transmorgrifier","player_choice":"Transformed","floor":3.0,"gold_loss":0.0,"damage_taken":0.0,"cards_obtained":["Poisoned Stab"]},{"damage_healed":0.0,"max_hp_gain":0.0,"max_hp_loss":0.0,"gold_gain":0.0,"event_name":"Scrap Ooze","player_choice":"Success","floor":5.0,"gold_loss":0.0,"damage_taken":7.0,"relics_obtained":["Boot"]},{"cards_removed":["Strike_G"],"damage_healed":0.0,"max_hp_gain":0.0,"max_hp_loss":0.0,"gold_gain":0.0,"event_name":"The Cleric","player_choice":"Card Removal","floor":12.0,"gold_loss":50.0,"damage_taken":0.0},{"cards_removed":["Strike_G"],"damage_healed":0.0,"max_hp_gain":0.0,"max_hp_loss":0.0,"gold_gain":0.0,"event_name":"Living Wall","player_choice":"Forget","floor":14.0,"gold_loss":0.0,"damage_taken":0.0},{"damage_healed":0.0,"max_hp_gain":0.0,"max_hp_loss":0.0,"gold_gain":0.0,"event_name":"Colosseum","player_choice":"Fight","floor":30.0,"gold_loss":0.0,"damage_taken":0.0},{"damage_healed":0.0,"max_hp_gain":0.0,"max_hp_loss":0.0,"gold_gain":0.0,"event_name":"Colosseum","player_choice":"Fled From Nobs","floor":30.0,"gold_loss":0.0,"damage_taken":0.0},{"damage_healed":0.0,"max_hp_gain":0.0,"max_hp_loss":0.0,"gold_gain":0.0,"event_name":"Tomb of Lord Red Mask","player_choice":"Ignored","floor":36.0,"gold_loss":0.0,"damage_taken":0.0},{"damage_healed":0.0,"max_hp_gain":0.0,"max_hp_loss":4.0,"gold_gain":0.0,"event_name":"Winding Halls","player_choice":"Max HP","floor":42.0,"gold_loss":0.0,"damage_taken":0.0}],"is_beta":true,"boss_relics":[{"not_picked":["White Beast Statue","Eternal Feather"],"picked":"Cursed Key"},{"not_picked":["Black Star","Snecko Eye"],"picked":"Empty Cage"}],"items_purged_floors":[2,29,37],"is_endless":false,"potions_floor_spawned":[1,4,7,24,28,30,31,38,47],"ascension_level":0}