{"gold_per_floor":[111,111,186,199,273,287,318,318,344,374,385,385,418,1,1,1],"floor_reached":16,"playtime":525,"items_purged":["Strike_B"],"score":236,"play_id":"a7062206-29d6-4a05-96c7-8c9bd4de0cb8","local_time":"20190226015654","is_ascension_mode":true,"campfire_choices":[{"floor":8.0,"key":"REST"},{"data":"Zap","floor":15,"key":"SMITH"}],"neow_cost":"TEN_PERCENT_HP_LOSS","seed_source_timestamp":2467753012820607,"circlet_count":0,"master_deck":["AscendersBane","Strike_B","Strike_B","Strike_B","Defend_B","Defend_B","Defend_B","Defend_B","Zap+1","Dualcast","Sweeping Beam","Seek","Defragment+1"],"special_seed":0,"relics":["Cracked Core","Shovel","Mercury Hourglass","Pocketwatch","Anchor","Vajra","Regal Pillow","Frozen Egg 2"],"potions_floor_usage":[16],"damage_taken":[{"damage":2.0,"enemies":"Jaw Worm","floor":1.0,"turns":4.0},{"damage":5.0,"enemies":"Small Slimes","floor":4.0,"turns":4.0},{"damage":0.0,"enemies":"Cultist","floor":6.0,"turns":3.0},{"damage":44.0,"enemies":"Lagavulin","floor":7.0,"turns":8.0},{"damage":15.0,"enemies":"3 Sentries","floor":10.0,"turns":4.0},{"damage":1.0,"enemies":"Looter","floor":11.0,"turns":2.0},{"damage":34.0,"enemies":"Lagavulin","floor":13.0,"turns":7.0},{"damage":32,"enemies":"Hexaghost","floor":16,"turns":7}],"seed_played":"184399150621232908","potions_obtained":[{"floor":7.0,"key":"FearPotion"},{"floor":10.0,"key":"Dexterity Potion"},{"floor":11.0,"key":"Explosive Potion"}],"is_trial":false,"path_per_floor":["M","?","?","M","T","M","E","R","T","E","M","?","E","$","R","B"],"character_chosen":"DEFECT","items_purchased":["Frozen Egg 2","Defragment+1"],"campfire_rested":1,"item_purchase_floors":[14,14],"current_hp_per_floor":[62,62,51,46,46,46,2,21,21,6,5,64,30,30,30,0],"gold":1,"neow_bonus":"ONE_RARE_RELIC","is_prod":false,"is_daily":false,"chose_seed":false,"campfire_upgraded":1,"win_rate":0,"timestamp":1551175014,"path_taken":["M","?","?","M","?","M","E","R","T","E","?","?","E","$","R","BOSS"],"build_version":"2019-02-06","purchased_purges":1,"victory":false,"max_hp_per_floor":[64,64,64,64,64,64,64,64,64,64,64,64,64,64,64,64],"card_choices":[{"not_picked":["Stack","Rebound","Chaos"],"picked":"SKIP","floor":1.0},{"not_picked":["Rebound","Turbo","Recycle"],"picked":"SKIP","floor":4.0},{"not_picked":["Gash","Go for the Eyes"],"picked":"Melter","floor":6.0},{"not_picked":["FTL","Go for the Eyes"],"picked":"Sweeping Beam","floor":7.0},{"not_picked":["Meteor Strike","Leap","Skim"],"picked":"SKIP","floor":10.0},{"not_picked":["Go for the Eyes","Stack","Gash"],"picked":"SKIP","floor":11.0},{"not_picked":["Hello World","White Noise"],"picked":"Seek","floor":13.0}],"player_experience":1255150,"relics_obtained":[{"floor":5.0,"key":"Mercury Hourglass"},{"floor":7.0,"key":"Pocketwatch"},{"floor":9.0,"key":"Anchor"},{"floor":10.0,"key":"Vajra"},{"floor":13.0,"key":"Regal Pillow"}],"event_choices":[{"damage_healed":0.0,"max_hp_gain":0.0,"max_hp_loss":0.0,"gold_gain":0.0,"event_name":"The Cleric","player_choice":"Leave","floor":2.0,"gold_loss":0.0,"damage_taken":0.0},{"damage_healed":0.0,"max_hp_gain":0.0,"max_hp_loss":0.0,"gold_gain":75.0,"event_name":"World of Goop","player_choice":"Gather Gold","floor":3.0,"gold_loss":0.0,"damage_taken":11.0},{"cards_removed":["Melter"],"damage_healed":59.0,"max_hp_gain":0.0,"max_hp_loss":0.0,"gold_gain":0.0,"event_name":"Bonfire Elementals","player_choice":"Offered Uncommon","floor":12.0,"gold_loss":0.0,"damage_taken":0.0}],"is_beta":true,"boss_relics":[],"items_purged_floors":[14],"is_endless":false,"potions_floor_spawned":[7,10,11,13],"killed_by":"Hexaghost","ascension_level":20}