{"gold_per_floor":[116,116,116,126,126,126,52,52,52,83,98,10,44,194,194,269,269,244,89,102,121,171,171,171],"floor_reached":24,"playtime":702,"items_purged":["Doubt"],"score":454,"play_id":"78264bde-29b6-46d7-b0e0-28da947bf2e2","local_time":"20190228184317","is_ascension_mode":true,"campfire_choices":[{"data":"Zap","floor":6.0,"key":"SMITH"},{"data":"Genetic Algorithm","floor":8.0,"key":"SMITH"},{"data":"Capacitor","floor":15.0,"key":"SMITH"},{"floor":23,"key":"REST"}],"neow_cost":"NONE","seed_source_timestamp":2645495495689528,"circlet_count":0,"master_deck":["AscendersBane","Strike_B","Strike_B","Strike_B+1","Defend_B+1","Defend_B","Defend_B","Defend_B","Zap+1","Dualcast","Glacier","Genetic Algorithm+1","Coolheaded","Genetic Algorithm","Capacitor+1","Doom and Gloom","Creative AI","Blizzard+1","Electrodynamics","Conserve Battery"],"special_seed":0,"relics":["Cracked Core","NeowsBlessing","Question Card","Mango","StoneCalendar","Bottled Tornado","Runic Dome"],"potions_floor_usage":[],"damage_taken":[{"damage":0.0,"enemies":"Jaw Worm","floor":1.0,"turns":1.0},{"damage":0.0,"enemies":"Cultist","floor":4.0,"turns":1.0},{"damage":0.0,"enemies":"Lagavulin","floor":10.0,"turns":1.0},{"damage":0.0,"enemies":"2 Louse","floor":11.0,"turns":4.0},{"damage":34.0,"enemies":"3 Sentries","floor":13.0,"turns":7.0},{"damage":7.0,"enemies":"Hexaghost","floor":16.0,"turns":7.0},{"damage":16.0,"enemies":"2 Thieves","floor":18.0,"turns":4.0},{"damage":13.0,"enemies":"Shell Parasite","floor":20.0,"turns":9.0},{"damage":23.0,"enemies":"Shelled Parasite and Fungi","floor":21.0,"turns":7.0},{"damage":31,"enemies":"Book of Stabbing","floor":24,"turns":5}],"seed_played":"5245887514681287536","potions_obtained":[{"floor":1.0,"key":"SpeedPotion"},{"floor":11.0,"key":"PowerPotion"},{"floor":16.0,"key":"Fire Potion"},{"floor":21.0,"key":"SpeedPotion"}],"is_trial":false,"path_per_floor":["M","?","T","M","?","R","$","R","T","E","M","$","E","?","R","B",null,"M","$","M","M","?","R","E"],"character_chosen":"DEFECT","items_purchased":["Genetic Algorithm","Capacitor","Electrodynamics"],"campfire_rested":1,"item_purchase_floors":[7,12,19],"current_hp_per_floor":[64,43,43,43,43,43,43,43,57,57,57,57,23,23,23,16,68,52,52,39,16,8,33,2],"gold":171,"neow_bonus":"THREE_ENEMY_KILL","is_prod":false,"is_daily":false,"chose_seed":false,"campfire_upgraded":3,"win_rate":0,"timestamp":1551408197,"path_taken":["M","?","?","?","?","R","$","R","T","E","M","?","E","?","R","BOSS","M","$","M","M","?","R","E"],"build_version":"2019-02-06","purchased_purges":1,"victory":false,"max_hp_per_floor":[71,71,71,71,71,71,71,71,85,85,85,85,85,85,85,85,85,85,85,85,85,85,85,85],"card_choices":[{"not_picked":["Streamline","Steam"],"picked":"Glacier","floor":1.0},{"not_picked":["Barrage","Aggregate","Rebound","Thunder Strike"],"picked":"SKIP","floor":4.0},{"not_picked":["Barrage","Hologram","Stack"],"picked":"Coolheaded","floor":10.0},{"not_picked":["Double Energy","Beam Cell","Sweeping Beam"],"picked":"Genetic Algorithm","floor":11.0},{"not_picked":["Compile Driver","Stack","Beam Cell"],"picked":"Doom and Gloom","floor":13.0},{"not_picked":["Thunder Strike","Core Surge","Buffer"],"picked":"Creative AI","floor":16.0},{"not_picked":["Stack","Sweeping Beam","Coolheaded"],"picked":"Blizzard+1","floor":18.0},{"not_picked":["Barrage","Cold Snap","Double Energy+1"],"picked":"Conserve Battery","floor":20.0},{"not_picked":["Lockon+1","Turbo","Tempest","Aggregate"],"picked":"SKIP","floor":21.0}],"player_experience":1285989,"relics_obtained":[{"floor":3.0,"key":"Question Card"},{"floor":9.0,"key":"Mango"},{"floor":10.0,"key":"StoneCalendar"},{"floor":13.0,"key":"Bottled Tornado"}],"event_choices":[{"damage_healed":0.0,"max_hp_gain":0.0,"max_hp_loss":0.0,"gold_gain":0.0,"event_name":"Shining Light","player_choice":"Entered Light","floor":2.0,"gold_loss":0.0,"damage_taken":21.0,"cards_upgraded":["Defend_B","Strike_B"]},{"cards_removed":["Strike_B"],"damage_healed":0.0,"max_hp_gain":0.0,"max_hp_loss":0.0,"gold_gain":0.0,"event_name":"Wheel of Change","player_choice":"Card Removal","floor":5.0,"gold_loss":0.0,"damage_taken":0.0},{"damage_healed":0.0,"max_hp_gain":0.0,"max_hp_loss":0.0,"gold_gain":150.0,"event_name":"Liars Game","player_choice":"AGREE","floor":14.0,"gold_loss":0.0,"damage_taken":0.0,"cards_obtained":["Doubt"]},{"damage_healed":0,"gold_gain":50,"player_choice":"Touch","damage_taken":8,"max_hp_gain":0,"max_hp_loss":0,"event_name":"FaceTrader","floor":22,"gold_loss":0}],"is_beta":true,"boss_relics":[{"not_picked":["White Beast Statue","Lizard Tail"],"picked":"Runic Dome"}],"items_purged_floors":[19],"is_endless":false,"potions_floor_spawned":[1,11,16,21],"killed_by":"Book of Stabbing","ascension_level":20}