{"gold_per_floor":[111,111,111,124,224,240,266,266,266,298,298,316,341,357,357,453,453,464,464,464,464,479,479,505,45,95,112,146,158,158],"floor_reached":30,"playtime":1040,"items_purged":[],"score":371,"play_id":"22861af8-bf32-4554-9987-974a0dd9831a","local_time":"20190407024057","is_ascension_mode":true,"campfire_choices":[{"data":"Zap","floor":8,"key":"SMITH"},{"floor":11,"key":"REST"},{"floor":15,"key":"REST"},{"floor":23,"key":"REST"}],"neow_cost":"NONE","seed_source_timestamp":14795323257431,"circlet_count":0,"master_deck":["Strike_B+1","Strike_B+1","Strike_B+1","Strike_B+1","Defend_B+1","Defend_B+1","Defend_B+1","Defend_B+1","Zap+1","Dualcast","Go for the Eyes","Gash","Genetic Algorithm","Sweeping Beam","Self Repair","Seek","Redo+1","Hologram+1","Beam Cell","Swift Strike","Gash","Self Repair","Skim"],"relics":["Cracked Core","Bottled Lightning","Singing Bowl","Letter Opener","Shovel","Eternal Feather","Mercury Hourglass","Prayer Wheel","Incense Burner","Pen Nib","DataDisk"],"potions_floor_usage":[7,10,16,16,16,27,28,30],"damage_taken":[{"damage":2,"enemies":"Jaw Worm","floor":1,"turns":3},{"damage":1,"enemies":"Cultist","floor":4,"turns":3},{"damage":3,"enemies":"2 Louse","floor":6,"turns":3},{"damage":36,"enemies":"Lagavulin","floor":7,"turns":10},{"damage":25,"enemies":"3 Sentries","floor":10,"turns":5},{"damage":10,"enemies":"Red Slaver","floor":12,"turns":3},{"damage":26,"enemies":"Gremlin Nob","floor":13,"turns":4},{"damage":6,"enemies":"Looter","floor":14,"turns":3},{"damage":51,"enemies":"Slime Boss","floor":16,"turns":13},{"damage":52,"enemies":"Spheric Guardian","floor":18,"turns":6},{"damage":0,"enemies":"3 Byrds","floor":22,"turns":3},{"damage":40,"enemies":"Gremlin Leader","floor":24,"turns":8},{"damage":4,"enemies":"3 Cultists","floor":27,"turns":4},{"damage":17,"enemies":"Slavers","floor":28,"turns":5},{"damage":21,"enemies":"Shelled Parasite and Fungi","floor":29,"turns":5},{"damage":30,"enemies":"Snecko","floor":30,"turns":6}],"seed_played":"-4033128756600304073","potions_obtained":[{"floor":6,"key":"Regen Potion"},{"floor":7,"key":"Strength Potion"},{"floor":10,"key":"Dexterity Potion"},{"floor":13,"key":"Swift Potion"},{"floor":14,"key":"Explosive Potion"},{"floor":22,"key":"EssenceOfSteel"},{"floor":24,"key":"AttackPotion"},{"floor":28,"key":"PowerPotion"}],"is_trial":false,"path_per_floor":["M","?","$","M","?","M","E","R","T","E","R","M","E","M","R","B",null,"M","T","?","?","M","R","E","$","T","M","E","M","M"],"character_chosen":"DEFECT","items_purchased":["Beam Cell","Swift Strike","Incense Burner"],"campfire_rested":3,"item_purchase_floors":[25,25,25],"current_hp_per_floor":[73,73,73,72,72,69,48,48,48,23,45,44,27,30,54,10,81,36,36,21,21,28,62,31,31,31,36,26,21,0],"gold":158,"neow_bonus":"THREE_CARDS","is_prod":false,"is_daily":false,"chose_seed":false,"campfire_upgraded":1,"win_rate":0,"timestamp":1554601257,"path_taken":["M","?","?","?","?","M","E","R","T","E","R","M","E","M","R","BOSS","M","?","?","?","M","R","E","?","T","M","E","M","M"],"build_version":"2019-01-23","purchased_purges":0,"victory":false,"max_hp_per_floor":[75,75,75,75,75,75,75,75,75,75,75,77,79,81,81,81,81,81,81,86,86,86,86,88,88,88,90,90,92,92],"card_choices":[{"not_picked":["Rebound","Leap"],"picked":"Go for the Eyes","floor":0},{"not_picked":["Scrape","Sweeping Beam"],"picked":"Gash","floor":1},{"not_picked":["Compile Driver","Beam Cell"],"picked":"Genetic Algorithm","floor":4},{"not_picked":["Compile Driver","Static Discharge","Doom and Gloom"],"picked":"SKIP","floor":6},{"not_picked":["Melter","Recycle"],"picked":"Sweeping Beam","floor":7},{"not_picked":["Heatsinks","Lockon"],"picked":"Self Repair","floor":10},{"not_picked":["Glacier","Recycle","Machine Learning"],"picked":"Singing Bowl","floor":12},{"not_picked":["Leap","Steam","BootSequence"],"picked":"Singing Bowl","floor":13},{"not_picked":["Barrage","Streamline","Chill"],"picked":"Singing Bowl","floor":14},{"not_picked":["Machine Learning","Multi-Cast"],"picked":"Seek","floor":16},{"not_picked":["Steam","Turbo+1"],"picked":"Redo+1","floor":18},{"not_picked":["Storm","Streamline"],"picked":"Hologram+1","floor":22},{"not_picked":["Reinforced Body","Turbo","Reprogram"],"picked":"Singing Bowl","floor":24},{"not_picked":["Glacier","Stack"],"picked":"Gash","floor":27},{"not_picked":["Glacier+1","Coolheaded","Beam Cell"],"picked":"Singing Bowl","floor":27},{"not_picked":["Barrage","Leap+1"],"picked":"Self Repair","floor":28},{"not_picked":["Double Energy","Redo"],"picked":"Skim","floor":29},{"not_picked":["Heatsinks","Amplify","Darkness"],"picked":"Singing Bowl","floor":29}],"player_experience":391544,"relics_obtained":[{"floor":7,"key":"Bottled Lightning"},{"floor":9,"key":"Singing Bowl"},{"floor":10,"key":"Letter Opener"},{"floor":13,"key":"Shovel"},{"floor":19,"key":"Mercury Hourglass"},{"floor":24,"key":"Prayer Wheel"},{"floor":26,"key":"Pen Nib"},{"floor":28,"key":"DataDisk"}],"event_choices":[{"damage_healed":0,"gold_gain":0,"player_choice":"Bought 0 Potions","damage_taken":0,"max_hp_gain":0,"max_hp_loss":0,"event_name":"The Woman in Blue","floor":2,"gold_loss":0},{"damage_healed":0,"gold_gain":100,"player_choice":"Gold","damage_taken":0,"max_hp_gain":0,"max_hp_loss":0,"event_name":"Wheel of Change","floor":5,"gold_loss":0},{"damage_healed":0,"gold_gain":0,"player_choice":"Shed Blood","damage_taken":20,"max_hp_gain":5,"max_hp_loss":0,"event_name":"Forgotten Altar","floor":20,"gold_loss":0},{"damage_healed":0,"gold_gain":0,"player_choice":"Simplicity","damage_taken":0,"max_hp_gain":0,"max_hp_loss":0,"event_name":"Back to Basics","floor":21,"gold_loss":0,"cards_upgraded":["Strike_B","Strike_B","Strike_B","Strike_B","Defend_B","Defend_B","Defend_B","Defend_B"]}],"is_beta":false,"boss_relics":[{"not_picked":["Sozu","Nuclear Battery"],"picked":"Eternal Feather"}],"items_purged_floors":[],"is_endless":false,"potions_floor_spawned":[6,7,10,13,14,22,24,28],"killed_by":"Snecko","ascension_level":4}