{"gold_per_floor":[218,368,66,26,41,41,76,76,76,76,76,110,130,147,147,220,220,239,256,0,13,40,40,67,67,94,108,131,52,71,42,42,116,116,127,127],"floor_reached":36,"playtime":1661,"items_purged":[],"score":880,"play_id":"e3806119-82c7-4f8d-a60a-f299ec84922e","local_time":"20190410205930","is_ascension_mode":true,"campfire_choices":[{"data":"Consume","floor":6.0,"key":"SMITH"},{"floor":8.0,"key":"REST"},{"floor":15.0,"key":"REST"},{"floor":23.0,"key":"REST"},{"floor":25.0,"key":"REST"},{"floor":32.0,"key":"REST"}],"neow_cost":"NONE","seed_source_timestamp":0,"circlet_count":0,"master_deck":["AscendersBane","Strike_B","Strike_B","Strike_B","Strike_B","Defend_B","Defend_B","Defend_B","Defend_B","Zap+1","Dualcast","Doubt","Consume+1","Steam","Genetic Algorithm","Hologram","Seek","Conserve Battery","Echo Form","Genetic Algorithm","Coolheaded","Chill","Hologram","Defragment","Ball Lightning","Biased Cognition","Glacier"],"special_seed":0,"relics":["Cracked Core","Runic Capacitor","Dead Branch","Symbiotic Virus","Velvet Choker","Ancient Tea Set","Sundial","Bronze Scales","Bag of Preparation","Snecko Eye"],"potions_floor_usage":[],"damage_taken":[{"damage":0.0,"enemies":"2 Louse","floor":1.0,"turns":3.0},{"damage":10.0,"enemies":"Small Slimes","floor":5.0,"turns":4.0},{"damage":50.0,"enemies":"3 Sentries","floor":7.0,"turns":8.0},{"damage":0.0,"enemies":"Lagavulin","floor":12.0,"turns":4.0},{"damage":0.0,"enemies":"Cultist","floor":13.0,"turns":3.0},{"damage":1.0,"enemies":"2 Fungi Beasts","floor":14.0,"turns":3.0},{"damage":44.0,"enemies":"Hexaghost","floor":16.0,"turns":10.0},{"damage":7.0,"enemies":"3 Byrds","floor":18.0,"turns":3.0},{"damage":16.0,"enemies":"Shell Parasite","floor":19.0,"turns":5.0},{"damage":7.0,"enemies":"Centurion and Healer","floor":21.0,"turns":9.0},{"damage":36.0,"enemies":"Gremlin Leader","floor":24.0,"turns":9.0},{"damage":8.0,"enemies":"Snake Plant","floor":27.0,"turns":5.0},{"damage":6.0,"enemies":"3 Cultists","floor":30.0,"turns":5.0},{"damage":20.0,"enemies":"Champ","floor":33.0,"turns":17.0},{"damage":21.0,"enemies":"3 Shapes","floor":35.0,"turns":5.0},{"damage":0,"enemies":"3 Darklings","floor":36,"turns":1}],"seed_played":"-5124919977741357377","potions_obtained":[{"floor":4.0,"key":"FocusPotion"},{"floor":4.0,"key":"Swift Potion"},{"floor":7.0,"key":"Fire Potion"},{"floor":13.0,"key":"Dexterity Potion"},{"floor":16.0,"key":"Explosive Potion"},{"floor":19.0,"key":"SpeedPotion"},{"floor":24.0,"key":"Explosive Potion"},{"floor":30.0,"key":"PowerPotion"}],"is_trial":false,"path_per_floor":["M","?","$","?","M","R","E","R","T","?","?","E","M","M","R","B",null,"M","M","?","M","T","R","E","R","T","M","T","$","M","$","R","B",null,"M","M"],"character_chosen":"DEFECT","items_purchased":["Consume","Runic Capacitor","Defragment","Ball Lightning"],"campfire_rested":5,"item_purchase_floors":[3,3,29,31],"current_hp_per_floor":[64,64,64,64,54,54,4,25,25,25,25,25,25,24,45,1,54,47,31,31,24,24,45,9,30,30,22,22,22,16,16,37,17,58,37,37],"gold":127,"neow_bonus":"HUNDRED_GOLD","is_prod":false,"is_daily":false,"chose_seed":false,"campfire_upgraded":1,"win_rate":0,"timestamp":1554955170,"path_taken":["M","?","$","?","?","R","E","R","T","?","?","E","?","M","R","BOSS","M","M","?","M","?","R","E","R","T","M","?","$","?","$","R","BOSS","M","M"],"build_version":"2019-04-04","purchased_purges":0,"victory":false,"max_hp_per_floor":[71,71,71,71,71,71,71,71,71,71,71,71,71,71,71,71,71,71,71,71,71,71,71,71,71,71,71,71,71,71,71,71,71,71,71,71],"card_choices":[{"not_picked":["Rebound","Hologram","Turbo"],"picked":"SKIP","floor":1.0},{"not_picked":["Lockon","Streamline"],"picked":"Steam","floor":5.0},{"not_picked":["Go for the Eyes","Melter"],"picked":"Genetic Algorithm","floor":7.0},{"not_picked":["Capacitor","Storm"],"picked":"Hologram","floor":12.0},{"not_picked":["Barrage","Ball Lightning"],"picked":"Seek","floor":13.0},{"not_picked":["Stack","Barrage"],"picked":"Conserve Battery","floor":14.0},{"not_picked":["Seek","Rainbow"],"picked":"Echo Form","floor":16.0},{"not_picked":["BootSequence","Compile Driver"],"picked":"Genetic Algorithm","floor":18.0},{"not_picked":["Leap","Go for the Eyes"],"picked":"Coolheaded","floor":19.0},{"not_picked":["Stack","Go for the Eyes+1"],"picked":"Chill","floor":21.0},{"not_picked":["Tempest+1","Streamline"],"picked":"Hologram","floor":24.0},{"not_picked":["Melter","Compile Driver","Sunder"],"picked":"SKIP","floor":27.0},{"not_picked":["Conserve Battery","Beam Cell+1","Meteor Strike"],"picked":"SKIP","floor":30.0},{"not_picked":["Meteor Strike","Buffer"],"picked":"Biased Cognition","floor":33.0},{"not_picked":["Conserve Battery","Auto Shields"],"picked":"Glacier","floor":35.0}],"player_experience":1395938,"relics_obtained":[{"floor":7.0,"key":"Dead Branch"},{"floor":9.0,"key":"Symbiotic Virus"},{"floor":22.0,"key":"Ancient Tea Set"},{"floor":24.0,"key":"Sundial"},{"floor":26.0,"key":"Bronze Scales"},{"floor":28.0,"key":"Bag of Preparation"}],"event_choices":[{"damage_healed":0.0,"max_hp_gain":0.0,"max_hp_loss":0.0,"gold_gain":150.0,"event_name":"Liars Game","player_choice":"AGREE","floor":2.0,"gold_loss":0.0,"damage_taken":0.0,"cards_obtained":["Doubt"]},{"damage_healed":0.0,"max_hp_gain":0.0,"max_hp_loss":0.0,"gold_gain":0.0,"event_name":"The Woman in Blue","player_choice":"Bought 3 Potions","floor":4.0,"gold_loss":0.0,"damage_taken":0.0},{"damage_healed":0.0,"max_hp_gain":0.0,"max_hp_loss":0.0,"gold_gain":0.0,"event_name":"Golden Wing","player_choice":"Ignored","floor":10.0,"gold_loss":0.0,"damage_taken":0.0},{"damage_healed":0.0,"max_hp_gain":0.0,"max_hp_loss":0.0,"gold_gain":0.0,"event_name":"Upgrade Shrine","player_choice":"Upgraded","floor":11.0,"gold_loss":0.0,"damage_taken":0.0,"cards_upgraded":["Zap"]},{"damage_healed":0.0,"max_hp_gain":0.0,"max_hp_loss":0.0,"gold_gain":0.0,"event_name":"Masked Bandits","player_choice":"Paid Fearfully","floor":20.0,"gold_loss":256.0,"damage_taken":0.0}],"is_beta":true,"boss_relics":[{"not_picked":["Busted Crown","Runic Pyramid"],"picked":"Velvet Choker"},{"not_picked":["Philosopher\u0027s Stone","Fusion Hammer"],"picked":"Snecko Eye"}],"items_purged_floors":[],"is_endless":false,"potions_floor_spawned":[7,13,16,19,24,30],"killed_by":"3 Darklings","ascension_level":20}