{"gold_per_floor":[118,118,129,143,155,155,181,198,198,49,66,20,20,36,36,36],"floor_reached":16,"playtime":470,"items_purged":[],"score":125,"play_id":"3e1f4db7-4f7c-48e0-9693-5a042ad098ca","local_time":"20190407015640","is_ascension_mode":true,"campfire_choices":[{"floor":6,"key":"REST"},{"floor":15,"key":"REST"}],"neow_cost":"NONE","seed_source_timestamp":12708329456518,"circlet_count":0,"master_deck":["Strike_B","Strike_B","Strike_B","Strike_B","Defend_B+1","Defend_B","Defend_B+1","Defend_B","Zap","Dualcast","Self Repair","Pain","Lockon","Beam Cell","Rebound","Go for the Eyes","Leap"],"relics":["Cracked Core","NeowsBlessing","WarpedTongs","Lantern","War Paint","Vajra"],"potions_floor_usage":[14,16],"damage_taken":[{"damage":0,"enemies":"Small Slimes","floor":1,"turns":1},{"damage":0,"enemies":"Cultist","floor":3,"turns":1},{"damage":0,"enemies":"Jaw Worm","floor":4,"turns":1},{"damage":25,"enemies":"Large Slime","floor":5,"turns":5},{"damage":26,"enemies":"3 Sentries","floor":7,"turns":9},{"damage":24,"enemies":"Blue Slaver","floor":8,"turns":3},{"damage":16,"enemies":"Exordium Thugs","floor":11,"turns":3},{"damage":12,"enemies":"Lots of Slimes","floor":14,"turns":2},{"damage":44,"enemies":"Hexaghost","floor":16,"turns":7}],"seed_played":"3025374268434450620","potions_obtained":[{"floor":1,"key":"FocusPotion"},{"floor":5,"key":"Poison Potion"},{"floor":7,"key":"Explosive Potion"}],"is_trial":false,"path_per_floor":["M","?","M","M","M","R","E","M","T","$","M","$","?","M","R","B"],"character_chosen":"DEFECT","items_purchased":["Vajra","Go for the Eyes"],"campfire_rested":2,"item_purchase_floors":[10,12],"current_hp_per_floor":[75,75,75,75,60,75,59,42,42,42,33,33,33,21,43,0],"gold":36,"neow_bonus":"THREE_ENEMY_KILL","is_prod":false,"is_daily":false,"chose_seed":false,"campfire_upgraded":0,"win_rate":0,"timestamp":1554598600,"path_taken":["M","?","M","M","M","R","E","?","T","$","M","$","?","M","R","BOSS"],"build_version":"2019-01-23","purchased_purges":0,"victory":false,"max_hp_per_floor":[75,75,75,75,75,75,75,75,75,75,75,75,75,75,75,75],"card_choices":[{"not_picked":["Sweeping Beam","Streamline"],"picked":"Self Repair","floor":1},{"not_picked":["Consume","Loop"],"picked":"Lockon","floor":3},{"not_picked":["Heatsinks","Stack","Steam"],"picked":"SKIP","floor":4},{"not_picked":["Compile Driver","Turbo","Steam Power"],"picked":"SKIP","floor":5},{"not_picked":["Barrage","White Noise","Meteor Strike"],"picked":"SKIP","floor":7},{"not_picked":["Chaos","Skim"],"picked":"Beam Cell","floor":8},{"not_picked":["Blizzard","Static Discharge"],"picked":"Rebound","floor":11},{"not_picked":["Steam","Barrage"],"picked":"Leap","floor":14}],"player_experience":389557,"relics_obtained":[{"floor":7,"key":"Lantern"},{"floor":9,"key":"War Paint"}],"event_choices":[{"damage_healed":0,"gold_gain":0,"player_choice":"Rummage","damage_taken":0,"relics_obtained":["WarpedTongs"],"max_hp_gain":0,"max_hp_loss":0,"event_name":"Accursed Blacksmith","floor":2,"gold_loss":0,"cards_obtained":["Pain"]},{"damage_healed":0,"gold_gain":0,"player_choice":"Leave","damage_taken":0,"max_hp_gain":0,"max_hp_loss":0,"event_name":"The Cleric","floor":13,"gold_loss":0}],"is_beta":false,"boss_relics":[],"items_purged_floors":[],"is_endless":false,"potions_floor_spawned":[1,5,7],"killed_by":"Hexaghost","ascension_level":4}