{"gold_per_floor":[114,133,34,54,73,73,107,107,131,144,155,155,169,188,188,286,286,303,303,303,303,303,334,334,346,427,445,445,455,455,466,466,466],"floor_reached":33,"playtime":1738,"items_purged":["Strike_B"],"score":271,"play_id":"7aff1d6d-1101-46c6-a833-52abe6fab8a6","local_time":"20190418204009","is_ascension_mode":false,"campfire_choices":[{"data":"Sunder","floor":6,"key":"SMITH"},{"data":"Beam Cell","floor":15,"key":"SMITH"},{"floor":24,"key":"REST"},{"floor":28,"key":"REST"},{"data":"RitualDagger","floor":30,"key":"SMITH"},{"floor":32,"key":"REST"}],"neow_cost":"NONE","seed_source_timestamp":200552169461823,"circlet_count":0,"master_deck":["Strike_B+1","Strike_B","Strike_B","Defend_B","Defend_B","Zap","Dualcast+1","Compile Driver","Sunder+1","Coolheaded","Streamline","Go for the Eyes","Conserve Battery","Beam Cell+1","Recycle","RitualDagger+1","White Noise"],"relics":["Empty Cage","Centennial Puzzle","Anchor","Busted Crown","Dream Catcher","Bag of Preparation","Molten Egg 2"],"potions_floor_usage":[25,29,33],"damage_taken":[{"damage":12,"enemies":"Small Slimes","floor":1,"turns":3},{"damage":6,"enemies":"Jaw Worm","floor":2,"turns":3},{"damage":0,"enemies":"Cultist","floor":4,"turns":3},{"damage":9,"enemies":"Exordium Wildlife","floor":5,"turns":3},{"damage":22,"enemies":"Gremlin Nob","floor":7,"turns":4},{"damage":0,"enemies":"Exordium Thugs","floor":10,"turns":3},{"damage":0,"enemies":"Blue Slaver","floor":11,"turns":2},{"damage":0,"enemies":"2 Fungi Beasts","floor":13,"turns":2},{"damage":0,"enemies":"Lots of Slimes","floor":14,"turns":3},{"damage":31,"enemies":"Hexaghost","floor":16,"turns":8},{"damage":0,"enemies":"Chosen","floor":18,"turns":3},{"damage":65,"enemies":"Book of Stabbing","floor":23,"turns":6},{"damage":4,"enemies":"Shell Parasite","floor":25,"turns":3},{"damage":8,"enemies":"Shelled Parasite and Fungi","floor":27,"turns":4},{"damage":7,"enemies":"Cultist and Chosen","floor":29,"turns":5},{"damage":0,"enemies":"3 Cultists","floor":31,"turns":5},{"damage":62,"enemies":"Automaton","floor":33,"turns":8}],"seed_played":"-7423391259928542391","potions_obtained":[{"floor":1,"key":"SteroidPotion"},{"floor":2,"key":"AttackPotion"},{"floor":11,"key":"Block Potion"},{"floor":14,"key":"Energy Potion"},{"floor":25,"key":"LiquidBronze"},{"floor":29,"key":"EntropicBrew"}],"is_trial":false,"path_per_floor":["M","M","$","M","M","R","E","?","T","M","M","?","M","M","R","B",null,"M","?","T","?","?","E","R","M","T","M","R","M","R","M","R","B"],"character_chosen":"DEFECT","items_purchased":["Coolheaded"],"campfire_rested":3,"item_purchase_floors":[3],"current_hp_per_floor":[63,57,57,57,48,48,26,11,11,11,11,36,36,36,36,5,75,75,75,75,69,69,4,26,22,22,14,36,29,29,29,51,0],"gold":466,"neow_bonus":"BOSS_RELIC","is_prod":false,"is_daily":false,"chose_seed":false,"campfire_upgraded":3,"win_rate":0.0,"timestamp":1555600209,"path_taken":["M","M","$","M","M","R","E","?","T","M","M","?","M","M","R","BOSS","M","?","?","?","?","E","R","M","T","M","R","?","R","M","R","BOSS"],"build_version":"2019-01-23","purchased_purges":1,"victory":false,"max_hp_per_floor":[75,75,75,75,75,75,75,75,75,75,75,75,75,75,75,75,75,75,75,75,75,75,75,75,75,75,75,75,75,75,75,75,75],"card_choices":[{"not_picked":["Heatsinks","Darkness"],"picked":"Compile Driver","floor":1},{"not_picked":["Hologram","Tempest"],"picked":"Sunder","floor":2},{"not_picked":["Steam","Stack"],"picked":"Streamline","floor":4},{"not_picked":["Skim","Aggregate"],"picked":"Go for the Eyes","floor":5},{"not_picked":["Steam","Streamline","Storm"],"picked":"SKIP","floor":7},{"not_picked":["Stack","Rebound","Streamline"],"picked":"SKIP","floor":10},{"not_picked":["Redo","Streamline","Go for the Eyes"],"picked":"SKIP","floor":11},{"not_picked":["Ball Lightning","Sweeping Beam"],"picked":"Conserve Battery","floor":13},{"not_picked":["Lockon","Hello World"],"picked":"Beam Cell","floor":14},{"not_picked":[],"picked":"Recycle","floor":18},{"not_picked":["Go for the Eyes"],"picked":"SKIP","floor":23},{"not_picked":["Coolheaded"],"picked":"SKIP","floor":25},{"not_picked":["Stack"],"picked":"SKIP","floor":27},{"not_picked":[],"picked":"White Noise","floor":29},{"not_picked":["Redo"],"picked":"SKIP","floor":31}],"player_experience":56319,"relics_obtained":[{"floor":7,"key":"Centennial Puzzle"},{"floor":9,"key":"Anchor"},{"floor":20,"key":"Dream Catcher"},{"floor":23,"key":"Bag of Preparation"},{"floor":26,"key":"Molten Egg 2"}],"event_choices":[{"damage_healed":0,"gold_gain":0,"player_choice":"Entered Light","damage_taken":15,"max_hp_gain":0,"max_hp_loss":0,"event_name":"Shining Light","floor":8,"gold_loss":0,"cards_upgraded":["Strike_B","Dualcast"]},{"damage_healed":25,"gold_gain":0,"player_choice":"Banana","damage_taken":0,"max_hp_gain":0,"max_hp_loss":0,"event_name":"Big Fish","floor":12,"gold_loss":0},{"damage_healed":0,"gold_gain":0,"player_choice":"Ignored","damage_taken":0,"max_hp_gain":0,"max_hp_loss":0,"event_name":"Ghosts","floor":19,"gold_loss":0},{"damage_healed":0,"gold_gain":0,"player_choice":"Joined the Cult","damage_taken":6,"max_hp_gain":0,"max_hp_loss":0,"event_name":"Nest","floor":21,"gold_loss":0,"cards_obtained":["RitualDagger"]},{"damage_healed":0,"gold_gain":0,"player_choice":"Bought 0 Potions","damage_taken":0,"max_hp_gain":0,"max_hp_loss":0,"event_name":"The Woman in Blue","floor":22,"gold_loss":0}],"is_beta":false,"boss_relics":[{"not_picked":["Eternal Feather","Snecko Eye"],"picked":"Busted Crown"}],"items_purged_floors":[3],"is_endless":false,"potions_floor_spawned":[1,2,11,14,18,25,29],"killed_by":"Automaton","ascension_level":0}