{"gold_per_floor":[118,142,142,160,160,193,193,219,269,280,294,30,30,180,180,258,258,270,270,323,333,248,277,31,31,57,89,89,116,116,131,131,209,209,229,229,583,583,583,614,200,228,228,228,258,34,49,64,64,64,64,64,64,23,50,50],"floor_reached":57,"playtime":2404,"items_purged":["Strike_B","Strike_B","Strike_B"],"score":3025,"play_id":"ae26a38e-6039-4bea-a356-12f32912ba74","local_time":"20190218184827","is_ascension_mode":true,"campfire_choices":[{"data":"Zap","floor":7.0,"key":"SMITH"},{"data":"Capacitor","floor":13.0,"key":"SMITH"},{"data":"Barrage","floor":15.0,"key":"SMITH"},{"floor":25.0,"key":"REST"},{"floor":28.0,"key":"REST"},{"data":"Biased Cognition","floor":30.0,"key":"SMITH"},{"data":"Electrodynamics","floor":32.0,"key":"SMITH"},{"data":"Defragment","floor":44.0,"key":"SMITH"},{"floor":49,"key":"RECALL"},{"floor":53,"key":"REST"}],"neow_cost":"NONE","seed_source_timestamp":2015402951506899,"circlet_count":0,"master_deck":["AscendersBane","Defend_B","Defend_B","Defend_B","Defend_B","Zap+1","Dualcast","Capacitor+1","Doom and Gloom","Genetic Algorithm","Barrage+1","Electrodynamics+1","Ball Lightning","Cold Snap","Biased Cognition+1","Defragment+1","Capacitor","Cold Snap","Coolheaded","Chill+1","Core Surge","Dark Shackles","Dark Shackles","Defragment+1","Coolheaded","Coolheaded+1","Glacier"],"special_seed":0,"relics":["Cracked Core","NeowsBlessing","Vajra","Singing Bowl","DataDisk","Unceasing Top","Lantern","Empty Cage","Enchiridion","Tiny Chest","Question Card","Centennial Puzzle","Ancient Tea Set","Bottled Tornado","Potion Belt","Runic Dome","Old Coin","Meat on the Bone","ClockworkSouvenir","Mango","Dodecahedron","Bag of Marbles","Strange Spoon","Emotion Chip"],"potions_floor_usage":[56,56,56,56],"damage_taken":[{"damage":0.0,"enemies":"Cultist","floor":1.0,"turns":1.0},{"damage":0.0,"enemies":"Small Slimes","floor":4.0,"turns":1.0},{"damage":0.0,"enemies":"Lagavulin","floor":6.0,"turns":1.0},{"damage":24.0,"enemies":"3 Sentries","floor":8.0,"turns":4.0},{"damage":7.0,"enemies":"Jaw Worm","floor":10.0,"turns":3.0},{"damage":11.0,"enemies":"Blue Slaver","floor":11.0,"turns":3.0},{"damage":33.0,"enemies":"Hexaghost","floor":16.0,"turns":8.0},{"damage":11.0,"enemies":"Spheric Guardian","floor":18.0,"turns":4.0},{"damage":1.0,"enemies":"Chosen","floor":21.0,"turns":3.0},{"damage":18.0,"enemies":"Book of Stabbing","floor":23.0,"turns":4.0},{"damage":29.0,"enemies":"Gremlin Leader","floor":27.0,"turns":5.0},{"damage":0.0,"enemies":"Slavers","floor":29.0,"turns":1.0},{"damage":0.0,"enemies":"Snecko","floor":31.0,"turns":3.0},{"damage":10.0,"enemies":"Collector","floor":33.0,"turns":7.0},{"damage":0.0,"enemies":"3 Darklings","floor":35.0,"turns":2.0},{"damage":0.0,"enemies":"2 Orb Walkers","floor":37.0,"turns":4.0},{"damage":26.0,"enemies":"Giant Head","floor":40.0,"turns":8.0},{"damage":0.0,"enemies":"Nemesis","floor":42.0,"turns":9.0},{"damage":3.0,"enemies":"Giant Head","floor":45.0,"turns":8.0},{"damage":0.0,"enemies":"Orb Walker","floor":47.0,"turns":10.0},{"damage":4,"enemies":"Writhing Mass","floor":48,"turns":4},{"damage":15,"enemies":"Time Eater","floor":50,"turns":10},{"damage":4,"enemies":"Donu and Deca","floor":51,"turns":8},{"damage":0,"enemies":"Shield and Spear","floor":55,"turns":5},{"damage":26,"enemies":"The Heart","floor":56,"turns":11}],"seed_played":"-2722387670081494914","potions_obtained":[{"floor":3.0,"key":"FairyPotion"},{"floor":3.0,"key":"FairyPotion"},{"floor":8.0,"key":"Ancient Potion"},{"floor":16.0,"key":"Fire Potion"},{"floor":23.0,"key":"LiquidBronze"},{"floor":29.0,"key":"FearPotion"},{"floor":33.0,"key":"FearPotion"},{"floor":37.0,"key":"Fire Potion"},{"floor":40.0,"key":"SkillPotion"}],"is_trial":false,"path_per_floor":["M","T","?","M","T","E","R","E","T","M","M","$","R","?","R","B",null,"M","?","T","M","?","E","$","R","T","E","R","E","R","M","R","B",null,"M","?","?","?","T","E","$","E","T","R","E","$","M","M","R","B","B",null,"R","$","E","B",null],"character_chosen":"DEFECT","items_purchased":["Electrodynamics","Ball Lightning","Cold Snap","Capacitor","Cold Snap","ClockworkSouvenir","Coolheaded","Strange Spoon","Glacier"],"campfire_rested":3,"item_purchase_floors":[12,12,12,24,24,41,41,46,54],"current_hp_per_floor":[64,64,64,64,64,64,64,42,42,35,26,26,26,26,26,7,58,49,28,28,27,27,11,11,34,34,7,31,31,31,31,31,21,66,68,60,62,62,62,36,36,64,64,64,63,63,65,61,61,58,54,91,103,103,105,79],"gold":50,"neow_bonus":"THREE_ENEMY_KILL","is_prod":false,"is_daily":false,"chose_seed":false,"campfire_upgraded":6,"win_rate":0,"timestamp":1550544507,"path_taken":["M","?","?","?","?","E","R","E","T","M","M","$","R","?","R","BOSS","M","?","?","M","?","E","$","R","T","E","R","E","R","M","R","BOSS","M","?","?","?","?","E","?","E","T","R","E","$","M","M","R","BOSS","BOSS","R","$","E","BOSS"],"build_version":"2019-02-06","purchased_purges":3,"victory":true,"max_hp_per_floor":[71,71,71,71,71,71,71,73,73,73,75,75,75,75,75,75,75,77,77,77,77,77,79,79,79,79,81,81,81,81,81,81,81,81,83,85,87,83,83,83,83,99,99,99,101,101,103,103,103,103,103,103,103,103,105,105],"card_choices":[{"not_picked":["Sweeping Beam","Streamline"],"picked":"Capacitor","floor":1.0},{"not_picked":["Leap","Rebound"],"picked":"Doom and Gloom","floor":4.0},{"not_picked":["Sweeping Beam","Heatsinks"],"picked":"Genetic Algorithm","floor":6.0},{"not_picked":["Streamline","Compile Driver","Leap"],"picked":"Singing Bowl","floor":8.0},{"not_picked":["Scrape","Steam"],"picked":"Barrage","floor":10.0},{"not_picked":["Beam Cell","Amplify","Streamline"],"picked":"Singing Bowl","floor":11.0},{"not_picked":["Multi-Cast","Machine Learning"],"picked":"Biased Cognition","floor":16.0},{"not_picked":["Sweeping Beam","Blizzard","Go for the Eyes"],"picked":"Singing Bowl","floor":18.0},{"not_picked":["Skim","Cold Snap"],"picked":"Defragment+1","floor":21.0},{"not_picked":["Blizzard","Streamline","Scrape","Skim+1"],"picked":"Singing Bowl","floor":23.0},{"not_picked":["Beam Cell","Leap","Turbo","Hello World"],"picked":"Singing Bowl","floor":27.0},{"not_picked":["Steam","Beam Cell+1","Rebound"],"picked":"Coolheaded","floor":29.0},{"not_picked":["FTL+1","Coolheaded","BootSequence"],"picked":"Chill+1","floor":31.0},{"not_picked":["All For One","Seek","Meteor Strike"],"picked":"Core Surge","floor":33.0},{"not_picked":["Cold Snap","Force Field","Go for the Eyes","Sweeping Beam"],"picked":"Singing Bowl","floor":35.0},{"not_picked":["Thinking Ahead","Metamorphosis","Transmutation"],"picked":"Dark Shackles","floor":36.0},{"not_picked":["PanicButton","HandOfGreed","Trip"],"picked":"Dark Shackles","floor":36.0},{"not_picked":["Purity","Mind Blast","Swift Strike","Sadistic Nature"],"picked":"Singing Bowl","floor":36.0},{"not_picked":["Fusion","Barrage","Streamline+1","BootSequence"],"picked":"Singing Bowl","floor":37.0},{"not_picked":["Conserve Battery","Beam Cell","Go for the Eyes"],"picked":"Defragment","floor":40.0},{"not_picked":["White Noise","All For One","Blizzard+1","Melter"],"picked":"Singing Bowl","floor":42.0},{"not_picked":["Streamline","Genetic Algorithm","Self Repair","Cold Snap"],"picked":"Singing Bowl","floor":45.0},{"not_picked":["Rip and Tear","Leap","Chaos","Hologram"],"picked":"Singing Bowl","floor":47.0},{"not_picked":["Redo","Undo+1","Steam+1"],"picked":"Coolheaded+1","floor":48},{"not_picked":["Lockon+1","Leap","Barrage","Heatsinks"],"picked":"Singing Bowl","floor":55}],"player_experience":1205814,"relics_obtained":[{"floor":2.0,"key":"Vajra"},{"floor":5.0,"key":"Singing Bowl"},{"floor":6.0,"key":"DataDisk"},{"floor":8.0,"key":"Unceasing Top"},{"floor":9.0,"key":"Lantern"},{"floor":19.0,"key":"Enchiridion"},{"floor":20.0,"key":"Tiny Chest"},{"floor":23.0,"key":"Centennial Puzzle"},{"floor":26.0,"key":"Ancient Tea Set"},{"floor":27.0,"key":"Bottled Tornado"},{"floor":29.0,"key":"Potion Belt"},{"floor":37.0,"key":"Old Coin"},{"floor":40.0,"key":"Meat on the Bone"},{"floor":42.0,"key":"Mango"},{"floor":43.0,"key":"Dodecahedron"},{"floor":45.0,"key":"Bag of Marbles"},{"floor":55,"key":"Emotion Chip"}],"event_choices":[{"damage_healed":0.0,"max_hp_gain":0.0,"max_hp_loss":0.0,"gold_gain":0.0,"event_name":"Lab","player_choice":"Got Potions","floor":3.0,"gold_loss":0.0,"damage_taken":0.0},{"damage_healed":0.0,"max_hp_gain":0.0,"max_hp_loss":0.0,"gold_gain":150.0,"event_name":"Liars Game","player_choice":"AGREE","floor":14.0,"gold_loss":0.0,"damage_taken":0.0,"cards_obtained":["Doubt"]},{"damage_healed":0.0,"max_hp_gain":0.0,"max_hp_loss":0.0,"gold_gain":0.0,"event_name":"Cursed Tome","player_choice":"Obtained Book","floor":19.0,"gold_loss":0.0,"damage_taken":21.0},{"damage_healed":0.0,"max_hp_gain":0.0,"max_hp_loss":0.0,"gold_gain":0.0,"event_name":"Addict","player_choice":"Obtained Relic","floor":22.0,"gold_loss":85.0,"damage_taken":0.0,"relics_obtained":["Question Card"]},{"damage_healed":0.0,"max_hp_gain":0.0,"max_hp_loss":0.0,"gold_gain":0.0,"event_name":"SensoryStone","player_choice":"Memory 3","floor":36.0,"gold_loss":0.0,"damage_taken":10.0},{"damage_healed":0.0,"max_hp_gain":0.0,"max_hp_loss":0.0,"gold_gain":0.0,"event_name":"Mysterious Sphere","player_choice":"Fight","floor":37.0,"gold_loss":0.0,"damage_taken":0.0},{"damage_healed":0.0,"max_hp_gain":0.0,"max_hp_loss":4.0,"gold_gain":0.0,"event_name":"Winding Halls","player_choice":"Max HP","floor":38.0,"gold_loss":0.0,"damage_taken":0.0}],"is_beta":true,"boss_relics":[{"not_picked":["Eternal Feather","Tiny House"],"picked":"Empty Cage"},{"not_picked":["Black Star","Orrery"],"picked":"Runic Dome"}],"items_purged_floors":[12,24,41],"is_endless":false,"potions_floor_spawned":[8,10,16,23,29,33,37,40,45],"ascension_level":20}