{"gold_per_floor":[116,116,127,44,59,59,75,75,101,15,44,44,58,71,71,148,148,158,158,173,188,188,188,188],"floor_reached":24,"playtime":749,"items_purged":[],"score":421,"play_id":"04579c7f-9e6e-4110-a722-032a491e33fb","local_time":"20190212014739","is_ascension_mode":true,"campfire_choices":[{"data":"Zap","floor":6,"key":"SMITH"},{"data":"Doom and Gloom","floor":8,"key":"SMITH"},{"floor":12,"key":"REST"},{"data":"Darkness","floor":15,"key":"SMITH"},{"data":"Electrodynamics","floor":23,"key":"SMITH"}],"neow_cost":"NONE","seed_source_timestamp":1596283321704165,"circlet_count":0,"master_deck":["AscendersBane","Defend_B","Defend_B","Defend_B","Defend_B","Zap+1","Dualcast","Reinforced Body","Coolheaded","Capacitor","Doom and Gloom+1","Seek","Darkness+1","Seek","White Noise","Electrodynamics+1","Creative AI","Bite","Bite","Bite","Bite","Bite"],"relics":["Cracked Core","Bronze Scales","Lantern","Cursed Key","Nloth\u0027s Gift"],"potions_floor_usage":[16],"damage_taken":[{"damage":0,"enemies":"Cultist","floor":1,"turns":3},{"damage":0,"enemies":"2 Louse","floor":3,"turns":2},{"damage":2,"enemies":"Jaw Worm","floor":5,"turns":5},{"damage":16,"enemies":"Large Slime","floor":7,"turns":8},{"damage":32,"enemies":"Gremlin Nob","floor":11,"turns":4},{"damage":0,"enemies":"Lots of Slimes","floor":13,"turns":1},{"damage":2,"enemies":"2 Fungi Beasts","floor":14,"turns":3},{"damage":15,"enemies":"Hexaghost","floor":16,"turns":8},{"damage":19,"enemies":"2 Thieves","floor":18,"turns":4},{"damage":8,"enemies":"Spheric Guardian","floor":20,"turns":4},{"damage":4,"enemies":"Snake Plant","floor":21,"turns":3},{"damage":24,"enemies":"Sentry and Sphere","floor":24,"turns":4}],"seed_played":"2234514241269350930","potions_obtained":[{"floor":1,"key":"LiquidBronze"},{"floor":5,"key":"Weak Potion"},{"floor":16,"key":"SteroidPotion"}],"is_trial":false,"path_per_floor":["M","?","M","$","M","R","M","R","T","$","E","R","M","M","R","B",null,"M","?","M","M","?","R","M"],"character_chosen":"DEFECT","items_purchased":["Capacitor","Seek"],"campfire_rested":1,"item_purchase_floors":[4,10],"current_hp_per_floor":[64,64,64,64,62,62,46,46,46,46,14,35,35,33,33,18,58,39,39,31,27,27,27,5],"gold":188,"neow_bonus":"RANDOM_COMMON_RELIC","is_prod":false,"is_daily":false,"chose_seed":false,"campfire_upgraded":4,"win_rate":0,"timestamp":1549964859,"path_taken":["M","?","M","$","M","R","M","R","T","?","E","R","M","M","R","BOSS","M","?","M","?","?","R","M"],"build_version":"2019-02-06","purchased_purges":0,"victory":false,"max_hp_per_floor":[71,71,71,71,71,71,71,71,71,71,71,71,71,71,71,71,71,71,71,71,71,49,49,49],"card_choices":[{"not_picked":["Hologram","Redo"],"picked":"Reinforced Body","floor":1},{"not_picked":["Beam Cell","Barrage"],"picked":"Coolheaded","floor":3},{"not_picked":["Go for the Eyes","Recycle","Thunder Strike"],"picked":"SKIP","floor":5},{"not_picked":["Turbo","Gash"],"picked":"Doom and Gloom","floor":7},{"not_picked":["Double Energy","Meteor Strike","Beam Cell"],"picked":"SKIP","floor":11},{"not_picked":["Self Repair","Rip and Tear","Go for the Eyes"],"picked":"SKIP","floor":13},{"not_picked":["Leap","Coolheaded"],"picked":"Darkness","floor":14},{"not_picked":["Multi-Cast","Hyperbeam"],"picked":"Seek","floor":16},{"not_picked":["Coolheaded","Hologram+1"],"picked":"White Noise","floor":18},{"not_picked":["BootSequence","Melter"],"picked":"Electrodynamics","floor":20},{"not_picked":["Rebound","Auto Shields+1"],"picked":"Creative AI","floor":21}],"player_experience":1140991,"relics_obtained":[{"floor":9,"key":"Lantern"},{"floor":11,"key":"Whetstone"}],"event_choices":[{"cards_removed":["Strike_B"],"damage_healed":0,"gold_gain":0,"player_choice":"Purged","damage_taken":0,"max_hp_gain":0,"max_hp_loss":0,"event_name":"Purifier","floor":2,"gold_loss":0},{"damage_healed":0,"gold_gain":0,"player_choice":"Traded Relic","damage_taken":0,"relics_obtained":["Nloth\u0027s Gift"],"max_hp_gain":0,"max_hp_loss":0,"event_name":"N\u0027loth","floor":19,"relics_lost":["Whetstone"],"gold_loss":0},{"damage_healed":0,"gold_gain":0,"player_choice":"Became a vampire","damage_taken":0,"max_hp_gain":0,"max_hp_loss":22,"event_name":"Vampires","floor":22,"gold_loss":0,"cards_obtained":["Bite","Bite","Bite","Bite","Bite"]}],"is_beta":true,"boss_relics":[{"not_picked":["Inserter","Orrery"],"picked":"Cursed Key"}],"items_purged_floors":[],"is_endless":false,"potions_floor_spawned":[1,5,16,18,20,21],"killed_by":"Sentry and Sphere","ascension_level":20}