{"gold_per_floor":[111,127,141,152,69,69,89,89,114,114,114,133,148,158,158,158],"floor_reached":16,"playtime":578,"items_purged":[],"score":192,"play_id":"e8184e6a-4dfa-41c1-b3ae-83cea4de5bcf","local_time":"20190126013114","is_ascension_mode":true,"campfire_choices":[{"data":"Noxious Fumes","floor":6,"key":"SMITH"},{"floor":8,"key":"REST"},{"data":"Bouncing Flask","floor":10,"key":"SMITH"},{"data":"Bane","floor":15,"key":"SMITH"}],"neow_cost":"PERCENT_DAMAGE","seed_source_timestamp":520803494352449,"circlet_count":0,"master_deck":["AscendersBane","Defend_G","Defend_G","Defend_G","Defend_G","Defend_G","Strike_G","Strike_G","Strike_G","Survivor","Neutralize","Leg Sweep","Crippling Poison+1","Noxious Fumes+1","Bouncing Flask+1","Leg Sweep","Bane+1"],"relics":["Ring of the Snake","Happy Flower"],"potions_floor_usage":[16,16],"damage_taken":[{"damage":3,"enemies":"Cultist","floor":1,"turns":4},{"damage":0,"enemies":"2 Louse","floor":2,"turns":4},{"damage":1,"enemies":"Jaw Worm","floor":3,"turns":11},{"damage":20,"enemies":"Gremlin Gang","floor":4,"turns":7},{"damage":15,"enemies":"Lots of Slimes","floor":7,"turns":3},{"damage":0,"enemies":"Blue Slaver","floor":12,"turns":5},{"damage":0,"enemies":"3 Louse","floor":13,"turns":3},{"damage":1,"enemies":"Exordium Wildlife","floor":14,"turns":5},{"damage":20,"enemies":"Slime Boss","floor":16,"turns":6}],"seed_played":"955926210676366178","potions_obtained":[{"floor":1,"key":"Weak Potion"},{"floor":2,"key":"SkillPotion"}],"is_trial":false,"path_per_floor":["M","M","M","M","$","R","M","R","T","R","?","M","M","M","R","B"],"character_chosen":"THE_SILENT","items_purchased":["Leg Sweep"],"campfire_rested":1,"item_purchase_floors":[5],"current_hp_per_floor":[41,41,40,20,20,20,5,24,24,24,24,24,24,23,23,3],"gold":158,"neow_bonus":"REMOVE_TWO","is_prod":false,"is_daily":false,"chose_seed":false,"campfire_upgraded":3,"win_rate":0,"timestamp":1548495074,"path_taken":["M","?","M","M","$","R","?","R","T","R","?","?","M","M","R","BOSS"],"build_version":"2019-01-23","purchased_purges":0,"victory":false,"max_hp_per_floor":[66,66,66,66,66,66,66,66,66,66,66,66,66,66,66,66],"card_choices":[{"not_picked":["Accuracy","Endless Agony"],"picked":"Leg Sweep","floor":1},{"not_picked":["Finisher","Sucker Punch"],"picked":"Crippling Poison","floor":2},{"not_picked":["Catalyst","Heel Hook"],"picked":"Noxious Fumes","floor":3},{"not_picked":["Backflip","Dagger Spray"],"picked":"Bouncing Flask","floor":4},{"not_picked":["Accuracy","Flechettes","Tactician"],"picked":"SKIP","floor":7},{"not_picked":["Sucker Punch","Bane","Acrobatics"],"picked":"SKIP","floor":12},{"not_picked":["Sucker Punch","Acrobatics"],"picked":"Bane","floor":12},{"not_picked":["Reflex","Dagger Throw","Sucker Punch"],"picked":"SKIP","floor":13},{"not_picked":["Setup","Expertise","Flying Knee"],"picked":"SKIP","floor":14}],"player_experience":1034696,"relics_obtained":[{"floor":9,"key":"Happy Flower"}],"event_choices":[{"damage_healed":0,"gold_gain":0,"player_choice":"Upgraded","damage_taken":0,"max_hp_gain":0,"max_hp_loss":0,"event_name":"Upgrade Shrine","floor":11,"gold_loss":0,"cards_upgraded":["Crippling Poison"]}],"is_beta":true,"boss_relics":[],"items_purged_floors":[],"is_endless":false,"potions_floor_spawned":[1,2,4,12,13],"killed_by":"Slime Boss","ascension_level":20}