{"gold_per_floor":[14,24,37,37,37,63,73,73,148,148,161,186,186,206,206,301,301,317,327,186,186,196,196,227,238,238,238,249,265,296,395,395,493,493,506,67,421,433,196,196,229,229,229,229,51,64,74,84,84,84],"floor_reached":50,"playtime":1800,"items_purged":["Decay","Writhe"],"score":785,"play_id":"9df6062d-be0a-4819-b585-5aa8a70f535c","local_time":"20190414141625","is_ascension_mode":true,"campfire_choices":[{"floor":8,"key":"DIG"},{"floor":10,"key":"DIG"},{"floor":13,"key":"DIG"},{"floor":15,"key":"DIG"},{"data":"A Thousand Cuts","floor":23,"key":"SMITH"},{"floor":27,"key":"DIG"},{"floor":32,"key":"DIG"},{"data":"1","floor":40,"key":"LIFT"},{"data":"2","floor":44,"key":"LIFT"},{"data":"3","floor":49,"key":"LIFT"}],"neow_cost":"NO_GOLD","seed_source_timestamp":276747952477961,"circlet_count":0,"master_deck":["Defend_G","Defend_G","Defend_G","Defend_G","Defend_G","Strike_G","Strike_G","Strike_G","Strike_G","Survivor","Neutralize","PiercingWail","Blade Dance","Quick Slash+1","Endless Agony+1","Die Die Die+1","Deflect+1","Cloak And Dagger","A Thousand Cuts+1","Infinite Blades+1","Blade Dance","Infinite Blades+1","Blade Dance","Prepared","Footwork","Finisher+1","Adrenaline","Backflip+1","Accuracy","Dual Wield+1","Panacea+1","Blade Dance+1","Accuracy","Flash of Steel+1","Footwork","Conserve Battery+1","Terror+1"],"relics":["Ring of the Snake","FossilizedHelix","Shovel","PreservedInsect","Vajra","Molten Egg 2","Kunai","Dodecahedron","Happy Flower","Ninja Scroll","Sozu","Prayer Wheel","Bottled Lightning","Omamori","Bag of Preparation","Mango","Calling Bell","Girya","Potion Belt","Toxic Egg 2","PrismaticShard","Lantern","Old Coin","Regal Pillow","Letter Opener"],"potions_floor_usage":[6,11,16,16],"damage_taken":[{"damage":0,"enemies":"Cultist","floor":1,"turns":4},{"damage":0,"enemies":"Jaw Worm","floor":2,"turns":5},{"damage":0,"enemies":"2 Louse","floor":3,"turns":3},{"damage":18,"enemies":"Gremlin Nob","floor":6,"turns":5},{"damage":7,"enemies":"Lots of Slimes","floor":7,"turns":5},{"damage":0,"enemies":"2 Fungi Beasts","floor":11,"turns":3},{"damage":12,"enemies":"3 Sentries","floor":12,"turns":9},{"damage":0,"enemies":"3 Louse","floor":14,"turns":4},{"damage":7,"enemies":"The Guardian","floor":16,"turns":16},{"damage":0,"enemies":"Spheric Guardian","floor":18,"turns":3},{"damage":0,"enemies":"Chosen","floor":19,"turns":4},{"damage":0,"enemies":"Centurion and Healer","floor":22,"turns":5},{"damage":0,"enemies":"Slavers","floor":24,"turns":2},{"damage":0,"enemies":"3 Cultists","floor":25,"turns":2},{"damage":8,"enemies":"Snake Plant","floor":28,"turns":4},{"damage":0,"enemies":"Sentry and Sphere","floor":29,"turns":3},{"damage":4,"enemies":"Gremlin Leader","floor":30,"turns":5},{"damage":21,"enemies":"Champ","floor":33,"turns":11},{"damage":0,"enemies":"3 Shapes","floor":35,"turns":4},{"damage":28,"enemies":"2 Orb Walkers","floor":37,"turns":4},{"damage":3,"enemies":"Orb Walker","floor":38,"turns":3},{"damage":0,"enemies":"Reptomancer","floor":41,"turns":3},{"damage":25,"enemies":"4 Shapes","floor":46,"turns":4},{"damage":0,"enemies":"Sphere and 2 Shapes","floor":47,"turns":3},{"damage":0,"enemies":"Maw","floor":48,"turns":5},{"damage":50,"enemies":"Awakened One","floor":50,"turns":4}],"seed_played":"-2797236479977601563","potions_obtained":[{"floor":1,"key":"Swift Potion"},{"floor":2,"key":"Regen Potion"},{"floor":12,"key":"FearPotion"},{"floor":14,"key":"AttackPotion"}],"is_trial":false,"path_per_floor":["M","M","M","?","$","E","M","R","T","R","M","E","R","M","R","B",null,"M","M","$","?","M","R","E","M","T","R","M","M","E","?","R","B",null,"M","$","?","M","$","R","E","?","T","R","$","M","M","M","R","B"],"character_chosen":"THE_SILENT","items_purchased":["A Thousand Cuts","Accuracy","PrismaticShard","Lantern","Accuracy","Flash of Steel+1","Footwork"],"campfire_rested":0,"item_purchase_floors":[20,36,36,36,39,39,45],"current_hp_per_floor":[70,70,70,63,63,45,38,38,38,38,47,35,35,35,35,28,70,70,70,70,70,70,70,70,70,70,70,62,62,58,58,72,51,84,84,84,56,53,53,53,53,74,74,74,74,49,49,49,49,0],"gold":84,"neow_bonus":"ONE_RARE_RELIC","is_prod":false,"is_daily":false,"chose_seed":false,"campfire_upgraded":1,"win_rate":0,"timestamp":1555247785,"path_taken":["M","M","?","?","?","E","M","R","T","R","M","E","R","M","R","BOSS","M","M","$","?","?","R","E","M","T","R","M","M","E","?","R","BOSS","M","$","?","M","$","R","E","?","T","R","$","M","M","M","R","BOSS"],"build_version":"2019-01-23","purchased_purges":2,"victory":false,"max_hp_per_floor":[70,70,70,70,70,70,70,70,70,70,70,70,70,70,70,70,70,70,70,70,70,70,70,70,70,70,70,70,70,70,70,84,84,84,84,84,84,84,84,84,84,84,84,84,84,84,84,84,84,84],"card_choices":[{"not_picked":["Skewer","Leg Sweep","Deadly Poison"],"picked":"SKIP","floor":1},{"not_picked":["Bane","Outmaneuver","Heel Hook"],"picked":"SKIP","floor":2},{"not_picked":["Heel Hook","Concentrate","Deadly Poison"],"picked":"SKIP","floor":3},{"not_picked":["Sucker Punch","Distraction"],"picked":"PiercingWail","floor":6},{"not_picked":["Wraith Form v2","Catalyst"],"picked":"Blade Dance","floor":7},{"not_picked":["Eviscerate+1","Deadly Poison","Poisoned Stab+1"],"picked":"SKIP","floor":11},{"not_picked":["Dagger Throw+1","Acrobatics"],"picked":"Quick Slash+1","floor":12},{"not_picked":["Prepared","Noxious Fumes"],"picked":"Endless Agony+1","floor":14},{"not_picked":["Malaise","Wraith Form v2"],"picked":"Die Die Die+1","floor":16},{"not_picked":["Slice+1","Prepared"],"picked":"Deflect+1","floor":18},{"not_picked":["Deflect+1","PiercingWail+1"],"picked":"Cloak And Dagger","floor":19},{"not_picked":["Corpse Explosion","Flying Knee+1"],"picked":"Infinite Blades+1","floor":22},{"not_picked":["Envenom","Heel Hook+1","Predator+1"],"picked":"SKIP","floor":24},{"not_picked":["Flechettes+1","Heel Hook+1"],"picked":"Blade Dance","floor":25},{"not_picked":["Setup","Well Laid Plans"],"picked":"Infinite Blades+1","floor":25},{"not_picked":["Finisher+1","Prepared"],"picked":"Blade Dance","floor":28},{"not_picked":["Deflect","Bane+1"],"picked":"Prepared","floor":28},{"not_picked":["Dash+1","Reflex"],"picked":"Footwork","floor":29},{"not_picked":["Masterful Stab+1","Outmaneuver+1","Well Laid Plans"],"picked":"SKIP","floor":29},{"not_picked":["Underhanded Strike+1","Adrenaline"],"picked":"Finisher+1","floor":30},{"not_picked":["Die Die Die+1","Tools of the Trade"],"picked":"Adrenaline","floor":33},{"not_picked":["Reflex+1","Poisoned Stab+1"],"picked":"Backflip+1","floor":35},{"not_picked":["Bane+1","Backflip+1","Acrobatics+1"],"picked":"SKIP","floor":35},{"not_picked":["Multi-Cast+1","Self Repair"],"picked":"Dual Wield+1","floor":37},{"not_picked":["Fire Breathing+1","Heavy Blade+1"],"picked":"Panacea+1","floor":38},{"not_picked":["Gash+1","Prepared+1"],"picked":"Blade Dance+1","floor":38},{"not_picked":["Prepared+1","Feel No Pain","Double Tap+1"],"picked":"SKIP","floor":41},{"not_picked":["Clothesline+1","Armaments+1","Feel No Pain+1"],"picked":"SKIP","floor":46},{"not_picked":["Sunder+1","Wild Strike+1","Bane+1"],"picked":"SKIP","floor":46},{"not_picked":["Dash+1","Corruption"],"picked":"Conserve Battery+1","floor":47},{"not_picked":["Havoc+1","Chill+1","Armaments+1"],"picked":"SKIP","floor":47},{"not_picked":["Metallicize+1","Battle Trance+1"],"picked":"Terror+1","floor":48},{"not_picked":["Underhanded Strike+1","Infinite Blades+1","Fusion+1"],"picked":"SKIP","floor":48}],"player_experience":438220,"relics_obtained":[{"floor":6,"key":"PreservedInsect"},{"floor":8,"key":"Vajra"},{"floor":9,"key":"Molten Egg 2"},{"floor":10,"key":"Kunai"},{"floor":12,"key":"Dodecahedron"},{"floor":13,"key":"Happy Flower"},{"floor":15,"key":"Ninja Scroll"},{"floor":24,"key":"Prayer Wheel"},{"floor":26,"key":"Bottled Lightning"},{"floor":27,"key":"Omamori"},{"floor":30,"key":"Bag of Preparation"},{"floor":32,"key":"Mango"},{"floor":34,"key":"Girya"},{"floor":34,"key":"Potion Belt"},{"floor":34,"key":"Toxic Egg 2"},{"floor":37,"key":"Old Coin"},{"floor":41,"key":"Regal Pillow"},{"floor":43,"key":"Letter Opener"}],"event_choices":[{"damage_healed":0,"gold_gain":0,"player_choice":"Success","damage_taken":7,"relics_obtained":["Shovel"],"max_hp_gain":0,"max_hp_loss":0,"event_name":"Scrap Ooze","floor":4,"gold_loss":0},{"cards_removed":["Strike_G"],"damage_healed":0,"gold_gain":0,"player_choice":"Card Removal","damage_taken":0,"max_hp_gain":0,"max_hp_loss":0,"event_name":"Wheel of Change","floor":21,"gold_loss":0},{"damage_healed":0,"gold_gain":99,"player_choice":"Stole From Cult","damage_taken":0,"max_hp_gain":0,"max_hp_loss":0,"event_name":"Nest","floor":31,"gold_loss":0},{"damage_healed":0,"gold_gain":0,"player_choice":"Fight","damage_taken":0,"max_hp_gain":0,"max_hp_loss":0,"event_name":"Mysterious Sphere","floor":37,"gold_loss":0},{"damage_healed":21,"gold_gain":0,"player_choice":"Writhe","damage_taken":0,"max_hp_gain":0,"max_hp_loss":0,"event_name":"Winding Halls","floor":42,"gold_loss":0,"cards_obtained":["Writhe"]}],"is_beta":false,"boss_relics":[{"not_picked":["Cursed Key","Pandora\u0027s Box"],"picked":"Sozu"},{"not_picked":["HoveringKite","Philosopher\u0027s Stone"],"picked":"Calling Bell"}],"items_purged_floors":[39,45],"is_endless":false,"potions_floor_spawned":[1,2,12,14,24,28,29,33,35,37,38,46,48],"killed_by":"Awakened One","ascension_level":3}