{"gold_per_floor":[113,133,133,146,146,177,192,274,274,274,298,298,331,352,352,448,448,448],"floor_reached":18,"playtime":522,"items_purged":[],"score":344,"play_id":"efb8b408-7336-49a3-a5d7-578cece21627","local_time":"20190218190210","is_ascension_mode":true,"campfire_choices":[{"data":"Bash","floor":10.0,"key":"SMITH"},{"floor":12.0,"key":"REST"},{"data":"Spot Weakness","floor":15.0,"key":"SMITH"}],"neow_cost":"NONE","seed_source_timestamp":2018123621799408,"circlet_count":0,"master_deck":["AscendersBane","Strike_R","Strike_R","Strike_R","Strike_R","Defend_R","Defend_R","Defend_R","Defend_R","Bash+1","Anger","Spot Weakness+1","Sword Boomerang","Headbutt","Evolve","Shrug It Off","Limit Break"],"special_seed":0,"relics":["Burning Blood","NeowsBlessing","Golden Idol","Mummified Hand","Tiny Chest","Shuriken","Strawberry","Ectoplasm"],"potions_floor_usage":[],"damage_taken":[{"damage":0.0,"enemies":"Small Slimes","floor":1.0,"turns":1.0},{"damage":0.0,"enemies":"Cultist","floor":2.0,"turns":1.0},{"damage":0.0,"enemies":"2 Louse","floor":4.0,"turns":1.0},{"damage":45.0,"enemies":"3 Sentries","floor":6.0,"turns":8.0},{"damage":21.0,"enemies":"Blue Slaver","floor":7.0,"turns":4.0},{"damage":11.0,"enemies":"Exordium Thugs","floor":11.0,"turns":2.0},{"damage":20.0,"enemies":"Lagavulin","floor":13.0,"turns":5.0},{"damage":14.0,"enemies":"3 Louse","floor":14.0,"turns":3.0},{"damage":28.0,"enemies":"Hexaghost","floor":16.0,"turns":6.0},{"damage":14,"enemies":"3 Byrds","floor":18,"turns":4}],"seed_played":"7201721568917224271","potions_obtained":[{"floor":2.0,"key":"Regen Potion"},{"floor":6.0,"key":"Explosive Potion"},{"floor":7.0,"key":"Weak Potion"}],"is_trial":false,"path_per_floor":["M","M","?","M","?","E","M","T","T","R","M","R","E","M","R","B",null,"M"],"character_chosen":"IRONCLAD","items_purchased":[],"campfire_rested":1,"item_purchase_floors":[],"current_hp_per_floor":[74,75,75,75,68,44,29,29,29,29,24,44,37,29,29,7,58,44],"gold":448,"neow_bonus":"THREE_ENEMY_KILL","is_prod":false,"is_daily":false,"chose_seed":false,"campfire_upgraded":2,"win_rate":0,"timestamp":1550545330,"path_taken":["M","M","?","?","?","E","M","?","T","R","?","R","E","M","R","BOSS","M"],"build_version":"2019-02-06","purchased_purges":0,"victory":false,"max_hp_per_floor":[75,75,75,75,68,68,68,68,68,68,68,68,75,75,75,75,75,75],"card_choices":[{"not_picked":["Armaments","Pommel Strike","Warcry"],"picked":"SKIP","floor":1.0},{"not_picked":["Sword Boomerang","Ghostly Armor"],"picked":"Anger","floor":2.0},{"not_picked":["Inflame","Clash"],"picked":"Spot Weakness","floor":4.0},{"not_picked":["Twin Strike","Sever Soul"],"picked":"Sword Boomerang","floor":6.0},{"not_picked":["Bludgeon","Pommel Strike"],"picked":"Headbutt","floor":7.0},{"not_picked":["Sentinel","Warcry"],"picked":"Evolve","floor":11.0},{"not_picked":["Bloodletting","Clash"],"picked":"Shrug It Off","floor":13.0},{"not_picked":["Burning Pact","Second Wind","Rage"],"picked":"SKIP","floor":14.0},{"not_picked":["Exhume","Berserk"],"picked":"Limit Break","floor":16.0}],"player_experience":1208218,"relics_obtained":[{"floor":6.0,"key":"Mummified Hand"},{"floor":8.0,"key":"Tiny Chest"},{"floor":9.0,"key":"Shuriken"},{"floor":13.0,"key":"Strawberry"}],"event_choices":[{"cards_removed":["Strike_R"],"damage_healed":0.0,"max_hp_gain":0.0,"max_hp_loss":0.0,"gold_gain":0.0,"event_name":"Bonfire Elementals","player_choice":"Offered Basic","floor":3.0,"gold_loss":0.0,"damage_taken":0.0},{"damage_healed":0.0,"max_hp_gain":0.0,"max_hp_loss":7.0,"gold_gain":0.0,"event_name":"Golden Idol","player_choice":"Lose Max HP","floor":5.0,"gold_loss":0.0,"damage_taken":0.0,"relics_obtained":["Golden Idol"]}],"is_beta":true,"boss_relics":[{"not_picked":["Black Star","Runic Cube"],"picked":"Ectoplasm"}],"items_purged_floors":[],"is_endless":false,"potions_floor_spawned":[2,6,7],"killed_by":"3 Byrds","ascension_level":20}