{"gold_per_floor":[116,116,134,3,3,38,38,73,73,103,172,217,243,255],"floor_reached":14,"playtime":361,"items_purged":["Strike_R"],"score":266,"play_id":"98f5dd6a-df68-4c3d-93ec-2c15dfd67878","local_time":"20190209025925","is_ascension_mode":true,"campfire_choices":[{"data":"Clothesline","floor":7.0,"key":"SMITH"}],"neow_cost":"NONE","seed_source_timestamp":1416679231298408,"circlet_count":0,"master_deck":["AscendersBane","Strike_R+1","Strike_R","Strike_R","Defend_R","Defend_R","Defend_R","Defend_R","Bash+1","Clothesline+1","Sword Boomerang","Battle Trance","Reaper","Shrug It Off","Shrug It Off","Whirlwind","Corruption"],"special_seed":0,"relics":["Burning Blood","NeowsBlessing","Mummified Hand","Vajra","MawBank","Potion Belt","Oddly Smooth Stone"],"potions_floor_usage":[14],"damage_taken":[{"damage":0.0,"enemies":"Jaw Worm","floor":1.0,"turns":1.0},{"damage":0.0,"enemies":"2 Louse","floor":3.0,"turns":1.0},{"damage":0.0,"enemies":"Gremlin Nob","floor":6.0,"turns":1.0},{"damage":39.0,"enemies":"Lagavulin","floor":8.0,"turns":8.0},{"damage":13.0,"enemies":"Small Slimes","floor":10.0,"turns":4.0},{"damage":6.0,"enemies":"Gremlin Nob","floor":11.0,"turns":3.0},{"damage":24.0,"enemies":"Gremlin Nob","floor":12.0,"turns":4.0},{"damage":0.0,"enemies":"Blue Slaver","floor":13.0,"turns":5.0},{"damage":8,"enemies":"Gremlin Gang","floor":14,"turns":2}],"seed_played":"7969281218399834781","potions_obtained":[{"floor":6.0,"key":"GamblersBrew"},{"floor":8.0,"key":"BloodPotion"},{"floor":11.0,"key":"Weak Potion"}],"is_trial":false,"path_per_floor":["M","?","M","$","?","E","R","E","T","M","?","E","M","M"],"character_chosen":"IRONCLAD","items_purchased":["Sword Boomerang"],"campfire_rested":0,"item_purchase_floors":[4],"current_hp_per_floor":[74,67,73,73,50,56,56,23,23,26,33,15,24,16],"gold":255,"neow_bonus":"THREE_ENEMY_KILL","is_prod":false,"is_daily":false,"chose_seed":false,"campfire_upgraded":1,"win_rate":0,"timestamp":1549709965,"path_taken":["M","?","M","$","?","E","R","E","T","M","?","E","M","M"],"build_version":"2019-02-06","purchased_purges":1,"victory":false,"max_hp_per_floor":[75,75,75,75,75,75,75,75,75,75,75,75,75,75],"card_choices":[{"not_picked":["Clash","Flex","Rage"],"picked":"SKIP","floor":1.0},{"not_picked":["Warcry","Heavy Blade"],"picked":"Clothesline","floor":3.0},{"not_picked":["Pommel Strike","Perfected Strike"],"picked":"Battle Trance","floor":6.0},{"not_picked":["Hemokinesis","Wild Strike"],"picked":"Reaper","floor":8.0},{"not_picked":["Pommel Strike","Perfected Strike"],"picked":"Shrug It Off","floor":10.0},{"not_picked":["Cleave","Sever Soul"],"picked":"Shrug It Off","floor":11.0},{"not_picked":["Seeing Red","Wild Strike"],"picked":"Whirlwind","floor":12.0},{"not_picked":["Body Slam","Iron Wave"],"picked":"Corruption","floor":13.0}],"player_experience":1120385,"relics_obtained":[{"floor":6.0,"key":"Mummified Hand"},{"floor":8.0,"key":"Vajra"},{"floor":9.0,"key":"MawBank"},{"floor":11.0,"key":"Potion Belt"},{"floor":12.0,"key":"Oddly Smooth Stone"}],"event_choices":[{"cards_removed":["Strike_R"],"damage_healed":0.0,"max_hp_gain":0.0,"max_hp_loss":0.0,"gold_gain":0.0,"event_name":"Golden Wing","player_choice":"Card Removal","floor":2.0,"gold_loss":0.0,"damage_taken":7.0},{"damage_healed":0.0,"max_hp_gain":0.0,"max_hp_loss":0.0,"gold_gain":0.0,"event_name":"Shining Light","player_choice":"Entered Light","floor":5.0,"gold_loss":0.0,"damage_taken":23.0,"cards_upgraded":["Strike_R","Bash"]},{"damage_healed":0.0,"max_hp_gain":0.0,"max_hp_loss":0.0,"gold_gain":0.0,"event_name":"Dead Adventurer","player_choice":"Searched \u00271\u0027 times","floor":11.0,"gold_loss":0.0,"damage_taken":0.0}],"is_beta":true,"boss_relics":[],"items_purged_floors":[4],"is_endless":false,"potions_floor_spawned":[6,8,11],"killed_by":"Gremlin Gang","ascension_level":20}