{"path_per_floor":["M","?","?","M","?","E","R","M","T","M","?","E","R","M","R"],"character_chosen":"IRONCLAD","items_purchased":[],"gold_per_floor":[119,119,119,129,204,233,233,245,268,280,280,313,313,327,327],"floor_reached":16,"campfire_rested":1,"playtime":1165,"current_hp_per_floor":[78,78,78,74,63,38,62,64,64,58,58,33,33,30,30],"items_purged":[],"gold":327,"play_id":"b137de65-eff2-4bb4-bec2-359a22f6c490","is_prod":false,"is_daily":false,"campfire_rituals":0,"campfire_upgraded":2,"is_hardmode":false,"path_taken":["M","?","?","?","?","E","R","M","T","M","?","E","R","M","R","BOSS"],"build_version":"2018-01-18-PROD4","purchased_purges":0,"victory":false,"master_deck":["Strike_R","Strike_R","Strike_R","Strike_R","Strike_R","Defend_R","Defend_R","Defend_R","Defend_R","Bash","Seeing Red","Regret","Metallicize","Shockwave","Iron Wave","Rampage","Anger","Cleave"],"max_hp_per_floor":[80,80,80,80,80,80,80,80,80,80,80,80,80,80,80],"relics":["Burning Blood","Pen Nib","Bag of Marbles","Orichalcum","Toxic Egg"],"campfire_meditates":0,"card_choices":[{"not_picked":["Disarm","Clothesline"],"picked":"Seeing Red"},{"not_picked":["Clothesline","Pummel"],"picked":"Metallicize"},{"not_picked":["Dual Wield","Barricade"],"picked":"Shockwave"},{"not_picked":["Sword Boomerang","Dual Wield"],"picked":"Iron Wave"},{"not_picked":["Warcry","Flame Barrier"],"picked":"Rampage"},{"not_picked":["Infernal Blade","Armaments"],"picked":"Anger"},{"not_picked":["Intimidate","Perfected Strike"],"picked":"Cleave"}],"player_experience":0,"potions_floor_usage":[],"damage_taken":[{"damage":8,"enemies":"Small Slimes","floor":1,"turns":4},{"damage":10,"enemies":"2 Louse","floor":4,"turns":4},{"damage":31,"enemies":"Gremlin Nob","floor":6,"turns":5},{"damage":4,"enemies":"Jaw Worm","floor":8,"turns":3},{"damage":12,"enemies":"Looter","floor":10,"turns":3},{"damage":31,"enemies":"3 Sentries","floor":12,"turns":9},{"damage":9,"enemies":"2 Fungi Beasts","floor":14,"turns":3},{"damage":32,"enemies":"The Guardian","floor":16,"turns":6}],"event_choices":[{"event_name":"The Cleric","player_choice":"Leave","floor":2,"damage_taken":0},{"event_name":"Big Fish","player_choice":"Box","floor":3,"damage_taken":0},{"event_name":"World of Goop","player_choice":"Gather Gold","floor":5,"damage_taken":0},{"event_name":"Upgrade Shrine","player_choice":"Upgraded","floor":11,"damage_taken":0}],"boss_relics":[],"potions_floor_spawned":[1,4,12],"seed_played":"-1499089037744838800","killed_by":"The Guardian","is_trial":false}