{"gold_per_floor":[112,131,131,141,416,416,434,434,434,434,434],"floor_reached":11,"playtime":339,"items_purged":[],"score":126,"play_id":"7ff9f644-0dcb-464b-ab6e-add0eff2fc57","local_time":"20190228182855","is_ascension_mode":true,"campfire_choices":[{"data":"Darkness","floor":6.0,"key":"SMITH"},{"floor":8.0,"key":"REST"}],"neow_cost":"PERCENT_DAMAGE","seed_source_timestamp":2645057372035043,"circlet_count":0,"master_deck":["AscendersBane","Strike_B","Strike_B","Strike_B","Strike_B","Defend_B","Defend_B","Defend_B","Defend_B","Zap","Dualcast","Echo Form","Darkness+1","Regret","Genetic Algorithm","Parasite"],"special_seed":0,"relics":["Cracked Core"],"potions_floor_usage":[],"damage_taken":[{"damage":8.0,"enemies":"2 Louse","floor":1.0,"turns":3.0},{"damage":11.0,"enemies":"Small Slimes","floor":2.0,"turns":3.0},{"damage":1.0,"enemies":"Cultist","floor":4.0,"turns":4.0},{"damage":14.0,"enemies":"3 Louse","floor":7.0,"turns":3.0},{"damage":63,"enemies":"3 Sentries","floor":11,"turns":8}],"seed_played":"-1739163514227678001","potions_obtained":[{"floor":2.0,"key":"Regen Potion"}],"is_trial":false,"path_per_floor":["M","M","?","M","?","R","M","R","T","?","E"],"character_chosen":"DEFECT","items_purchased":[],"campfire_rested":1,"item_purchase_floors":[],"current_hp_per_floor":[38,27,27,26,26,26,21,42,42,59,0],"gold":434,"neow_bonus":"THREE_RARE_CARDS","is_prod":false,"is_daily":false,"chose_seed":false,"campfire_upgraded":1,"win_rate":0,"timestamp":1551407335,"path_taken":["M","M","?","M","?","R","?","R","T","?","E"],"build_version":"2019-02-06","purchased_purges":0,"victory":false,"max_hp_per_floor":[71,71,71,71,71,71,71,71,71,71,71],"card_choices":[{"not_picked":["Hyperbeam","All For One"],"picked":"Echo Form","floor":0.0},{"not_picked":["Streamline","Hologram","Gash"],"picked":"SKIP","floor":1.0},{"not_picked":["Gash","Compile Driver","Lockon"],"picked":"SKIP","floor":2.0},{"not_picked":["Double Energy","Redo"],"picked":"Darkness","floor":4.0},{"not_picked":["Conserve Battery","Beam Cell"],"picked":"Genetic Algorithm","floor":7.0}],"player_experience":1285616,"relics_obtained":[],"event_choices":[{"damage_healed":0.0,"max_hp_gain":0.0,"max_hp_loss":0.0,"gold_gain":0.0,"event_name":"Scrap Ooze","player_choice":"Fled","floor":3.0,"gold_loss":0.0,"damage_taken":0.0},{"damage_healed":0.0,"max_hp_gain":0.0,"max_hp_loss":0.0,"gold_gain":275.0,"event_name":"Golden Shrine","player_choice":"Desecrate","floor":5.0,"gold_loss":0.0,"damage_taken":0.0,"cards_obtained":["Regret"]},{"damage_healed":17,"gold_gain":0,"player_choice":"Healed and dodged fight","damage_taken":0,"max_hp_gain":0,"max_hp_loss":0,"event_name":"Mushrooms","floor":10,"gold_loss":0,"cards_obtained":["Parasite"]}],"is_beta":true,"boss_relics":[],"items_purged_floors":[],"is_endless":false,"potions_floor_spawned":[2],"killed_by":"3 Sentries","ascension_level":20}