{"gold_per_floor":[215,234,159,159,159,159,190,190,216,244,20,20,45,63,63,134,134,145,70,90,38,38,38,63,63,63,89,106,106,106,131,131,208,208,225,225,235,178,197,231,250,278,324,88,105,105],"floor_reached":46,"playtime":1805,"items_purged":["Strike_R","Injury"],"score":1204,"play_id":"41ef9c4c-65ae-4c96-b65d-685bf67738b5","local_time":"20190225004341","is_ascension_mode":true,"campfire_choices":[{"data":"Whirlwind","floor":6.0,"key":"SMITH"},{"floor":8.0,"key":"REST"},{"data":"Rampage","floor":12.0,"key":"SMITH"},{"data":"Shrug It Off","floor":15.0,"key":"SMITH"},{"data":"Offering","floor":23.0,"key":"SMITH"},{"floor":30.0,"key":"REST"},{"data":"Armaments","floor":32.0,"key":"SMITH"}],"neow_cost":"NONE","seed_source_timestamp":2423614605494223,"circlet_count":0,"master_deck":["AscendersBane","Defend_R","Defend_R","Defend_R+1","Defend_R+1","Bash+1","Whirlwind+1","Rampage+1","Shrug It Off+1","Shrug It Off","Offering+1","Corruption","Feel No Pain","Shrug It Off","Whirlwind+1","Limit Break","Iron Wave+1","Armaments+1","Limit Break","Master of Strategy","Flash of Steel+1","Finesse","Headbutt+1","Battle Trance","True Grit+1","Feel No Pain","Feel No Pain","True Grit+1"],"special_seed":0,"relics":["Burning Blood","Mummified Hand","War Paint","Happy Flower","Chemical X","Magic Flower","Black Star","Ice Cream","Ancient Tea Set","Pear","Boot","Whetstone","Molten Egg 2","Mercury Hourglass","Cursed Key","Sundial","Blue Candle","StoneCalendar","Letter Opener","Potion Belt"],"potions_floor_usage":[40],"damage_taken":[{"damage":4.0,"enemies":"2 Louse","floor":1.0,"turns":4.0},{"damage":5.0,"enemies":"Small Slimes","floor":2.0,"turns":3.0},{"damage":44.0,"enemies":"Lagavulin","floor":7.0,"turns":9.0},{"damage":22.0,"enemies":"3 Sentries","floor":10.0,"turns":5.0},{"damage":8.0,"enemies":"Gremlin Nob","floor":13.0,"turns":3.0},{"damage":0.0,"enemies":"Cultist","floor":14.0,"turns":2.0},{"damage":20.0,"enemies":"Hexaghost","floor":16.0,"turns":8.0},{"damage":19.0,"enemies":"Spheric Guardian","floor":18.0,"turns":4.0},{"damage":6.0,"enemies":"3 Byrds","floor":20.0,"turns":3.0},{"damage":6.0,"enemies":"Gremlin Leader","floor":24.0,"turns":5.0},{"damage":63.0,"enemies":"Book of Stabbing","floor":27.0,"turns":6.0},{"damage":4.0,"enemies":"Centurion and Healer","floor":28.0,"turns":4.0},{"damage":0.0,"enemies":"Slavers","floor":31.0,"turns":1.0},{"damage":38.0,"enemies":"Collector","floor":33.0,"turns":8.0},{"damage":0.0,"enemies":"3 Darklings","floor":35.0,"turns":2.0},{"damage":6.0,"enemies":"3 Shapes","floor":37.0,"turns":7.0},{"damage":7,"enemies":"Writhing Mass","floor":39,"turns":6},{"damage":3,"enemies":"Giant Head","floor":40,"turns":4},{"damage":0,"enemies":"3 Darklings","floor":41,"turns":2},{"damage":38,"enemies":"Reptomancer","floor":42,"turns":6},{"damage":27,"enemies":"Spire Growth","floor":45,"turns":4},{"damage":46,"enemies":"2 Orb Walkers","floor":46,"turns":3}],"seed_played":"7703012356195820664","potions_obtained":[{"floor":1.0,"key":"Weak Potion"},{"floor":2.0,"key":"LiquidBronze"},{"floor":20.0,"key":"SpeedPotion"},{"floor":28.0,"key":"SpeedPotion"},{"floor":40,"key":"SpeedPotion"},{"floor":45,"key":"Weak Potion"}],"is_trial":false,"path_per_floor":["M","M","$","?","?","R","E","R","T","E","$","R","E","M","R","B",null,"M","$","M","$","T","R","E","?","T","E","M","?","R","E","R","B",null,"M","?","M","$","M","E","M","E","T","$","M","?"],"character_chosen":"IRONCLAD","items_purchased":["Chemical X","Feel No Pain","Shrug It Off","SteroidPotion","Feel No Pain","SpeedPotion"],"campfire_rested":2,"item_purchase_floors":[11,19,21,38,44,44],"current_hp_per_floor":[70,71,71,71,71,71,33,55,55,39,39,39,37,46,46,35,65,55,55,58,58,58,58,61,61,71,17,22,22,47,56,56,27,71,80,70,73,73,75,81,85,56,56,56,38,0],"gold":105,"neow_bonus":"HUNDRED_GOLD","is_prod":false,"is_daily":false,"chose_seed":false,"campfire_upgraded":5,"win_rate":0,"timestamp":1551084221,"path_taken":["M","M","$","?","?","R","E","R","T","E","$","R","E","M","R","BOSS","M","$","M","?","?","R","E","?","T","E","M","?","R","E","R","BOSS","M","?","M","$","M","E","M","E","T","$","M","?"],"build_version":"2019-02-06","purchased_purges":2,"victory":false,"max_hp_per_floor":[75,75,75,75,75,75,75,75,75,75,75,75,75,75,75,75,75,75,75,75,75,75,75,75,75,85,85,85,85,85,85,85,85,85,85,85,85,85,85,85,85,85,85,85,85,85],"card_choices":[{"not_picked":["Dual Wield","Sever Soul","Reckless Charge"],"picked":"SKIP","floor":1.0},{"not_picked":["Havoc","Clothesline"],"picked":"Whirlwind","floor":2.0},{"not_picked":["Warcry","Infernal Blade","Clash"],"picked":"SKIP","floor":7.0},{"not_picked":["Pommel Strike","Berserk"],"picked":"Rampage","floor":10.0},{"not_picked":["Second Wind","Sever Soul"],"picked":"Shrug It Off","floor":13.0},{"not_picked":["Perfected Strike","Burning Pact"],"picked":"Shrug It Off","floor":14.0},{"not_picked":["Demon Form","Feed"],"picked":"Offering","floor":16.0},{"not_picked":["Pommel Strike","Rage"],"picked":"Corruption","floor":18.0},{"not_picked":["Havoc","Warcry","Second Wind"],"picked":"SKIP","floor":20.0},{"not_picked":["Twin Strike","Battle Trance"],"picked":"Whirlwind","floor":24.0},{"not_picked":["Havoc","Infernal Blade","Flex"],"picked":"SKIP","floor":27.0},{"not_picked":["Entrench","Clothesline"],"picked":"Armaments","floor":28.0},{"not_picked":["Heavy Blade","Anger","Intimidate"],"picked":"SKIP","floor":31.0},{"not_picked":["Impervious","Brutality"],"picked":"Limit Break","floor":33.0},{"not_picked":["Iron Wave+1","Armaments","Cleave+1"],"picked":"SKIP","floor":35.0},{"not_picked":["Blind","Secret Technique"],"picked":"Master of Strategy","floor":36.0},{"not_picked":["Panacea","Transmutation"],"picked":"Flash of Steel+1","floor":36.0},{"not_picked":["Forethought","Panacea"],"picked":"Finesse","floor":36.0},{"not_picked":["Hemokinesis+1","Cleave+1"],"picked":"Headbutt+1","floor":37.0},{"not_picked":["Sword Boomerang+1","Anger+1"],"picked":"Battle Trance","floor":39},{"not_picked":["Thunderclap+1","Limit Break","Sword Boomerang+1"],"picked":"SKIP","floor":40},{"not_picked":["Headbutt+1","Pummel+1"],"picked":"True Grit+1","floor":41},{"not_picked":["Thunderclap+1","Iron Wave+1"],"picked":"Feel No Pain","floor":42},{"not_picked":["Twin Strike+1","Hemokinesis+1"],"picked":"True Grit+1","floor":45}],"player_experience":1246107,"relics_obtained":[{"floor":7.0,"key":"Mummified Hand"},{"floor":9.0,"key":"War Paint"},{"floor":10.0,"key":"Happy Flower"},{"floor":13.0,"key":"Magic Flower"},{"floor":24.0,"key":"Ice Cream"},{"floor":24.0,"key":"Ancient Tea Set"},{"floor":26.0,"key":"Pear"},{"floor":27.0,"key":"Boot"},{"floor":27.0,"key":"Whetstone"},{"floor":31.0,"key":"Molten Egg 2"},{"floor":31.0,"key":"Mercury Hourglass"},{"floor":40,"key":"Sundial"},{"floor":40,"key":"Blue Candle"},{"floor":42,"key":"StoneCalendar"},{"floor":42,"key":"Letter Opener"},{"floor":43,"key":"Potion Belt"}],"event_choices":[{"damage_healed":0.0,"max_hp_gain":0.0,"max_hp_loss":0.0,"gold_gain":0.0,"event_name":"Living Wall","player_choice":"Grow","floor":4.0,"gold_loss":0.0,"damage_taken":0.0,"cards_upgraded":["Bash"]},{"cards_removed":["Strike_R"],"damage_healed":0.0,"max_hp_gain":0.0,"max_hp_loss":0.0,"gold_gain":0.0,"event_name":"Purifier","player_choice":"Purged","floor":5.0,"gold_loss":0.0,"damage_taken":0.0},{"damage_healed":0.0,"max_hp_gain":0.0,"max_hp_loss":0.0,"gold_gain":0.0,"cards_transformed":["Strike_R","Strike_R"],"event_name":"Drug Dealer","player_choice":"Became Test Subject","floor":25.0,"gold_loss":0.0,"damage_taken":0.0,"cards_obtained":["Limit Break","Iron Wave"]},{"cards_removed":["Strike_R"],"damage_healed":0.0,"max_hp_gain":0.0,"max_hp_loss":0.0,"gold_gain":0.0,"event_name":"Back to Basics","player_choice":"Elegance","floor":29.0,"gold_loss":0.0,"damage_taken":0.0},{"damage_healed":0.0,"max_hp_gain":0.0,"max_hp_loss":0.0,"gold_gain":0.0,"event_name":"SensoryStone","player_choice":"Memory 3","floor":36.0,"gold_loss":0.0,"damage_taken":10.0},{"damage_healed":0,"gold_gain":0,"player_choice":"Fight","damage_taken":0,"max_hp_gain":0,"max_hp_loss":0,"event_name":"Mysterious Sphere","floor":46,"gold_loss":0}],"is_beta":true,"boss_relics":[{"not_picked":["Empty Cage","Tiny House"],"picked":"Black Star"},{"not_picked":["White Beast Statue","Sozu"],"picked":"Cursed Key"}],"items_purged_floors":[3,44],"is_endless":false,"potions_floor_spawned":[1,2,20,28,37,40,45],"killed_by":"2 Orb Walkers","ascension_level":20}