{"gold_per_floor":[111,111,122,139,139,139,64,76,100,100,112,122,122,153,165,272,284,308,333,98,109,121,121,148,148,172,87,87,98,47,62,62,158,158,175,194,194,210,65,65,96,96,121,121,133,133,146,166,166,166],"floor_reached":51,"playtime":6571,"items_purged":["Regret","Pain"],"score":1112,"play_id":"7b09b2ee-25f5-4301-9cdb-794967da8aa6","local_time":"20190423135710","is_ascension_mode":true,"campfire_choices":[{"data":"Streamline","floor":6,"key":"SMITH"},{"data":"Conserve Battery","floor":13,"key":"SMITH"},{"data":"FTL","floor":15,"key":"SMITH"},{"floor":23,"key":"REST"},{"data":"Consume","floor":28,"key":"SMITH"},{"data":"Glacier","floor":32,"key":"SMITH"},{"floor":40,"key":"REST"},{"data":"Double Energy","floor":44,"key":"SMITH"},{"floor":46,"key":"REST"},{"data":"Hologram","floor":49,"key":"SMITH"}],"neow_cost":"NONE","seed_source_timestamp":259923783882000,"circlet_count":0,"master_deck":["AscendersBane","Strike_B","Strike_B","Strike_B","Strike_B","Defend_B","Defend_B","Defend_B","Defend_B","Zap","Dualcast","Thunder Strike","Streamline+1","FTL+1","Conserve Battery+1","Cold Snap","FTL","Melter","Go for the Eyes","Core Surge","Conserve Battery","Streamline","Glacier+1","Consume+1","Hologram+1","Parasite","Steam+1","Blizzard","Seek","Ball Lightning+1","Compile Driver+1","Hologram+1","Tempest","Leap+1","Double Energy+1","Pain","Rebound+1","Cold Snap","Parasite"],"relics":["Cracked Core","Bag of Preparation","Anchor","Happy Flower","WarpedTongs","MawBank","Cursed Key","Vajra","Emotion Chip","Dream Catcher","Strawberry","Inserter","Regal Pillow","Oddly Smooth Stone","Ancient Tea Set"],"potions_floor_usage":[16,21,22,33,50],"damage_taken":[{"damage":8,"enemies":"Small Slimes","floor":1,"turns":3},{"damage":7,"enemies":"Jaw Worm","floor":3,"turns":3},{"damage":0,"enemies":"Cultist","floor":4,"turns":3},{"damage":6,"enemies":"Exordium Wildlife","floor":8,"turns":4},{"damage":3,"enemies":"Looter","floor":11,"turns":3},{"damage":2,"enemies":"Gremlin Gang","floor":12,"turns":3},{"damage":10,"enemies":"Lagavulin","floor":14,"turns":6},{"damage":6,"enemies":"Slime Boss","floor":16,"turns":8},{"damage":20,"enemies":"Shell Parasite","floor":18,"turns":4},{"damage":2,"enemies":"Spheric Guardian","floor":19,"turns":1},{"damage":6,"enemies":"Cultist and Chosen","floor":21,"turns":5},{"damage":0,"enemies":"Centurion and Healer","floor":22,"turns":5},{"damage":8,"enemies":"Book of Stabbing","floor":24,"turns":5},{"damage":0,"enemies":"Chosen and Byrds","floor":29,"turns":5},{"damage":19,"enemies":"Snake Plant","floor":31,"turns":3},{"damage":40,"enemies":"Automaton","floor":33,"turns":11},{"damage":20,"enemies":"3 Darklings","floor":35,"turns":7},{"damage":0,"enemies":"Orb Walker","floor":36,"turns":4},{"damage":1,"enemies":"4 Shapes","floor":38,"turns":5},{"damage":22,"enemies":"Nemesis","floor":41,"turns":9},{"damage":15,"enemies":"3 Darklings","floor":45,"turns":7},{"damage":10,"enemies":"Jaw Worm Horde","floor":47,"turns":4},{"damage":4,"enemies":"Writhing Mass","floor":48,"turns":7},{"damage":57,"enemies":"Donu and Deca","floor":50,"turns":67}],"seed_played":"5360888744478434363","potions_obtained":[{"floor":8,"key":"Poison Potion"},{"floor":11,"key":"Ancient Potion"},{"floor":12,"key":"Strength Potion"},{"floor":16,"key":"GamblersBrew"},{"floor":19,"key":"AttackPotion"},{"floor":21,"key":"Energy Potion"},{"floor":29,"key":"GamblersBrew"},{"floor":33,"key":"FearPotion"},{"floor":47,"key":"PowerPotion"}],"is_trial":false,"path_per_floor":["M","?","M","M","?","R","$","M","T","?","M","M","R","E","R","B",null,"M","M","$","M","M","R","E","?","T","?","R","M","$","M","R","B",null,"M","M","$","M","$","R","E","?","T","R","M","R","M","M","R","B",null],"character_chosen":"DEFECT","items_purchased":["Vajra","PowerPotion","Regal Pillow"],"campfire_rested":3,"item_purchase_floors":[20,30,39],"current_hp_per_floor":[60,57,50,50,50,50,50,44,44,44,41,39,39,29,29,23,62,42,40,40,34,34,56,48,73,73,80,80,80,80,61,61,21,67,47,47,47,46,46,82,60,60,60,60,45,82,72,68,68,11],"gold":166,"neow_bonus":"ONE_RANDOM_RARE_CARD","is_prod":false,"is_daily":false,"chose_seed":false,"campfire_upgraded":7,"win_rate":0,"timestamp":1556020630,"path_taken":["M","?","M","M","?","R","$","M","T","?","?","M","R","E","R","BOSS","M","M","$","M","M","R","E","?","T","?","R","M","?","M","R","BOSS","M","M","$","M","$","R","E","?","T","R","?","R","M","M","R","BOSS"],"build_version":"2019-01-23","purchased_purges":2,"victory":true,"max_hp_per_floor":[75,75,75,75,75,75,75,75,75,75,75,75,75,75,75,75,75,75,75,75,75,75,75,75,75,75,82,82,82,82,82,82,82,82,82,82,82,82,82,82,82,82,82,82,82,82,82,82,82,82],"card_choices":[{"not_picked":["Go for the Eyes","Steam Power"],"picked":"Streamline","floor":1},{"not_picked":["Heatsinks","Sweeping Beam"],"picked":"FTL","floor":3},{"not_picked":["Go for the Eyes","Redo"],"picked":"Conserve Battery","floor":4},{"not_picked":["Amplify","Conserve Battery"],"picked":"Cold Snap","floor":8},{"not_picked":["Doom and Gloom","Barrage"],"picked":"FTL","floor":11},{"not_picked":["Beam Cell","Redo"],"picked":"Melter","floor":12},{"not_picked":["Barrage","Rebound"],"picked":"Go for the Eyes","floor":14},{"not_picked":["Meteor Strike","Buffer"],"picked":"Core Surge","floor":16},{"not_picked":["Beam Cell","Sweeping Beam"],"picked":"Conserve Battery","floor":18},{"not_picked":["Chaos","Beam Cell"],"picked":"Streamline","floor":19},{"not_picked":["Conserve Battery","Compile Driver+1"],"picked":"Glacier","floor":21},{"not_picked":["Reprogram+1","Storm"],"picked":"Consume","floor":22},{"not_picked":["Barrage","Steam"],"picked":"Hologram","floor":24},{"not_picked":["Gash","Chill"],"picked":"Steam+1","floor":29},{"not_picked":["Gash","Steam"],"picked":"Blizzard","floor":31},{"not_picked":["Thunder Strike","Reboot"],"picked":"Seek","floor":33},{"not_picked":["Turbo","Chaos+1"],"picked":"Ball Lightning+1","floor":35},{"not_picked":["Gash+1","Rebound+1"],"picked":"Compile Driver+1","floor":36},{"not_picked":["Conserve Battery","Cold Snap"],"picked":"Hologram+1","floor":38},{"not_picked":["Ball Lightning","Coolheaded"],"picked":"Tempest","floor":40},{"not_picked":["Thunder Strike","Recycle+1"],"picked":"Leap+1","floor":41},{"not_picked":["Darkness","Compile Driver+1"],"picked":"Rebound+1","floor":45},{"not_picked":["Beam Cell","Coolheaded"],"picked":"Cold Snap","floor":46},{"not_picked":["Self Repair+1","Doom and Gloom+1","Cold Snap"],"picked":"SKIP","floor":47},{"not_picked":["Sweeping Beam","Skim+1","Compile Driver+1"],"picked":"SKIP","floor":48}],"player_experience":695781,"relics_obtained":[{"floor":9,"key":"Happy Flower"},{"floor":14,"key":"MawBank"},{"floor":24,"key":"Emotion Chip"},{"floor":26,"key":"Dream Catcher"},{"floor":41,"key":"Oddly Smooth Stone"},{"floor":43,"key":"Ancient Tea Set"}],"event_choices":[{"damage_healed":0,"gold_gain":0,"player_choice":"Success","damage_taken":3,"relics_obtained":["Bag of Preparation"],"max_hp_gain":0,"max_hp_loss":0,"event_name":"Scrap Ooze","floor":2,"gold_loss":0},{"damage_healed":0,"gold_gain":0,"player_choice":"Box","damage_taken":0,"relics_obtained":["Anchor"],"max_hp_gain":0,"max_hp_loss":0,"event_name":"Big Fish","floor":5,"gold_loss":0,"cards_obtained":["Regret"]},{"damage_healed":0,"gold_gain":0,"player_choice":"Rummage","damage_taken":0,"relics_obtained":["WarpedTongs"],"max_hp_gain":0,"max_hp_loss":0,"event_name":"Accursed Blacksmith","floor":10,"gold_loss":0,"cards_obtained":["Pain"]},{"damage_healed":25,"gold_gain":0,"player_choice":"Heal","damage_taken":0,"max_hp_gain":0,"max_hp_loss":0,"event_name":"The Library","floor":25,"gold_loss":0},{"damage_healed":0,"gold_gain":0,"player_choice":"Obtained Relic","damage_taken":0,"relics_obtained":["Strawberry"],"max_hp_gain":0,"max_hp_loss":0,"event_name":"Addict","floor":27,"gold_loss":85},{"damage_healed":0,"gold_gain":0,"player_choice":"1 cards matched","damage_taken":0,"max_hp_gain":0,"max_hp_loss":0,"event_name":"Match and Keep!","floor":42,"gold_loss":0,"cards_obtained":["Double Energy"]}],"is_beta":false,"boss_relics":[{"not_picked":["Runic Dome","Snecko Eye"],"picked":"Cursed Key"},{"not_picked":["Eternal Feather","Runic Pyramid"],"picked":"Inserter"}],"items_purged_floors":[7,20],"is_endless":false,"potions_floor_spawned":[8,11,12,16,19,21,29,31,33,41,47],"ascension_level":11}