{"gold_per_floor":[117,117,117,132,149,149,183,183,183,213,229,229,127,139,139,139],"floor_reached":16,"playtime":623,"items_purged":["Strike_R"],"score":116,"play_id":"83d52a2d-f3ed-454f-9a61-a5ab128a03ed","local_time":"20190420035428","is_ascension_mode":true,"campfire_choices":[{"data":"Bash","floor":6,"key":"SMITH"},{"data":"Cleave","floor":8,"key":"SMITH"},{"floor":15,"key":"REST"}],"neow_cost":"NONE","seed_source_timestamp":314140328101520,"circlet_count":0,"master_deck":["Strike_R","Strike_R","Defend_R","Defend_R","Defend_R","Defend_R","Bash+1","Cleave+1","Thunderclap","Disarm","Armaments","True Grit","Spot Weakness"],"relics":["Burning Blood","Red Skull","Blue Candle","Anchor"],"potions_floor_usage":[],"damage_taken":[{"damage":0,"enemies":"Small Slimes","floor":1,"turns":3},{"damage":1,"enemies":"Cultist","floor":4,"turns":3},{"damage":6,"enemies":"Jaw Worm","floor":5,"turns":3},{"damage":35,"enemies":"3 Sentries","floor":7,"turns":7},{"damage":27,"enemies":"Gremlin Nob","floor":10,"turns":4},{"damage":0,"enemies":"Looter","floor":11,"turns":2},{"damage":10,"enemies":"Gremlin Gang","floor":14,"turns":4},{"damage":68,"enemies":"Slime Boss","floor":16,"turns":9}],"seed_played":"5480536444963026474","potions_obtained":[{"floor":1,"key":"LiquidBronze"},{"floor":4,"key":"Poison Potion"},{"floor":7,"key":"Energy Potion"}],"is_trial":false,"path_per_floor":["M","?","?","M","M","R","E","R","T","E","M","?","$","M","R","B"],"character_chosen":"IRONCLAD","items_purchased":["True Grit"],"campfire_rested":1,"item_purchase_floors":[13],"current_hp_per_floor":[88,81,81,86,86,86,57,57,57,36,42,42,42,38,64,0],"gold":139,"neow_bonus":"TEN_PERCENT_HP_BONUS","is_prod":false,"is_daily":false,"chose_seed":false,"campfire_upgraded":2,"win_rate":0,"timestamp":1555712668,"path_taken":["M","?","?","M","?","R","E","R","T","E","M","?","?","M","R","BOSS"],"build_version":"2019-01-23","purchased_purges":1,"victory":false,"max_hp_per_floor":[88,88,88,88,88,88,88,88,88,88,88,88,88,88,88,88],"card_choices":[{"not_picked":["Sentinel","Sword Boomerang","Perfected Strike"],"picked":"SKIP","floor":1},{"not_picked":["Warcry","Clash"],"picked":"Cleave","floor":4},{"not_picked":["Warcry","Clothesline"],"picked":"Thunderclap","floor":5},{"not_picked":["Perfected Strike","Rupture","Thunderclap"],"picked":"SKIP","floor":7},{"not_picked":["Brutality","Warcry"],"picked":"Disarm","floor":10},{"not_picked":["Searing Blow","Blood for Blood"],"picked":"Armaments","floor":11},{"not_picked":["Heavy Blade","Evolve"],"picked":"Spot Weakness","floor":14}],"player_experience":73496,"relics_obtained":[{"floor":7,"key":"Red Skull"},{"floor":9,"key":"Blue Candle"},{"floor":10,"key":"Anchor"}],"event_choices":[{"cards_removed":["Strike_R"],"damage_healed":0,"gold_gain":0,"player_choice":"Card Removal","damage_taken":7,"max_hp_gain":0,"max_hp_loss":0,"event_name":"Golden Wing","floor":2,"gold_loss":0},{"cards_removed":["Strike_R"],"damage_healed":0,"gold_gain":0,"player_choice":"Purged","damage_taken":0,"max_hp_gain":0,"max_hp_loss":0,"event_name":"Purifier","floor":3,"gold_loss":0},{"damage_healed":0,"gold_gain":0,"player_choice":"Fled","damage_taken":0,"max_hp_gain":0,"max_hp_loss":0,"event_name":"Scrap Ooze","floor":12,"gold_loss":0}],"is_beta":false,"boss_relics":[],"items_purged_floors":[13],"is_endless":false,"potions_floor_spawned":[1,4,7],"killed_by":"Slime Boss","ascension_level":1}