{"gold_per_floor":[109,109,120,120,131,131,161,175,175,204,221,221,221,285,285,357,407,426,40,55,66,66,66,79,79,105,144,156,168],"floor_reached":29,"playtime":973,"items_purged":[],"score":506,"play_id":"159a2fb0-051f-4da3-97ea-b68f18c9aa09","local_time":"20190304233045","is_ascension_mode":true,"campfire_choices":[{"data":"Bash","floor":6.0,"key":"SMITH"},{"floor":13.0,"key":"REST"},{"data":"Perfected Strike","floor":15.0,"key":"SMITH"},{"floor":23,"key":"REST"},{"data":"Perfected Strike","floor":25,"key":"SMITH"},{"data":"Armaments","floor":28,"key":"SMITH"}],"neow_cost":"NONE","seed_source_timestamp":2880366407550471,"circlet_count":0,"master_deck":["AscendersBane","Strike_R","Strike_R","Strike_R","Strike_R","Defend_R","Defend_R","Defend_R","Bash+1","Shrug It Off","Disarm","Battle Trance","Perfected Strike+1","Perfected Strike","Uppercut","Wild Strike+1","Perfected Strike+1","Offering","Bloodletting","Anger+1","Feel No Pain+1","Armaments+1","Decay"],"special_seed":0,"relics":["Burning Blood","NeowsBlessing","Frozen Egg 2","Turnip","Nunchaku","Question Card","Dream Catcher","Tiny House","Orichalcum","Tiny Chest","MawBank","Anchor"],"potions_floor_usage":[24,27,27,27],"damage_taken":[{"damage":0.0,"enemies":"2 Louse","floor":1.0,"turns":1.0},{"damage":0.0,"enemies":"Cultist","floor":3.0,"turns":1.0},{"damage":0.0,"enemies":"Small Slimes","floor":5.0,"turns":2.0},{"damage":55.0,"enemies":"Lagavulin","floor":7.0,"turns":9.0},{"damage":13.0,"enemies":"Exordium Wildlife","floor":8.0,"turns":6.0},{"damage":8.0,"enemies":"Gremlin Nob","floor":10.0,"turns":3.0},{"damage":4.0,"enemies":"Exordium Thugs","floor":11.0,"turns":4.0},{"damage":3.0,"enemies":"Gremlin Nob","floor":14.0,"turns":3.0},{"damage":22.0,"enemies":"The Guardian","floor":16.0,"turns":16.0},{"damage":9.0,"enemies":"Spheric Guardian","floor":18.0,"turns":3.0},{"damage":7.0,"enemies":"Chosen","floor":20.0,"turns":4.0},{"damage":51.0,"enemies":"Shelled Parasite and Fungi","floor":21.0,"turns":4.0},{"damage":16,"enemies":"Snecko","floor":24,"turns":5},{"damage":36,"enemies":"Book of Stabbing","floor":27,"turns":4},{"damage":3,"enemies":"Sentry and Sphere","floor":29,"turns":3}],"seed_played":"344407534598843728","potions_obtained":[{"floor":3.0,"key":"FearPotion"},{"floor":10.0,"key":"Poison Potion"},{"floor":14.0,"key":"EntropicBrew"},{"floor":20.0,"key":"Block Potion"},{"floor":27,"key":"EssenceOfSteel"}],"is_trial":false,"path_per_floor":["M","?","M","?","M","R","E","M","T","E","M","?","R","?","R","B",null,"M","$","M","M","?","R","M","R","T","E","R","M"],"character_chosen":"IRONCLAD","items_purchased":["Feel No Pain+1","Orichalcum","Tiny Chest"],"campfire_rested":2,"item_purchase_floors":[19,19,19],"current_hp_per_floor":[74,67,73,73,75,75,26,19,19,17,19,8,30,33,33,17,66,63,63,62,17,17,41,31,31,31,9,9,6],"gold":168,"neow_bonus":"THREE_ENEMY_KILL","is_prod":false,"is_daily":false,"chose_seed":false,"campfire_upgraded":4,"win_rate":0,"timestamp":1551771045,"path_taken":["M","?","M","?","?","R","E","M","T","E","?","?","R","?","R","BOSS","M","$","M","M","?","R","M","R","T","E","R","M"],"build_version":"2019-02-06","purchased_purges":0,"victory":false,"max_hp_per_floor":[75,75,75,75,75,75,75,75,75,75,75,75,75,75,75,75,80,80,80,80,80,80,80,80,80,80,80,80,80],"card_choices":[{"not_picked":["Iron Wave","Pummel"],"picked":"Shrug It Off","floor":1.0},{"not_picked":["Uppercut","Body Slam"],"picked":"Disarm","floor":3.0},{"not_picked":["Perfected Strike","Iron Wave"],"picked":"Battle Trance","floor":5.0},{"not_picked":["Feel No Pain","Wild Strike"],"picked":"Perfected Strike","floor":7.0},{"not_picked":["Fire Breathing+1","Iron Wave"],"picked":"Perfected Strike","floor":8.0},{"not_picked":["Searing Blow","Corruption+1"],"picked":"Uppercut","floor":10.0},{"not_picked":["Sword Boomerang","Thunderclap"],"picked":"Wild Strike","floor":11.0},{"not_picked":["Second Wind","Corruption+1","Warcry"],"picked":"Perfected Strike","floor":14.0},{"not_picked":["Limit Break","Feed","Dark Embrace+1"],"picked":"Offering","floor":16.0},{"not_picked":["Body Slam","Thunderclap","Sentinel"],"picked":"Bloodletting","floor":17.0},{"not_picked":["Warcry","True Grit","Iron Wave"],"picked":"Anger+1","floor":18.0},{"not_picked":["Sword Boomerang","Warcry","Twin Strike","Clash"],"picked":"SKIP","floor":20.0},{"not_picked":["Anger","Body Slam","Twin Strike"],"picked":"Armaments","floor":21.0},{"not_picked":["Rampage","Thunderclap","Carnage","Ghostly Armor"],"picked":"SKIP","floor":24},{"not_picked":["Anger","Bloodletting","Burning Pact","Heavy Blade"],"picked":"SKIP","floor":27}],"player_experience":1312774,"relics_obtained":[{"floor":7.0,"key":"Frozen Egg 2"},{"floor":9.0,"key":"Turnip"},{"floor":10.0,"key":"Nunchaku"},{"floor":14.0,"key":"Dream Catcher"},{"floor":26,"key":"MawBank"},{"floor":27,"key":"Anchor"}],"event_choices":[{"cards_removed":["Strike_R"],"damage_healed":0.0,"max_hp_gain":0.0,"max_hp_loss":0.0,"gold_gain":0.0,"event_name":"Golden Wing","player_choice":"Card Removal","floor":2.0,"gold_loss":0.0,"damage_taken":7.0},{"cards_removed":["Defend_R"],"damage_healed":0.0,"max_hp_gain":0.0,"max_hp_loss":0.0,"gold_gain":0.0,"event_name":"Purifier","player_choice":"Purged","floor":4.0,"gold_loss":0.0,"damage_taken":0.0},{"damage_healed":0.0,"max_hp_gain":0.0,"max_hp_loss":0.0,"gold_gain":0.0,"event_name":"Scrap Ooze","player_choice":"Success","floor":12.0,"gold_loss":0.0,"damage_taken":11.0,"relics_obtained":["Question Card"]},{"damage_healed":0.0,"max_hp_gain":0.0,"max_hp_loss":0.0,"gold_gain":0.0,"event_name":"Dead Adventurer","player_choice":"Searched \u00271\u0027 times","floor":14.0,"gold_loss":0.0,"damage_taken":0.0},{"damage_healed":0,"gold_gain":0,"player_choice":"Smashed Altar","damage_taken":0,"max_hp_gain":0,"max_hp_loss":0,"event_name":"Forgotten Altar","floor":22,"gold_loss":0,"cards_obtained":["Decay"]}],"is_beta":true,"boss_relics":[{"not_picked":["White Beast Statue","Empty Cage"],"picked":"Tiny House"}],"items_purged_floors":[],"is_endless":false,"potions_floor_spawned":[3,10,11,14,16,20,21,27],"killed_by":"Sentry and Sphere","ascension_level":20}