{"gold_per_floor":[113,131,131,74,74,74,90,240,240,240,291,312,327,357,357,450,450,469,469,483,17,17,17,37,37,37,61,61,61,84,84,84,179,179,200,221,221,234,94,94,132,153,177,177,302,345,365,381,381,381,381,381,381,58,58],"floor_reached":55,"playtime":3633,"items_purged":["Doubt","Zap+1"],"score":1934,"play_id":"32706f5c-fcba-4aca-9722-bf9236724a52","local_time":"20181112045821","is_ascension_mode":true,"campfire_choices":[{"floor":6.0,"key":"REST"},{"data":"Zap","floor":10.0,"key":"SMITH"},{"data":"Consume","floor":15.0,"key":"SMITH"},{"data":"Buffer","floor":23.0,"key":"SMITH"},{"floor":25.0,"key":"REST"},{"data":"Defragment","floor":32.0,"key":"SMITH"},{"floor":40.0,"key":"RECALL"},{"floor":49.0,"key":"REST"},{"floor":53.0,"key":"REST"}],"neow_cost":"PERCENT_DAMAGE","seed_source_timestamp":134040884943372,"circlet_count":0,"master_deck":["AscendersBane","Defend_B+1","Defend_B+1","Defend_B+1","Defend_B+1","Dualcast","Ball Lightning","Coolheaded","Go for the Eyes","Cold Snap","Consume+1","Ball Lightning","Steam","Multi-Cast","Buffer+1","White Noise","Defragment+1","Chill","Conserve Battery","White Noise+1","Force Field+1","Ghostly+1","Ghostly+1","Ghostly+1","Creative AI","Hologram+1","Leap+1","Chaos+1","Echo Form","Reprogram+1","Hologram+1","Seek+1"],"special_seed":0,"relics":["Cracked Core","Golden Idol","Pantograph","Strawberry","Inserter","Symbiotic Virus","Toxic Egg 2","Nilry\u0027s Codex","Fusion Hammer","Pen Nib","Dream Catcher","Mango","Mercury Hourglass","Runic Capacitor"],"potions_floor_usage":[],"damage_taken":[{"damage":7.0,"enemies":"Small Slimes","floor":1.0,"turns":3.0},{"damage":8.0,"enemies":"2 Louse","floor":2.0,"turns":3.0},{"damage":2.0,"enemies":"Jaw Worm","floor":7.0,"turns":4.0},{"damage":4.0,"enemies":"Looter","floor":12.0,"turns":3.0},{"damage":1.0,"enemies":"2 Fungi Beasts","floor":13.0,"turns":5.0},{"damage":52.0,"enemies":"The Guardian","floor":16.0,"turns":11.0},{"damage":0.0,"enemies":"Chosen","floor":18.0,"turns":5.0},{"damage":21.0,"enemies":"Spheric Guardian","floor":20.0,"turns":4.0},{"damage":16.0,"enemies":"Snake Plant","floor":24.0,"turns":4.0},{"damage":0.0,"enemies":"Snecko","floor":27.0,"turns":5.0},{"damage":12.0,"enemies":"Colosseum Slavers","floor":28.0,"turns":6.0},{"damage":0.0,"enemies":"Chosen and Byrds","floor":30.0,"turns":7.0},{"damage":25.0,"enemies":"Automaton","floor":33.0,"turns":13.0},{"damage":0.0,"enemies":"3 Darklings","floor":35.0,"turns":5.0},{"damage":0.0,"enemies":"3 Shapes","floor":36.0,"turns":7.0},{"damage":3.0,"enemies":"3 Darklings","floor":38.0,"turns":4.0},{"damage":14.0,"enemies":"Nemesis","floor":41.0,"turns":9.0},{"damage":0.0,"enemies":"Sphere and 2 Shapes","floor":42.0,"turns":8.0},{"damage":0.0,"enemies":"Mind Bloom Boss Battle","floor":45.0,"turns":7.0},{"damage":0.0,"enemies":"Reptomancer","floor":46.0,"turns":9.0},{"damage":1.0,"enemies":"Jaw Worm Horde","floor":47.0,"turns":6.0},{"damage":18.0,"enemies":"Transient","floor":48.0,"turns":6.0},{"damage":0.0,"enemies":"Donu and Deca","floor":50.0,"turns":14.0},{"damage":18.0,"enemies":"Awakened One","floor":51.0,"turns":19.0},{"damage":44,"enemies":"Shield and Spear","floor":55,"turns":3}],"seed_played":"8562503901141796060","potions_obtained":[{"floor":2.0,"key":"Dexterity Potion"},{"floor":7.0,"key":"SteroidPotion"},{"floor":12.0,"key":"Block Potion"},{"floor":20.0,"key":"FocusPotion"},{"floor":30.0,"key":"Explosive Potion"},{"floor":33.0,"key":"LiquidBronze"},{"floor":45.0,"key":"LiquidBronze"}],"is_trial":false,"path_per_floor":["M","M","?","$","?","R","M","?","T","R","T","M","M","?","R","B",null,"M","?","M","$","?","R","M","R","T","M","?","?","M","?","R","B",null,"M","M","?","M","$","R","E","M","T","?","?","E","M","M","R","B","B",null,"R","$","E"],"character_chosen":"DEFECT","items_purchased":["Go for the Eyes","Defragment","Chill","Symbiotic Virus","Dexterity Potion","Chaos+1","Runic Capacitor"],"campfire_rested":4,"item_purchase_floors":[4,21,21,21,39,39,54],"current_hp_per_floor":[39,31,31,31,13,32,30,30,30,30,37,33,32,32,32,5,55,55,55,34,34,34,34,18,39,39,39,27,6,6,6,6,6,28,28,28,28,25,25,25,11,11,11,11,47,47,46,28,42,47,29,43,47,47,3],"gold":58,"neow_bonus":"REMOVE_TWO","is_prod":false,"is_daily":false,"chose_seed":false,"campfire_upgraded":4,"win_rate":0,"timestamp":1542027501,"path_taken":["M","M","?","$","?","R","M","?","T","R","?","M","M","?","R","BOSS","M","?","M","$","?","R","M","R","T","M","?","?","M","?","R","BOSS","M","M","?","M","$","R","E","M","T","?","?","E","M","M","R","BOSS","BOSS","R","$","E"],"build_version":"2018-11-08","purchased_purges":2,"victory":false,"max_hp_per_floor":[71,71,64,64,64,64,64,64,64,64,71,71,71,71,71,71,71,71,71,71,71,71,71,71,71,71,71,71,71,71,35,35,35,35,35,35,35,35,35,35,35,35,35,33,47,47,47,47,47,47,47,47,47,47,47],"card_choices":[{"not_picked":["Compile Driver","Chill"],"picked":"Ball Lightning","floor":1.0},{"not_picked":["Beam Cell","Static Discharge"],"picked":"Coolheaded","floor":2.0},{"not_picked":["Aggregate","Blizzard"],"picked":"Cold Snap","floor":7.0},{"not_picked":["Stack","Cold Snap"],"picked":"Consume","floor":12.0},{"not_picked":["Machine Learning","Turbo"],"picked":"Ball Lightning","floor":13.0},{"not_picked":["Thunder Strike","Core Surge"],"picked":"Meteor Strike","floor":16.0},{"not_picked":["Beam Cell","Stack"],"picked":"Steam","floor":18.0},{"not_picked":["Ball Lightning","Streamline"],"picked":"White Noise","floor":20.0},{"not_picked":["Beam Cell","BootSequence"],"picked":"Conserve Battery","floor":24.0},{"not_picked":["Stack+1","Compile Driver"],"picked":"White Noise+1","floor":27.0},{"not_picked":["Streamline","FTL"],"picked":"Force Field+1","floor":30.0},{"not_picked":["Rainbow+1","Meteor Strike"],"picked":"Creative AI","floor":33.0},{"not_picked":["Scrape+1","Steam+1"],"picked":"Hologram+1","floor":35.0},{"not_picked":["Rebound+1","Hello World","Leap+1"],"picked":"SKIP","floor":36.0},{"not_picked":["Rebound+1","Hello World"],"picked":"Leap+1","floor":36.0},{"not_picked":["Melter","Turbo+1","Steam+1"],"picked":"SKIP","floor":38.0},{"not_picked":["Darkness+1","Doom and Gloom"],"picked":"Echo Form","floor":41.0},{"not_picked":["Fusion+1","Coolheaded+1","Streamline"],"picked":"SKIP","floor":42.0},{"not_picked":["Darkness+1","Core Surge"],"picked":"Reprogram+1","floor":46.0},{"not_picked":["Stack+1","Rebound"],"picked":"Hologram+1","floor":47.0},{"not_picked":["Streamline","Redo+1","Beam Cell"],"picked":"SKIP","floor":48.0},{"not_picked":["Redo+1","Sweeping Beam"],"picked":"Seek+1","floor":49.0}],"player_experience":900694,"relics_obtained":[{"floor":11.0,"key":"Strawberry"},{"floor":26.0,"key":"Toxic Egg 2"},{"floor":29.0,"key":"Nilry\u0027s Codex"},{"floor":41.0,"key":"Pen Nib"},{"floor":43.0,"key":"Dream Catcher"},{"floor":45.0,"key":"Mango"},{"floor":46.0,"key":"Mercury Hourglass"}],"event_choices":[{"damage_healed":0.0,"max_hp_gain":0.0,"max_hp_loss":7.0,"gold_gain":0.0,"event_name":"Golden Idol","player_choice":"Lose Max HP","floor":3.0,"gold_loss":0.0,"damage_taken":0.0,"relics_obtained":["Golden Idol"]},{"damage_healed":0.0,"max_hp_gain":0.0,"max_hp_loss":0.0,"gold_gain":0.0,"event_name":"Scrap Ooze","player_choice":"Success","floor":5.0,"gold_loss":0.0,"damage_taken":18.0,"relics_obtained":["Pantograph"]},{"damage_healed":0.0,"max_hp_gain":0.0,"max_hp_loss":0.0,"gold_gain":150.0,"event_name":"Liars Game","player_choice":"AGREE","floor":8.0,"gold_loss":0.0,"damage_taken":0.0,"cards_obtained":["Doubt"]},{"damage_healed":0.0,"max_hp_gain":0.0,"max_hp_loss":0.0,"gold_gain":30.0,"event_name":"Dead Adventurer","player_choice":"Searched \u00272\u0027 times","floor":14.0,"gold_loss":0.0,"damage_taken":0.0},{"damage_healed":0.0,"max_hp_gain":0.0,"max_hp_loss":0.0,"gold_gain":0.0,"cards_transformed":["Meteor Strike","Strike_B"],"event_name":"Drug Dealer","player_choice":"Became Test Subject","floor":19.0,"gold_loss":0.0,"damage_taken":0.0,"cards_obtained":["Multi-Cast","Buffer"]},{"damage_healed":0.0,"max_hp_gain":0.0,"max_hp_loss":0.0,"gold_gain":0.0,"event_name":"Back to Basics","player_choice":"Simplicity","floor":22.0,"gold_loss":0.0,"damage_taken":0.0,"cards_upgraded":["Strike_B","Defend_B","Defend_B","Defend_B","Defend_B"]},{"damage_healed":0.0,"max_hp_gain":0.0,"max_hp_loss":0.0,"gold_gain":0.0,"event_name":"Colosseum","player_choice":"Fight","floor":28.0,"gold_loss":0.0,"damage_taken":0.0},{"damage_healed":0.0,"max_hp_gain":0.0,"max_hp_loss":0.0,"gold_gain":0.0,"event_name":"Colosseum","player_choice":"Fled From Nobs","floor":28.0,"gold_loss":0.0,"damage_taken":0.0},{"damage_healed":0.0,"max_hp_gain":0.0,"max_hp_loss":0.0,"gold_gain":0.0,"event_name":"Cursed Tome","player_choice":"Obtained Book","floor":29.0,"gold_loss":0.0,"damage_taken":21.0},{"damage_healed":0.0,"max_hp_gain":0.0,"max_hp_loss":36.0,"gold_gain":0.0,"event_name":"Ghosts","player_choice":"Became a Ghost","floor":31.0,"gold_loss":0.0,"damage_taken":0.0,"cards_obtained":["Ghostly","Ghostly","Ghostly"]},{"cards_removed":["Strike_B"],"damage_healed":0.0,"max_hp_gain":0.0,"max_hp_loss":0.0,"gold_gain":0.0,"event_name":"Falling","player_choice":"Removed Attack","floor":37.0,"gold_loss":0.0,"damage_taken":0.0},{"damage_healed":0.0,"max_hp_gain":0.0,"max_hp_loss":2.0,"gold_gain":0.0,"event_name":"Winding Halls","player_choice":"Max HP","floor":44.0,"gold_loss":0.0,"damage_taken":0.0},{"damage_healed":0.0,"max_hp_gain":0.0,"max_hp_loss":0.0,"gold_gain":0.0,"event_name":"MindBloom","player_choice":"Fight","floor":45.0,"gold_loss":0.0,"damage_taken":0.0}],"is_beta":true,"boss_relics":[{"not_picked":["Black Star","Pandora\u0027s Box"],"picked":"Inserter"},{"not_picked":["FrozenCore","Sozu"],"picked":"Fusion Hammer"}],"items_purged_floors":[21,54],"is_endless":false,"potions_floor_spawned":[2,7,12,20,28,30,33,36,41,45,47],"killed_by":"Shield and Spear","ascension_level":20}