{"gold_per_floor":[116,134,134,134,154,154,181,181,233,233,266,266,296,315,315,389,389,346,194,194,211,222,222,222],"floor_reached":24,"playtime":933,"items_purged":[],"score":428,"play_id":"616d3b9d-867b-495e-8006-6d15a857de3c","local_time":"20190315002906","is_ascension_mode":true,"campfire_choices":[{"data":"Defragment","floor":6,"key":"SMITH"},{"floor":8,"key":"REST"},{"data":"Zap","floor":10,"key":"SMITH"},{"floor":12,"key":"REST"},{"data":"Reinforced Body","floor":15,"key":"SMITH"},{"data":"Ghostly","floor":23,"key":"SMITH"}],"neow_cost":"NONE","seed_source_timestamp":2137368742647,"circlet_count":0,"master_deck":["AscendersBane","Strike_B+1","Strike_B","Strike_B","Defend_B","Defend_B","Defend_B","Defend_B","Zap+1","Dualcast+1","Reinforced Body+1","Defragment+1","Capacitor","Cold Snap","Glacier","Conserve Battery","Echo Form","Ball Lightning","Fission","Ghostly+1","Ghostly","Ghostly","Undo"],"relics":["Cracked Core","Ancient Tea Set","Orichalcum","Juzu Bracelet","Happy Flower","Cursed Key"],"potions_floor_usage":[7,13],"damage_taken":[{"damage":0,"enemies":"2 Louse","floor":1,"turns":3},{"damage":2,"enemies":"Jaw Worm","floor":2,"turns":4},{"damage":0,"enemies":"Cultist","floor":5,"turns":3},{"damage":29,"enemies":"Gremlin Nob","floor":7,"turns":4},{"damage":13,"enemies":"3 Sentries","floor":11,"turns":9},{"damage":7,"enemies":"Gremlin Nob","floor":13,"turns":7},{"damage":0,"enemies":"Red Slaver","floor":14,"turns":4},{"damage":11,"enemies":"Slime Boss","floor":16,"turns":18},{"damage":14,"enemies":"2 Thieves","floor":18,"turns":5},{"damage":4,"enemies":"Spheric Guardian","floor":21,"turns":6},{"damage":13,"enemies":"Cultist and Chosen","floor":22,"turns":7},{"damage":20,"enemies":"Slavers","floor":24,"turns":4}],"seed_played":"7750069340999481679","potions_obtained":[{"floor":1,"key":"SpeedPotion"},{"floor":4,"key":"Swift Potion"},{"floor":5,"key":"Weak Potion"},{"floor":7,"key":"Swift Potion"},{"floor":16,"key":"Energy Potion"}],"is_trial":false,"path_per_floor":["M","M","?","?","M","R","E","R","T","R","E","R","E","M","R","B",null,"M","$","?","M","M","R","E"],"character_chosen":"DEFECT","items_purchased":["Fission"],"campfire_rested":2,"item_purchase_floors":[19],"current_hp_per_floor":[64,62,41,41,41,41,12,33,33,33,20,41,34,34,34,23,59,45,45,35,31,18,18,0],"gold":222,"neow_bonus":"TRANSFORM_CARD","is_prod":false,"is_daily":false,"chose_seed":false,"campfire_upgraded":4,"win_rate":0,"timestamp":1552634946,"path_taken":["M","M","?","?","?","R","E","R","T","R","E","R","E","M","R","BOSS","M","?","?","M","M","R","E"],"build_version":"2019-02-06","purchased_purges":0,"victory":false,"max_hp_per_floor":[71,71,71,71,71,71,71,71,71,71,71,71,71,71,71,71,71,71,71,35,35,35,35,35],"card_choices":[{"not_picked":["Melter","Redo","Turbo"],"picked":"SKIP","floor":1},{"not_picked":["Darkness","Consume"],"picked":"Defragment","floor":2},{"not_picked":["Loop","FTL"],"picked":"Capacitor","floor":5},{"not_picked":["Rainbow","Scrape"],"picked":"Cold Snap","floor":7},{"not_picked":["Conserve Battery","BootSequence"],"picked":"Glacier","floor":11},{"not_picked":["Compile Driver","Redo","Go for the Eyes"],"picked":"SKIP","floor":13},{"not_picked":["Beam Cell","Melter"],"picked":"Conserve Battery","floor":14},{"not_picked":["Meteor Strike","Buffer"],"picked":"Echo Form","floor":16},{"not_picked":["Compile Driver","Barrage"],"picked":"Ball Lightning","floor":18},{"not_picked":["Beam Cell","Steam","Conserve Battery+1"],"picked":"SKIP","floor":21},{"not_picked":["Sweeping Beam","Fusion"],"picked":"Undo","floor":22}],"player_experience":1360126,"relics_obtained":[{"floor":7,"key":"Ancient Tea Set"},{"floor":9,"key":"Orichalcum"},{"floor":11,"key":"Juzu Bracelet"},{"floor":13,"key":"Happy Flower"}],"event_choices":[{"damage_healed":0,"gold_gain":0,"player_choice":"Entered Light","damage_taken":21,"max_hp_gain":0,"max_hp_loss":0,"event_name":"Shining Light","floor":3,"gold_loss":0,"cards_upgraded":["Strike_B","Dualcast"]},{"damage_healed":0,"gold_gain":0,"player_choice":"Got Potions","damage_taken":0,"max_hp_gain":0,"max_hp_loss":0,"event_name":"Lab","floor":4,"gold_loss":0},{"damage_healed":0,"gold_gain":0,"player_choice":"Became a Ghost","damage_taken":0,"max_hp_gain":0,"max_hp_loss":36,"event_name":"Ghosts","floor":20,"gold_loss":0,"cards_obtained":["Ghostly","Ghostly","Ghostly"]}],"is_beta":true,"boss_relics":[{"not_picked":["Runic Pyramid","Lizard Tail"],"picked":"Cursed Key"}],"items_purged_floors":[],"is_endless":false,"potions_floor_spawned":[1,5,7,16],"killed_by":"Slavers","ascension_level":20}