{"gold_per_floor":[116,41,41,57,76,76,137,162,462,462,306,320,348,36,36,36],"floor_reached":16,"playtime":599,"items_purged":["Strike_R"],"score":216,"play_id":"adc0e1b3-23a4-4095-bbc6-50ae3345fcf6","local_time":"20190215225731","is_ascension_mode":true,"campfire_choices":[{"data":"Perfected Strike","floor":6.0,"key":"SMITH"},{"floor":10.0,"key":"REST"},{"data":"Spot Weakness","floor":15.0,"key":"SMITH"}],"neow_cost":"CURSE","seed_source_timestamp":1847899618759888,"circlet_count":0,"master_deck":["AscendersBane","Strike_R","Strike_R","Strike_R","Strike_R","Defend_R","Defend_R","Defend_R","Defend_R","Bash+1","Reaper","Sword Boomerang","Perfected Strike+1","Spot Weakness+1","Evolve","Anger","Shrug It Off","Fiend Fire"],"special_seed":0,"relics":["Burning Blood","Ice Cream","Old Coin","Omamori","PreservedInsect"],"potions_floor_usage":[16],"damage_taken":[{"damage":15.0,"enemies":"Small Slimes","floor":1.0,"turns":5.0},{"damage":14.0,"enemies":"Jaw Worm","floor":4.0,"turns":4.0},{"damage":12.0,"enemies":"Cultist","floor":5.0,"turns":4.0},{"damage":40.0,"enemies":"3 Sentries","floor":8.0,"turns":10.0},{"damage":14.0,"enemies":"Blue Slaver","floor":12.0,"turns":4.0},{"damage":32.0,"enemies":"Gremlin Nob","floor":13.0,"turns":4.0},{"damage":32,"enemies":"Hexaghost","floor":16,"turns":8}],"seed_played":"-1288757217432513361","potions_obtained":[{"floor":5.0,"key":"Swift Potion"},{"floor":8.0,"key":"Dexterity Potion"},{"floor":12.0,"key":"Energy Potion"}],"is_trial":false,"path_per_floor":["M","?","?","M","M","R","?","E","T","R","$","M","E","$","R","B"],"character_chosen":"IRONCLAD","items_purchased":["Evolve","PreservedInsect","Fiend Fire"],"campfire_rested":1,"item_purchase_floors":[11,14,14],"current_hp_per_floor":[63,63,63,61,59,59,59,29,29,50,50,49,27,27,27,7],"gold":36,"neow_bonus":"THREE_RARE_CARDS","is_prod":false,"is_daily":false,"chose_seed":false,"campfire_upgraded":2,"win_rate":0,"timestamp":1550300251,"path_taken":["M","?","?","M","M","R","?","E","T","R","$","M","E","$","R","BOSS"],"build_version":"2019-02-06","purchased_purges":1,"victory":false,"max_hp_per_floor":[75,72,72,72,72,72,72,72,72,72,72,72,72,72,72,72],"card_choices":[{"not_picked":["Dark Embrace","Brutality"],"picked":"Reaper","floor":0.0},{"not_picked":["True Grit","Armaments"],"picked":"Sword Boomerang","floor":1.0},{"not_picked":["Wild Strike","True Grit"],"picked":"Perfected Strike","floor":4.0},{"not_picked":["Brutality","Infernal Blade","Bloodletting"],"picked":"SKIP","floor":5.0},{"not_picked":["Sentinel","Armaments"],"picked":"Spot Weakness","floor":8.0},{"not_picked":["Heavy Blade","Dropkick"],"picked":"Anger","floor":12.0},{"not_picked":["Twin Strike","Iron Wave"],"picked":"Shrug It Off","floor":13.0}],"player_experience":1180543,"relics_obtained":[{"floor":8.0,"key":"Ice Cream"},{"floor":9.0,"key":"Old Coin"},{"floor":13.0,"key":"Omamori"}],"event_choices":[{"cards_removed":["Parasite"],"damage_healed":0.0,"max_hp_gain":0.0,"max_hp_loss":0.0,"gold_gain":0.0,"event_name":"The Cleric","player_choice":"Card Removal","floor":2.0,"gold_loss":75.0,"damage_taken":0.0},{"damage_healed":0.0,"max_hp_gain":0.0,"max_hp_loss":0.0,"gold_gain":0.0,"event_name":"Living Wall","player_choice":"Grow","floor":3.0,"gold_loss":0.0,"damage_taken":0.0,"cards_upgraded":["Bash"]},{"damage_healed":0.0,"max_hp_gain":0.0,"max_hp_loss":0.0,"gold_gain":61.0,"event_name":"Golden Wing","player_choice":"Gained Gold","floor":7.0,"gold_loss":0.0,"damage_taken":0.0}],"is_beta":true,"boss_relics":[],"items_purged_floors":[11],"is_endless":false,"potions_floor_spawned":[5,8,12],"killed_by":"Hexaghost","ascension_level":20}