{"gold_per_floor":[115,135,56,56,56,56,71,98,98,114,114,124,152,169,169,169],"floor_reached":16,"playtime":705,"items_purged":[],"score":224,"play_id":"647799fd-4ff3-4474-b248-0fbacf467bdf","local_time":"20190215040019","is_ascension_mode":true,"campfire_choices":[{"data":"Footwork","floor":6.0,"key":"SMITH"},{"data":"Envenom","floor":11.0,"key":"SMITH"},{"floor":15.0,"key":"REST"}],"neow_cost":"NONE","seed_source_timestamp":1808882939972950,"circlet_count":0,"master_deck":["AscendersBane","Defend_G","Defend_G","Defend_G","Defend_G","Defend_G","Strike_G","Strike_G","Strike_G","Strike_G","Strike_G","Survivor","Neutralize+1","Escape Plan","Footwork+1","Well Laid Plans","Backstab","Envenom+1","Deflect","Bane","Dash+1","Crippling Poison"],"special_seed":0,"relics":["Ring of the Snake","Ornamental Fan","Bag of Preparation","Molten Egg 2"],"potions_floor_usage":[16],"damage_taken":[{"damage":2.0,"enemies":"2 Louse","floor":1.0,"turns":4.0},{"damage":4.0,"enemies":"Cultist","floor":2.0,"turns":4.0},{"damage":4.0,"enemies":"Small Slimes","floor":7.0,"turns":4.0},{"damage":12.0,"enemies":"3 Sentries","floor":8.0,"turns":7.0},{"damage":2.0,"enemies":"Exordium Wildlife","floor":10.0,"turns":3.0},{"damage":5.0,"enemies":"Gremlin Gang","floor":12.0,"turns":7.0},{"damage":32.0,"enemies":"Gremlin Nob","floor":13.0,"turns":4.0},{"damage":0.0,"enemies":"Blue Slaver","floor":14.0,"turns":3.0},{"damage":16,"enemies":"Slime Boss","floor":16,"turns":10}],"seed_played":"4704096016217228416","potions_obtained":[{"floor":2.0,"key":"AttackPotion"},{"floor":10.0,"key":"Fruit Juice"},{"floor":12.0,"key":"AttackPotion"},{"floor":14.0,"key":"Ancient Potion"}],"is_trial":false,"path_per_floor":["M","M","$","?","$","R","M","E","T","M","R","M","E","M","R","B"],"character_chosen":"THE_SILENT","items_purchased":["Well Laid Plans"],"campfire_rested":1,"item_purchase_floors":[3],"current_hp_per_floor":[57,53,53,53,53,53,49,37,37,35,35,30,3,3,24,8],"gold":169,"neow_bonus":"UPGRADE_CARD","is_prod":false,"is_daily":false,"chose_seed":false,"campfire_upgraded":2,"win_rate":0,"timestamp":1550232019,"path_taken":["M","M","$","?","?","R","?","E","T","M","R","M","E","M","R","BOSS"],"build_version":"2019-02-06","purchased_purges":0,"victory":false,"max_hp_per_floor":[66,66,66,66,66,66,66,66,66,66,66,66,71,71,71,71],"card_choices":[{"not_picked":["Slice","Deflect"],"picked":"Escape Plan","floor":1.0},{"not_picked":["Slice","Poisoned Stab"],"picked":"Footwork","floor":2.0},{"not_picked":["Dagger Spray","Deflect"],"picked":"Backstab","floor":7.0},{"not_picked":["Blur","Acrobatics"],"picked":"Envenom","floor":8.0},{"not_picked":["Sucker Punch","Bane"],"picked":"Deflect","floor":10.0},{"not_picked":["Backflip","Deflect"],"picked":"Bane","floor":12.0},{"not_picked":["Bane","Setup"],"picked":"Dash","floor":13.0},{"not_picked":["Deadly Poison","Prepared"],"picked":"Crippling Poison","floor":14.0}],"player_experience":1174593,"relics_obtained":[{"floor":4.0,"key":"Ornamental Fan"},{"floor":8.0,"key":"Bag of Preparation"},{"floor":13.0,"key":"Molten Egg 2"}],"event_choices":[{"damage_healed":0.0,"max_hp_gain":0.0,"max_hp_loss":0.0,"gold_gain":0.0,"event_name":"Wheel of Change","player_choice":"Relic","floor":4.0,"gold_loss":0.0,"damage_taken":0.0}],"is_beta":true,"boss_relics":[],"items_purged_floors":[],"is_endless":false,"potions_floor_spawned":[2,10,12,14],"killed_by":"Slime Boss","ascension_level":20}