{"gold_per_floor":[118,136,136,136,156,187,187,202,202,226,245,245,264,298,298,394,394,409,61,77,93,143,143,143],"floor_reached":24,"playtime":792,"items_purged":["Dualcast"],"score":420,"play_id":"4bac66cf-8898-4543-8ce9-0901098744f8","local_time":"20190124010447","is_ascension_mode":true,"campfire_choices":[{"data":"Loop","floor":7.0,"key":"SMITH"},{"data":"Capacitor","floor":15.0,"key":"SMITH"},{"floor":23,"key":"REST"}],"neow_cost":"NONE","seed_source_timestamp":412087964996925,"circlet_count":0,"master_deck":["AscendersBane","Defend_B","Defend_B","Defend_B","Defend_B","Zap","Loop+1","Ball Lightning","Coolheaded","Leap+1","Steam+1","Go for the Eyes","Ball Lightning","Capacitor+1","Thunder Strike","Hello World+1","Hyperbeam+1","Defragment+1","Storm","Heatsinks","Tempest+1","Undo+1","Cold Snap"],"special_seed":0,"relics":["Cracked Core","NeowsBlessing","Golden Idol","Toxic Egg 2","Ornamental Fan","Pear","Astrolabe"],"potions_floor_usage":[18,20,21,21,24],"damage_taken":[{"damage":0.0,"enemies":"Cultist","floor":1.0,"turns":1.0},{"damage":0.0,"enemies":"2 Louse","floor":2.0,"turns":1.0},{"damage":0.0,"enemies":"Small Slimes","floor":5.0,"turns":1.0},{"damage":14.0,"enemies":"Lagavulin","floor":6.0,"turns":7.0},{"damage":7.0,"enemies":"2 Fungi Beasts","floor":8.0,"turns":3.0},{"damage":18.0,"enemies":"Lots of Slimes","floor":10.0,"turns":4.0},{"damage":11.0,"enemies":"Large Slime","floor":11.0,"turns":6.0},{"damage":4.0,"enemies":"Red Slaver","floor":13.0,"turns":4.0},{"damage":27.0,"enemies":"3 Sentries","floor":14.0,"turns":8.0},{"damage":26.0,"enemies":"Hexaghost","floor":16.0,"turns":9.0},{"damage":19,"enemies":"2 Thieves","floor":18,"turns":2},{"damage":12,"enemies":"3 Byrds","floor":20,"turns":4},{"damage":33,"enemies":"Centurion and Healer","floor":21,"turns":7},{"damage":18,"enemies":"Slavers","floor":24,"turns":2}],"seed_played":"4396606875997137681","potions_obtained":[{"floor":1.0,"key":"Strength Potion"},{"floor":10.0,"key":"Strength Potion"},{"floor":11.0,"key":"Regen Potion"},{"floor":16.0,"key":"SkillPotion"},{"floor":20,"key":"Regen Potion"},{"floor":21,"key":"Energy Potion"}],"is_trial":false,"path_per_floor":["M","M","?","?","M","E","R","M","T","M","M","?","M","E","R","B",null,"M","$","M","M","?","R","E"],"character_chosen":"DEFECT","items_purchased":["Heatsinks","Tempest+1","Fire Potion","Block Potion"],"campfire_rested":1,"item_purchase_floors":[19,19,19,19],"current_hp_per_floor":[64,64,57,57,57,43,43,36,36,18,7,64,60,43,43,32,64,45,45,33,5,5,27,9],"gold":143,"neow_bonus":"THREE_ENEMY_KILL","is_prod":false,"is_daily":false,"chose_seed":false,"campfire_upgraded":2,"win_rate":0,"timestamp":1548320687,"path_taken":["M","?","?","?","M","E","R","M","T","M","M","?","M","E","R","BOSS","M","$","M","?","?","R","E"],"build_version":"2019-01-23","purchased_purges":1,"victory":false,"max_hp_per_floor":[71,71,71,64,64,64,64,64,64,64,64,64,64,74,74,74,74,74,74,74,74,74,74,74],"card_choices":[{"not_picked":["Redo","Rebound"],"picked":"Loop","floor":1.0},{"not_picked":["Beam Cell","Redo"],"picked":"Ball Lightning","floor":2.0},{"not_picked":["Stack","Compile Driver"],"picked":"Coolheaded","floor":5.0},{"not_picked":["Multi-Cast","Capacitor"],"picked":"Leap","floor":6.0},{"not_picked":["Force Field+1","Aggregate+1"],"picked":"Steam+1","floor":8.0},{"not_picked":["Redo+1","Heatsinks"],"picked":"Fusion+1","floor":10.0},{"not_picked":["Beam Cell","Melter"],"picked":"Go for the Eyes","floor":11.0},{"not_picked":["Steam+1","Steam Power+1"],"picked":"Ball Lightning","floor":13.0},{"not_picked":["Conserve Battery+1","Machine Learning"],"picked":"Capacitor","floor":14.0},{"not_picked":["Creative AI","All For One"],"picked":"Thunder Strike","floor":16.0},{"not_picked":["Beam Cell","Scrape"],"picked":"Storm","floor":18},{"not_picked":["Leap+1","Compile Driver"],"picked":"Undo+1","floor":20},{"not_picked":["BootSequence+1","Loop"],"picked":"Cold Snap","floor":21}],"player_experience":1025234,"relics_obtained":[{"floor":6.0,"key":"Toxic Egg 2"},{"floor":9.0,"key":"Ornamental Fan"},{"floor":14.0,"key":"Pear"}],"event_choices":[{"cards_removed":["Strike_B"],"damage_healed":0.0,"max_hp_gain":0.0,"max_hp_loss":0.0,"gold_gain":0.0,"event_name":"Golden Wing","player_choice":"Card Removal","floor":3.0,"gold_loss":0.0,"damage_taken":7.0},{"damage_healed":0.0,"max_hp_gain":0.0,"max_hp_loss":7.0,"gold_gain":0.0,"event_name":"Golden Idol","player_choice":"Lose Max HP","floor":4.0,"gold_loss":0.0,"damage_taken":0.0,"relics_obtained":["Golden Idol"]},{"cards_removed":["Fusion"],"damage_healed":57.0,"max_hp_gain":0.0,"max_hp_loss":0.0,"gold_gain":0.0,"event_name":"Bonfire Elementals","player_choice":"Offered Uncommon","floor":12.0,"gold_loss":0.0,"damage_taken":0.0},{"damage_healed":0,"gold_gain":50,"player_choice":"Pray","damage_taken":0,"max_hp_gain":0,"max_hp_loss":0,"event_name":"Golden Shrine","floor":22,"gold_loss":0}],"is_beta":true,"boss_relics":[{"not_picked":["FrozenCore","Runic Pyramid"],"picked":"Astrolabe"}],"items_purged_floors":[19],"is_endless":false,"potions_floor_spawned":[1,10,11,16,20,21],"killed_by":"Slavers","ascension_level":20}