{"gold_per_floor":[110,110,385,160,110,145,145,177,228,259,276,302,337,355,355,458,458,478,478,91,108,120,152,152,152,178,128,160,179,189,264,264,368,368,386,397,397,397,407,407],"floor_reached":40,"playtime":1491,"items_purged":["Regret","Strike_R"],"score":545,"play_id":"77e72aff-215e-4b96-8f21-9d9cb31d5ff8","local_time":"20190325113841","is_ascension_mode":true,"campfire_choices":[{"floor":7,"key":"REST"},{"floor":15,"key":"REST"},{"floor":24,"key":"REST"},{"floor":32,"key":"REST"}],"neow_cost":"NONE","seed_source_timestamp":355843789605095,"circlet_count":0,"master_deck":["Strike_R","Strike_R","Strike_R","Defend_R","Defend_R","Defend_R","Defend_R","Bash","Armaments","Twin Strike","Rampage","Headbutt","Reaper","Rampage","Flex+1","Exhume+1","Shrug It Off+1","Intimidate+1","Armaments+1","Headbutt+1","Burning Pact+1","Thunderclap","True Grit+1","Dual Wield+1"],"relics":["Black Blood","Vajra","Bag of Marbles","Toxic Egg 2","Pen Nib","Bag of Preparation","Odd Mushroom","Bottled Flame","Black Star","Kunai","Magic Flower","Regal Pillow","Ginger","Anchor","Smiling Mask","Dodecahedron","Dead Branch"],"potions_floor_usage":[8,16,16,23,30,33,39],"damage_taken":[{"damage":6,"enemies":"Cultist","floor":1,"turns":3},{"damage":55,"enemies":"3 Sentries","floor":6,"turns":14},{"damage":25,"enemies":"Lagavulin","floor":8,"turns":5},{"damage":25,"enemies":"3 Sentries","floor":10,"turns":10},{"damage":0,"enemies":"2 Louse","floor":11,"turns":1},{"damage":10,"enemies":"The Mushroom Lair","floor":12,"turns":3},{"damage":16,"enemies":"Gremlin Nob","floor":13,"turns":3},{"damage":2,"enemies":"Jaw Worm","floor":14,"turns":3},{"damage":30,"enemies":"Hexaghost","floor":16,"turns":11},{"damage":34,"enemies":"Shell Parasite","floor":18,"turns":5},{"damage":28,"enemies":"2 Thieves","floor":21,"turns":4},{"damage":58,"enemies":"Snake Plant","floor":22,"turns":5},{"damage":78,"enemies":"Gremlin Leader","floor":23,"turns":9},{"damage":52,"enemies":"Slavers","floor":28,"turns":6},{"damage":23,"enemies":"Centurion and Healer","floor":29,"turns":9},{"damage":40,"enemies":"Sentry and Sphere","floor":30,"turns":7},{"damage":135,"enemies":"Collector","floor":33,"turns":15},{"damage":1,"enemies":"Orb Walker","floor":35,"turns":2},{"damage":71,"enemies":"3 Darklings","floor":36,"turns":7},{"damage":14,"enemies":"Sphere and 2 Shapes","floor":39,"turns":5},{"damage":40,"enemies":"Reptomancer","floor":40,"turns":3}],"seed_played":"-8045960289146743668","potions_obtained":[{"floor":6,"key":"FearPotion"},{"floor":13,"key":"Swift Potion"},{"floor":14,"key":"Block Potion"},{"floor":16,"key":"Regen Potion"},{"floor":21,"key":"BloodPotion"},{"floor":22,"key":"FairyPotion"},{"floor":28,"key":"Explosive Potion"},{"floor":30,"key":"Poison Potion"},{"floor":36,"key":"AttackPotion"}],"is_trial":false,"path_per_floor":["M","$","?","$","?","E","R","E","T","E","M","?","E","M","R","B",null,"M","?","$","M","M","E","R","?","T","?","E","M","M","T","R","B",null,"M","M","?","T","M","E"],"character_chosen":"IRONCLAD","items_purchased":["Bag of Marbles","Magic Flower"],"campfire_rested":4,"item_purchase_floors":[4,20],"current_hp_per_floor":[80,80,80,80,80,31,55,36,36,17,23,19,9,13,37,20,80,52,52,52,54,20,27,66,51,51,51,58,62,31,31,71,18,85,85,29,29,29,30,18],"gold":407,"neow_bonus":"RANDOM_COMMON_RELIC","is_prod":false,"is_daily":false,"chose_seed":false,"campfire_upgraded":0,"win_rate":0,"timestamp":1553513921,"path_taken":["M","$","?","?","?","E","R","E","T","E","?","?","E","M","R","BOSS","M","?","$","M","?","E","R","?","T","?","E","?","M","?","R","BOSS","M","M","?","?","M","E"],"build_version":"2019-01-23","purchased_purges":2,"victory":false,"max_hp_per_floor":[80,80,80,80,80,80,80,80,80,80,80,80,80,80,80,80,80,80,80,80,80,80,80,80,85,85,85,85,85,85,85,85,85,85,85,85,85,85,85,85],"card_choices":[{"not_picked":["True Grit","Shockwave"],"picked":"Armaments","floor":1},{"not_picked":["Evolve","Perfected Strike"],"picked":"Twin Strike","floor":6},{"not_picked":["Warcry+1","Wild Strike","Heavy Blade"],"picked":"SKIP","floor":8},{"not_picked":["Thunderclap","Sword Boomerang"],"picked":"Rampage","floor":10},{"not_picked":["Entrench+1","Battle Trance+1"],"picked":"Headbutt","floor":11},{"not_picked":["Havoc+1","Bloodletting+1"],"picked":"Reaper","floor":12},{"not_picked":["Warcry+1","Perfected Strike"],"picked":"Rampage","floor":13},{"not_picked":["Uppercut","Havoc+1"],"picked":"Flex+1","floor":14},{"not_picked":["Berserk","Barricade"],"picked":"Exhume+1","floor":16},{"not_picked":["Sword Boomerang","Iron Wave+1"],"picked":"Shrug It Off+1","floor":18},{"not_picked":["Wild Strike","Perfected Strike"],"picked":"Intimidate+1","floor":21},{"not_picked":["Cleave+1","Thunderclap"],"picked":"Armaments+1","floor":22},{"not_picked":["Anger","Perfected Strike"],"picked":"Headbutt+1","floor":23},{"not_picked":["Clash+1","Sword Boomerang+1"],"picked":"Burning Pact+1","floor":28},{"not_picked":["Iron Wave","Wild Strike+1"],"picked":"Thunderclap","floor":29},{"not_picked":["Pommel Strike","Fire Breathing","Clothesline"],"picked":"SKIP","floor":30},{"not_picked":["Warcry+1","Flex+1"],"picked":"True Grit+1","floor":35},{"not_picked":["Armaments+1","Body Slam+1"],"picked":"Dual Wield+1","floor":36},{"not_picked":["Power Through+1","Clothesline","Clash+1"],"picked":"SKIP","floor":39}],"player_experience":327998,"relics_obtained":[{"floor":6,"key":"Toxic Egg 2"},{"floor":8,"key":"Pen Nib"},{"floor":9,"key":"Bag of Preparation"},{"floor":12,"key":"Odd Mushroom"},{"floor":13,"key":"Bottled Flame"},{"floor":23,"key":"Regal Pillow"},{"floor":23,"key":"Ginger"},{"floor":26,"key":"Anchor"},{"floor":28,"key":"Smiling Mask"},{"floor":31,"key":"Dodecahedron"},{"floor":38,"key":"Dead Branch"}],"event_choices":[{"damage_healed":0,"gold_gain":275,"player_choice":"Desecrate","damage_taken":0,"max_hp_gain":0,"max_hp_loss":0,"event_name":"Golden Shrine","floor":3,"gold_loss":0,"cards_obtained":["Regret"]},{"cards_removed":["Strike_R"],"damage_healed":0,"gold_gain":0,"player_choice":"Card Removal","damage_taken":0,"max_hp_gain":0,"max_hp_loss":0,"event_name":"The Cleric","floor":5,"gold_loss":50},{"damage_healed":0,"gold_gain":0,"player_choice":"Fought Mushrooms","damage_taken":0,"max_hp_gain":0,"max_hp_loss":0,"event_name":"Mushrooms","floor":12,"gold_loss":0},{"damage_healed":0,"gold_gain":0,"player_choice":"Gave Potion","damage_taken":0,"relics_obtained":["Kunai"],"max_hp_gain":0,"max_hp_loss":0,"event_name":"WeMeetAgain","floor":19,"gold_loss":0},{"damage_healed":0,"gold_gain":0,"player_choice":"Shed Blood","damage_taken":20,"max_hp_gain":5,"max_hp_loss":0,"event_name":"Forgotten Altar","floor":25,"gold_loss":0},{"damage_healed":0,"gold_gain":0,"player_choice":"Bet on Murderer","damage_taken":0,"max_hp_gain":0,"max_hp_loss":0,"event_name":"The Joust","floor":27,"gold_loss":50},{"damage_healed":0,"gold_gain":0,"player_choice":"Ignored","damage_taken":0,"max_hp_gain":0,"max_hp_loss":0,"event_name":"Tomb of Lord Red Mask","floor":37,"gold_loss":0}],"is_beta":false,"boss_relics":[{"not_picked":["Tiny House","Fusion Hammer"],"picked":"Black Star"},{"not_picked":["Mark of Pain","Lizard Tail"],"picked":"Black Blood"}],"items_purged_floors":[4,20],"is_endless":false,"potions_floor_spawned":[6,13,14,16,21,22,28,30,36],"killed_by":"Reptomancer","ascension_level":3}