{"gold_per_floor":[110,120,130,130,405,439,439,459,459,474,46,56,73,86,86,164,164,179,179,193,207,207,207,22,22,22,57,71,82,30,65,65,143,143,155,205,220,231,65,90,107,107,186,203,223,248,248,42,42,42,42,42,42,42,67,67],"floor_reached":57,"playtime":2841,"items_purged":["Regret","Perfected Strike","Shame"],"score":2766,"play_id":"23d86ffc-f6eb-45bc-bdb7-81483ccdce2e","local_time":"20190310010718","is_ascension_mode":true,"campfire_choices":[{"data":"Bash","floor":7.0,"key":"SMITH"},{"data":"Inflame","floor":15.0,"key":"SMITH"},{"data":"Sword Boomerang","floor":23.0,"key":"SMITH"},{"data":"Flame Barrier","floor":25.0,"key":"SMITH"},{"data":"Spot Weakness","floor":32.0,"key":"SMITH"},{"data":"Limit Break","floor":42.0,"key":"SMITH"},{"floor":49.0,"key":"RECALL"},{"data":"Offering","floor":53.0,"key":"SMITH"}],"neow_cost":"NONE","seed_source_timestamp":0,"circlet_count":0,"master_deck":["AscendersBane","Defend_R","Defend_R","Defend_R+1","Defend_R","Bash+1","Headbutt+1","Shockwave","Feed","Shrug It Off","Inflame+1","Flame Barrier+1","Anger","Impervious","Sword Boomerang+1","Cleave+1","Bite","Bite","Bite","Bite","Bite","Reaper","Writhe","Feel No Pain","Sword Boomerang","Immolate","Shrug It Off","Spot Weakness+1","Limit Break+1","Offering+1","Demon Form","Battle Trance","Uppercut"],"special_seed":0,"relics":["Burning Blood","Mercury Hourglass","Self Forming Clay","Pantograph","Cursed Key","Vajra","Bottled Lightning","Magic Flower","Black Star","Pear","Paper Frog","Du-Vu Doll","Gremlin Horn","Lantern","Pocketwatch"],"potions_floor_usage":[56],"damage_taken":[{"damage":7.0,"enemies":"Cultist","floor":1.0,"turns":4.0},{"damage":9.0,"enemies":"2 Louse","floor":2.0,"turns":3.0},{"damage":9.0,"enemies":"Jaw Worm","floor":3.0,"turns":5.0},{"damage":21.0,"enemies":"Gremlin Nob","floor":6.0,"turns":4.0},{"damage":12.0,"enemies":"Large Slime","floor":8.0,"turns":6.0},{"damage":18.0,"enemies":"Exordium Wildlife","floor":10.0,"turns":4.0},{"damage":11.0,"enemies":"Looter","floor":12.0,"turns":2.0},{"damage":9.0,"enemies":"Red Slaver","floor":13.0,"turns":4.0},{"damage":0.0,"enemies":"2 Fungi Beasts","floor":14.0,"turns":3.0},{"damage":29.0,"enemies":"Hexaghost","floor":16.0,"turns":9.0},{"damage":0.0,"enemies":"Chosen","floor":18.0,"turns":4.0},{"damage":7.0,"enemies":"Spheric Guardian","floor":20.0,"turns":5.0},{"damage":20.0,"enemies":"Chosen and Byrds","floor":21.0,"turns":7.0},{"damage":17.0,"enemies":"Slavers","floor":27.0,"turns":4.0},{"damage":16.0,"enemies":"Centurion and Healer","floor":28.0,"turns":6.0},{"damage":22.0,"enemies":"Shelled Parasite and Fungi","floor":29.0,"turns":5.0},{"damage":35.0,"enemies":"Book of Stabbing","floor":31.0,"turns":4.0},{"damage":56.0,"enemies":"Champ","floor":33.0,"turns":9.0},{"damage":21.0,"enemies":"3 Shapes","floor":35.0,"turns":7.0},{"damage":7.0,"enemies":"Orb Walker","floor":37.0,"turns":2.0},{"damage":40.0,"enemies":"Writhing Mass","floor":38.0,"turns":7.0},{"damage":94.0,"enemies":"Nemesis","floor":40.0,"turns":11.0},{"damage":29.0,"enemies":"Jaw Worm Horde","floor":41.0,"turns":4.0},{"damage":26.0,"enemies":"Maw","floor":44.0,"turns":6.0},{"damage":6.0,"enemies":"Transient","floor":45.0,"turns":6.0},{"damage":48.0,"enemies":"Giant Head","floor":46.0,"turns":6.0},{"damage":126.0,"enemies":"Donu and Deca","floor":50.0,"turns":8.0},{"damage":73.0,"enemies":"Time Eater","floor":51.0,"turns":8.0},{"damage":90.0,"enemies":"Shield and Spear","floor":55.0,"turns":6.0},{"damage":135,"enemies":"The Heart","floor":56,"turns":9}],"seed_played":"4404364096792713939","potions_obtained":[{"floor":2.0,"key":"SneckoOil"},{"floor":8.0,"key":"Weak Potion"},{"floor":14.0,"key":"Strength Potion"},{"floor":16.0,"key":"Weak Potion"},{"floor":20.0,"key":"Poison Potion"},{"floor":21.0,"key":"EssenceOfSteel"},{"floor":29.0,"key":"SkillPotion"},{"floor":40.0,"key":"Dexterity Potion"},{"floor":41.0,"key":"SkillPotion"}],"is_trial":false,"path_per_floor":["M","M","M","?","?","E","R","M","T","M","$","M","M","M","R","B",null,"M","?","M","M","?","R","$","R","T","E","M","M","$","E","R","B",null,"M","?","M","M","$","E","M","R","T","M","M","E","?","$","R","B","B",null,"R","$","E","B",null],"character_chosen":"IRONCLAD","items_purchased":["Inflame","Pantograph","Reaper","Shrug It Off","Offering","Battle Trance"],"campfire_rested":0,"item_purchase_floors":[11,11,24,30,39,48],"current_hp_per_floor":[74,71,68,43,43,28,28,25,25,16,16,14,14,23,23,25,79,85,85,87,76,72,72,72,72,72,68,75,70,70,47,47,78,83,86,78,90,90,90,74,106,106,106,101,106,79,79,79,79,67,106,106,106,106,39,50],"gold":67,"neow_bonus":"TEN_PERCENT_HP_BONUS","is_prod":false,"is_daily":false,"chose_seed":false,"campfire_upgraded":7,"win_rate":0,"timestamp":1552208838,"path_taken":["M","?","M","?","?","E","R","M","T","M","$","?","M","M","R","BOSS","M","?","M","M","?","R","$","R","T","E","M","M","?","E","R","BOSS","M","?","?","M","$","E","M","R","T","M","M","E","?","$","R","BOSS","BOSS","R","$","E","BOSS"],"build_version":"2019-02-06","purchased_purges":3,"victory":true,"max_hp_per_floor":[82,82,82,82,82,82,82,85,85,88,88,91,94,97,97,97,97,97,97,100,103,72,72,72,72,72,75,78,81,81,81,81,84,84,87,87,90,90,90,103,106,106,106,106,106,106,106,106,106,106,106,106,106,106,109,109],"card_choices":[{"not_picked":["Warcry","True Grit","Armaments"],"picked":"SKIP","floor":1.0},{"not_picked":["Heavy Blade","Iron Wave"],"picked":"Headbutt","floor":2.0},{"not_picked":["Wild Strike","Pommel Strike"],"picked":"Shockwave","floor":3.0},{"not_picked":["Power Through","Dropkick"],"picked":"Feed","floor":6.0},{"not_picked":["Thunderclap","Heavy Blade"],"picked":"Shrug It Off","floor":8.0},{"not_picked":["Clash","Blood for Blood"],"picked":"Perfected Strike","floor":10.0},{"not_picked":["Heavy Blade","Clothesline","Clash"],"picked":"SKIP","floor":12.0},{"not_picked":["Shockwave","Thunderclap"],"picked":"Flame Barrier","floor":13.0},{"not_picked":["True Grit","Clash"],"picked":"Anger","floor":14.0},{"not_picked":["Brutality","Feed"],"picked":"Impervious","floor":16.0},{"not_picked":["Evolve","Fire Breathing","Sword Boomerang"],"picked":"SKIP","floor":18.0},{"not_picked":["Evolve","Fire Breathing"],"picked":"Sword Boomerang","floor":18.0},{"not_picked":["Wild Strike+1","Searing Blow","Headbutt"],"picked":"SKIP","floor":20.0},{"not_picked":["Wild Strike+1","Searing Blow","Headbutt"],"picked":"SKIP","floor":20.0},{"not_picked":["Dual Wield","Havoc+1"],"picked":"Cleave+1","floor":21.0},{"not_picked":["Barricade","Feel No Pain","Clash"],"picked":"SKIP","floor":27.0},{"not_picked":["Barricade","Clash"],"picked":"Feel No Pain","floor":27.0},{"not_picked":["Shockwave","Flex"],"picked":"Sword Boomerang","floor":28.0},{"not_picked":["Cleave","Seeing Red"],"picked":"Immolate","floor":29.0},{"not_picked":["Armaments","Twin Strike"],"picked":"Spot Weakness","floor":31.0},{"not_picked":["Berserk","Juggernaut"],"picked":"Limit Break","floor":33.0},{"not_picked":["Body Slam","Dual Wield","Whirlwind+1"],"picked":"SKIP","floor":35.0},{"not_picked":["Feel No Pain","Havoc","Warcry"],"picked":"SKIP","floor":37.0},{"not_picked":["Pummel","Headbutt","Clothesline+1"],"picked":"SKIP","floor":38.0},{"not_picked":["Heavy Blade","Pommel Strike"],"picked":"Demon Form","floor":40.0},{"not_picked":["Sword Boomerang","Clash","Anger"],"picked":"SKIP","floor":41.0},{"not_picked":["Cleave+1","Twin Strike+1","Armaments"],"picked":"SKIP","floor":44.0},{"not_picked":["Anger+1","Clothesline","Whirlwind"],"picked":"SKIP","floor":45.0},{"not_picked":["Armaments","Seeing Red","Heavy Blade"],"picked":"SKIP","floor":46.0},{"not_picked":["Armaments","Juggernaut"],"picked":"Uppercut","floor":55.0}],"player_experience":1350488,"relics_obtained":[{"floor":6.0,"key":"Mercury Hourglass"},{"floor":9.0,"key":"Self Forming Clay"},{"floor":26.0,"key":"Vajra"},{"floor":27.0,"key":"Bottled Lightning"},{"floor":31.0,"key":"Magic Flower"},{"floor":40.0,"key":"Pear"},{"floor":40.0,"key":"Paper Frog"},{"floor":46.0,"key":"Du-Vu Doll"},{"floor":46.0,"key":"Gremlin Horn"},{"floor":55.0,"key":"Lantern"},{"floor":55.0,"key":"Pocketwatch"}],"event_choices":[{"damage_healed":0.0,"max_hp_gain":0.0,"max_hp_loss":0.0,"gold_gain":0.0,"event_name":"Shining Light","player_choice":"Entered Light","floor":4.0,"gold_loss":0.0,"damage_taken":25.0,"cards_upgraded":["Defend_R","Headbutt"]},{"damage_healed":0.0,"max_hp_gain":0.0,"max_hp_loss":0.0,"gold_gain":275.0,"event_name":"Golden Shrine","player_choice":"Desecrate","floor":5.0,"gold_loss":0.0,"damage_taken":0.0,"cards_obtained":["Regret"]},{"damage_healed":0.0,"max_hp_gain":0.0,"max_hp_loss":0.0,"gold_gain":0.0,"event_name":"Ghosts","player_choice":"Ignored","floor":19.0,"gold_loss":0.0,"damage_taken":0.0},{"damage_healed":0.0,"max_hp_gain":0.0,"max_hp_loss":31.0,"gold_gain":0.0,"event_name":"Vampires","player_choice":"Became a vampire","floor":22.0,"gold_loss":0.0,"damage_taken":0.0,"cards_obtained":["Bite","Bite","Bite","Bite","Bite"]},{"damage_healed":0.0,"max_hp_gain":0.0,"max_hp_loss":0.0,"gold_gain":50.0,"event_name":"FaceTrader","player_choice":"Touch","floor":36.0,"gold_loss":0.0,"damage_taken":8.0},{"damage_healed":0.0,"max_hp_gain":0.0,"max_hp_loss":0.0,"gold_gain":0.0,"event_name":"SensoryStone","player_choice":"Memory 1","floor":47.0,"gold_loss":0.0,"damage_taken":0.0}],"is_beta":true,"boss_relics":[{"not_picked":["Calling Bell","Orrery"],"picked":"Cursed Key"},{"not_picked":["Busted Crown","Runic Dome"],"picked":"Black Star"}],"items_purged_floors":[11,24,48],"is_endless":false,"potions_floor_spawned":[2,8,14,16,20,21,29,40,41,44],"ascension_level":20}