{"gold_per_floor":[109,109,119,134,134,165,165,41,67,110,110,134,167,132,132,132],"floor_reached":16,"playtime":625,"items_purged":["Strike_B"],"score":139,"play_id":"638abfca-7c02-4911-aa6d-fbc53ffd5abd","local_time":"20190409080530","is_ascension_mode":true,"campfire_choices":[{"floor":15,"key":"REST"}],"neow_cost":"NONE","seed_source_timestamp":207489926241235,"circlet_count":0,"master_deck":["Strike_B+1","Strike_B","Defend_B","Defend_B","Defend_B","Defend_B","Zap","Dualcast","Leap","Gash+1","Beam Cell","Beam Cell","Creative AI"],"relics":["Cracked Core","PreservedInsect","FaceOfCleric","Ancient Tea Set","Omamori","Golden Idol","Strawberry","Potion Belt","Whetstone","Blood Vial"],"potions_floor_usage":[10],"damage_taken":[{"damage":2,"enemies":"Jaw Worm","floor":1,"turns":3},{"damage":6,"enemies":"Cultist","floor":3,"turns":4},{"damage":4,"enemies":"Small Slimes","floor":4,"turns":3},{"damage":20,"enemies":"Gremlin Nob","floor":6,"turns":3},{"damage":10,"enemies":"Lagavulin","floor":10,"turns":7},{"damage":21,"enemies":"3 Sentries","floor":13,"turns":6},{"damage":56,"enemies":"The Guardian","floor":16,"turns":6}],"seed_played":"-6271704772023941405","potions_obtained":[{"floor":1,"key":"FearPotion"},{"floor":4,"key":"FearPotion"},{"floor":6,"key":"Block Potion"}],"is_trial":false,"path_per_floor":["M","?","M","M","?","E","?","$","T","E","?","T","E","?","R","B"],"character_chosen":"DEFECT","items_purchased":["Beam Cell"],"campfire_rested":1,"item_purchase_floors":[8],"current_hp_per_floor":[73,73,68,65,53,34,34,34,41,32,25,25,5,26,52,0],"gold":132,"neow_bonus":"RANDOM_COMMON_RELIC","is_prod":false,"is_daily":false,"chose_seed":false,"campfire_upgraded":0,"win_rate":0,"timestamp":1554793530,"path_taken":["M","?","?","M","?","E","?","?","T","E","?","?","E","?","R","BOSS"],"build_version":"2019-01-23","purchased_purges":1,"victory":false,"max_hp_per_floor":[75,75,76,77,77,78,78,78,85,86,86,86,87,87,87,87],"card_choices":[{"not_picked":["Heatsinks","Melter"],"picked":"Leap","floor":1},{"not_picked":["Reprogram","Barrage","Steam Power"],"picked":"SKIP","floor":3},{"not_picked":["Auto Shields","Hologram"],"picked":"Gash","floor":4},{"not_picked":["Doom and Gloom","White Noise","Steam Power"],"picked":"SKIP","floor":6},{"not_picked":["Lockon","Melter"],"picked":"Beam Cell","floor":10},{"not_picked":["Compile Driver","Stack"],"picked":"Creative AI","floor":13}],"player_experience":408448,"relics_obtained":[{"floor":6,"key":"Omamori"},{"floor":9,"key":"Strawberry"},{"floor":10,"key":"Potion Belt"},{"floor":12,"key":"Whetstone"},{"floor":13,"key":"Blood Vial"}],"event_choices":[{"damage_healed":0,"gold_gain":0,"player_choice":"Trade","damage_taken":0,"relics_obtained":["FaceOfCleric"],"max_hp_gain":0,"max_hp_loss":0,"event_name":"FaceTrader","floor":2,"gold_loss":0},{"damage_healed":0,"gold_gain":0,"player_choice":"Success","damage_taken":12,"relics_obtained":["Ancient Tea Set"],"max_hp_gain":0,"max_hp_loss":0,"event_name":"Scrap Ooze","floor":5,"gold_loss":0},{"damage_healed":0,"gold_gain":0,"player_choice":"Take Wound","damage_taken":0,"relics_obtained":["Golden Idol"],"max_hp_gain":0,"max_hp_loss":0,"event_name":"Golden Idol","floor":7,"gold_loss":0,"cards_obtained":["Injury"]},{"cards_removed":["Strike_B"],"damage_healed":0,"gold_gain":0,"player_choice":"Card Removal","damage_taken":7,"max_hp_gain":0,"max_hp_loss":0,"event_name":"Golden Wing","floor":11,"gold_loss":0},{"damage_healed":21,"gold_gain":0,"player_choice":"Healed","damage_taken":0,"max_hp_gain":0,"max_hp_loss":0,"event_name":"The Cleric","floor":14,"gold_loss":35}],"is_beta":false,"boss_relics":[],"items_purged_floors":[8],"is_endless":false,"potions_floor_spawned":[1,4,6],"killed_by":"The Guardian","ascension_level":4}