{"gold_per_floor":[115,10,29,104,104,148,148,189,189,263,288,329,110,110,110,199,199,218,218,218,65,84,112,112,146,170,170,203,228,248,262,262,339,339,351,351,366,419,38,73,73,84,84,96,43,71,71,87,87,87,87,87,87,34,64,64],"floor_reached":57,"playtime":2749,"items_purged":["Strike_R"],"score":2943,"play_id":"1f71b694-24e2-4663-97b6-6f325de45a63","local_time":"20190317032701","is_ascension_mode":true,"campfire_choices":[{"data":"Inflame","floor":7.0,"key":"SMITH"},{"data":"Bash","floor":15.0,"key":"SMITH"},{"data":"Limit Break","floor":24.0,"key":"SMITH"},{"data":"Immolate","floor":27.0,"key":"SMITH"},{"data":"Offering","floor":32.0,"key":"SMITH"},{"data":"Evolve","floor":41.0,"key":"SMITH"},{"floor":47.0,"key":"RECALL"},{"data":"Disarm","floor":49.0,"key":"SMITH"},{"data":"Offering","floor":53.0,"key":"SMITH"}],"neow_cost":"NONE","seed_source_timestamp":0,"circlet_count":0,"master_deck":["AscendersBane","Strike_R+1","Strike_R+1","Strike_R+1","Defend_R+1","Defend_R+1","Defend_R+1","Defend_R+1","Bash+1","True Grit","Inflame+1","Anger","Sword Boomerang","Shrug It Off","Combust","Immolate+1","Evolve+1","Offering+1","Reaper","Limit Break+1","Headbutt","Inflame+1","Offering+1","Panacea","Blind","Exhume","Battle Trance","Disarm+1","Disarm"],"special_seed":0,"relics":["Burning Blood","NeowsBlessing","Bloody Idol","Darkstone Periapt","Gambling Chip","Pear","Letter Opener","Orichalcum","Mark of Pain","PreservedInsect","Lantern","Happy Flower","Red Mask","Bag of Preparation","Coffee Dripper","Unceasing Top","Potion Belt","Gremlin Horn","Du-Vu Doll","Bottled Tornado"],"potions_floor_usage":[56,56,56,56],"damage_taken":[{"damage":0.0,"enemies":"Small Slimes","floor":1.0,"turns":1.0},{"damage":0.0,"enemies":"2 Louse","floor":3.0,"turns":1.0},{"damage":0.0,"enemies":"Gremlin Nob","floor":6.0,"turns":1.0},{"damage":22.0,"enemies":"3 Sentries","floor":8.0,"turns":8.0},{"damage":7.0,"enemies":"Jaw Worm","floor":11.0,"turns":3.0},{"damage":7.0,"enemies":"Lagavulin","floor":12.0,"turns":4.0},{"damage":30.0,"enemies":"Hexaghost","floor":16.0,"turns":8.0},{"damage":21.0,"enemies":"Spheric Guardian","floor":18.0,"turns":4.0},{"damage":12.0,"enemies":"2 Thieves","floor":22.0,"turns":4.0},{"damage":38.0,"enemies":"Slavers","floor":23.0,"turns":5.0},{"damage":15.0,"enemies":"Gremlin Leader","floor":25.0,"turns":4.0},{"damage":7.0,"enemies":"Masked Bandits","floor":28.0,"turns":2.0},{"damage":6.0,"enemies":"Slavers","floor":29.0,"turns":2.0},{"damage":6.0,"enemies":"Centurion and Healer","floor":30.0,"turns":5.0},{"damage":0.0,"enemies":"Sentry and Sphere","floor":31.0,"turns":3.0},{"damage":83.0,"enemies":"Collector","floor":33.0,"turns":7.0},{"damage":13.0,"enemies":"3 Shapes","floor":35.0,"turns":6.0},{"damage":8.0,"enemies":"3 Darklings","floor":37.0,"turns":2.0},{"damage":13.0,"enemies":"2 Orb Walkers","floor":38.0,"turns":2.0},{"damage":18.0,"enemies":"Giant Head","floor":40.0,"turns":3.0},{"damage":12.0,"enemies":"Spire Growth","floor":42.0,"turns":2.0},{"damage":16.0,"enemies":"Writhing Mass","floor":44.0,"turns":2.0},{"damage":13.0,"enemies":"Reptomancer","floor":46.0,"turns":2.0},{"damage":10.0,"enemies":"Transient","floor":48.0,"turns":6.0},{"damage":89.0,"enemies":"Donu and Deca","floor":50.0,"turns":7.0},{"damage":52.0,"enemies":"Time Eater","floor":51.0,"turns":9.0},{"damage":48.0,"enemies":"Shield and Spear","floor":55.0,"turns":4.0},{"damage":98,"enemies":"The Heart","floor":56,"turns":7}],"seed_played":"800989672198716833","potions_obtained":[{"floor":3.0,"key":"Fire Potion"},{"floor":11.0,"key":"Weak Potion"},{"floor":16.0,"key":"EssenceOfSteel"},{"floor":18.0,"key":"Fire Potion"},{"floor":28.0,"key":"Swift Potion"},{"floor":33.0,"key":"SkillPotion"},{"floor":38.0,"key":"Dexterity Potion"},{"floor":40.0,"key":"Fire Potion"},{"floor":44.0,"key":"Weak Potion"}],"is_trial":false,"path_per_floor":["M","$","M","?","?","E","R","E","T","T","M","E","$","?","R","B",null,"M","?","?","$","M","E","R","E","T","R","?","E","M","M","R","B",null,"M","?","M","?","$","E","R","M","T","M","$","E","R","M","R","B","B",null,"R","$","E","B",null],"character_chosen":"IRONCLAD","items_purchased":["Inflame","Anger","Evolve","Block Potion","Limit Break","Exhume","Potion Belt","Dexterity Potion","PowerPotion","SpeedPotion"],"campfire_rested":0,"item_purchase_floors":[2,2,13,13,21,39,39,39,45,54],"current_hp_per_floor":[74,74,75,64,38,44,44,28,38,38,37,36,36,36,36,12,67,52,52,52,52,66,53,53,69,74,74,78,83,85,85,85,13,67,85,75,78,76,76,85,85,84,84,85,85,83,83,85,85,51,85,85,85,85,76,49],"gold":64,"neow_bonus":"THREE_ENEMY_KILL","is_prod":false,"is_daily":false,"chose_seed":false,"campfire_upgraded":8,"win_rate":0,"timestamp":1552818421,"path_taken":["M","$","M","?","?","E","R","E","T","?","M","E","$","?","R","BOSS","M","?","?","$","M","E","R","E","T","R","?","E","M","M","R","BOSS","M","?","M","?","$","E","R","M","T","M","?","E","R","M","R","BOSS","BOSS","R","$","E","BOSS"],"build_version":"2019-03-15","purchased_purges":1,"victory":true,"max_hp_per_floor":[75,75,75,75,75,75,75,75,85,85,85,85,85,85,85,85,85,85,85,85,85,85,85,85,85,85,85,85,85,85,85,85,85,85,85,85,85,85,85,85,85,85,85,85,85,85,85,85,85,85,85,85,85,85,85,85],"card_choices":[{"not_picked":["Body Slam","Havoc"],"picked":"True Grit","floor":1.0},{"not_picked":["Thunderclap","Body Slam"],"picked":"Sword Boomerang","floor":3.0},{"not_picked":["Rage","Clash"],"picked":"Shrug It Off","floor":6.0},{"not_picked":["Flex","Iron Wave","Rupture"],"picked":"SKIP","floor":8.0},{"not_picked":["Pommel Strike","Anger"],"picked":"Combust","floor":11.0},{"not_picked":["Impervious","Wild Strike"],"picked":"Immolate","floor":12.0},{"not_picked":["Double Tap","Dark Embrace"],"picked":"Reaper","floor":16.0},{"not_picked":["True Grit","Body Slam","Cleave"],"picked":"SKIP","floor":18.0},{"not_picked":["Metallicize","Clash","Second Wind"],"picked":"SKIP","floor":22.0},{"not_picked":["Double Tap","Perfected Strike+1","Metallicize"],"picked":"SKIP","floor":23.0},{"not_picked":["Double Tap","Perfected Strike+1","Metallicize"],"picked":"SKIP","floor":23.0},{"not_picked":["Body Slam+1","Rage","Hemokinesis"],"picked":"SKIP","floor":25.0},{"not_picked":["True Grit","Body Slam"],"picked":"Headbutt","floor":28.0},{"not_picked":["Twin Strike+1","Iron Wave","Body Slam"],"picked":"SKIP","floor":29.0},{"not_picked":["Body Slam","Rupture"],"picked":"Inflame+1","floor":30.0},{"not_picked":["Pommel Strike","Corruption","Cleave"],"picked":"SKIP","floor":31.0},{"not_picked":["Impervious","Dark Embrace"],"picked":"Offering","floor":33.0},{"not_picked":["Whirlwind","Body Slam","Perfected Strike"],"picked":"SKIP","floor":35.0},{"not_picked":["Blind","Trip"],"picked":"Panacea","floor":36.0},{"not_picked":["Finesse","Mind Blast"],"picked":"Blind","floor":36.0},{"not_picked":["Cleave","Anger","Clash"],"picked":"SKIP","floor":37.0},{"not_picked":["Hemokinesis+1","Flex","Double Tap"],"picked":"SKIP","floor":40.0},{"not_picked":["Rampage+1","Pummel","Cleave"],"picked":"SKIP","floor":42.0},{"not_picked":["Evolve","Havoc"],"picked":"Battle Trance","floor":44.0},{"not_picked":["Body Slam","Perfected Strike","Flex"],"picked":"SKIP","floor":46.0},{"not_picked":["Corruption+1","Shockwave"],"picked":"Disarm","floor":48.0},{"not_picked":["Rupture","Reckless Charge+1"],"picked":"Disarm","floor":55.0}],"player_experience":1365341,"relics_obtained":[{"floor":6.0,"key":"Darkstone Periapt"},{"floor":8.0,"key":"Gambling Chip"},{"floor":9.0,"key":"Pear"},{"floor":10.0,"key":"Letter Opener"},{"floor":12.0,"key":"Orichalcum"},{"floor":23.0,"key":"PreservedInsect"},{"floor":25.0,"key":"Lantern"},{"floor":26.0,"key":"Happy Flower"},{"floor":28.0,"key":"Red Mask"},{"floor":29.0,"key":"Bag of Preparation"},{"floor":38.0,"key":"Unceasing Top"},{"floor":40.0,"key":"Gremlin Horn"},{"floor":46.0,"key":"Du-Vu Doll"},{"floor":55.0,"key":"Bottled Tornado"}],"event_choices":[{"damage_healed":0.0,"max_hp_gain":0.0,"max_hp_loss":0.0,"gold_gain":75.0,"event_name":"World of Goop","player_choice":"Gather Gold","floor":4.0,"gold_loss":0.0,"damage_taken":11.0},{"damage_healed":0.0,"max_hp_gain":0.0,"max_hp_loss":0.0,"gold_gain":0.0,"event_name":"Golden Idol","player_choice":"Take Damage","floor":5.0,"gold_loss":0.0,"damage_taken":26.0,"relics_obtained":["Golden Idol"]},{"damage_healed":0.0,"max_hp_gain":0.0,"max_hp_loss":0.0,"gold_gain":0.0,"cards_transformed":["Strike_R"],"event_name":"Transmorgrifier","player_choice":"Transformed","floor":14.0,"gold_loss":0.0,"damage_taken":0.0,"cards_obtained":["Offering"]},{"damage_healed":0.0,"max_hp_gain":0.0,"max_hp_loss":0.0,"gold_gain":0.0,"event_name":"Forgotten Altar","player_choice":"Gave Idol","floor":19.0,"relics_lost":["Golden Idol"],"gold_loss":0.0,"damage_taken":0.0,"relics_obtained":["Bloody Idol"]},{"damage_healed":0.0,"max_hp_gain":0.0,"max_hp_loss":0.0,"gold_gain":0.0,"event_name":"Back to Basics","player_choice":"Simplicity","floor":20.0,"gold_loss":0.0,"damage_taken":0.0,"cards_upgraded":["Strike_R","Strike_R","Strike_R","Defend_R","Defend_R","Defend_R","Defend_R"]},{"damage_healed":0.0,"max_hp_gain":0.0,"max_hp_loss":0.0,"gold_gain":0.0,"event_name":"Masked Bandits","player_choice":"Fought Bandits","floor":28.0,"gold_loss":0.0,"damage_taken":0.0},{"damage_healed":0.0,"max_hp_gain":0.0,"max_hp_loss":0.0,"gold_gain":0.0,"event_name":"SensoryStone","player_choice":"Memory 3","floor":36.0,"gold_loss":0.0,"damage_taken":10.0},{"damage_healed":0.0,"max_hp_gain":0.0,"max_hp_loss":0.0,"gold_gain":0.0,"event_name":"Mysterious Sphere","player_choice":"Fight","floor":38.0,"gold_loss":0.0,"damage_taken":0.0}],"is_beta":true,"boss_relics":[{"not_picked":["Black Blood","Orrery"],"picked":"Mark of Pain"},{"not_picked":["Runic Dome","White Beast Statue"],"picked":"Coffee Dripper"}],"items_purged_floors":[13],"is_endless":false,"potions_floor_spawned":[3,11,16,18,28,29,33,38,40,44,46],"ascension_level":20}