{"gold_per_floor":[109,127,27,27,47,47,72,82,82,82,82,97,113,124,124,224,224,213,224,324,324,324,324,342,422,422,436,436,470,470,14,14,14],"floor_reached":33,"playtime":1987,"items_purged":["Strike_G","Decay"],"score":387,"play_id":"eca03e3e-0f80-419d-82cc-b4080d44e2d6","local_time":"20190422194720","is_ascension_mode":true,"campfire_choices":[{"data":"Adrenaline","floor":6.0,"key":"SMITH"},{"floor":10.0,"key":"REST"},{"data":"Catalyst","floor":15.0,"key":"SMITH"},{"data":"Storm of Steel","floor":23,"key":"SMITH"},{"data":"Tactician","floor":28,"key":"SMITH"},{"floor":30,"key":"REST"},{"floor":32,"key":"REST"}],"neow_cost":"PERCENT_DAMAGE","seed_source_timestamp":33915920221682,"circlet_count":0,"master_deck":["Defend_G","Defend_G","Defend_G+1","Defend_G","Defend_G","Strike_G","Strike_G+1","Survivor","Neutralize","Quick Slash","Adrenaline+1","PiercingWail","Deadly Poison","Catalyst+1","Reflex","Bouncing Flask","Catalyst","Backflip","Backflip+1","Predator+1","Storm of Steel+1","Calculated Gamble","Tactician+1","Blur","Well Laid Plans"],"special_seed":0,"relics":["Ring of the Snake","Juzu Bracelet","Ornamental Fan","Sozu","Bird Faced Urn","Mummified Hand","Pear","Pantograph","WingedGreaves","Turnip"],"potions_floor_usage":[],"damage_taken":[{"damage":0.0,"enemies":"Cultist","floor":1.0,"turns":4.0},{"damage":0.0,"enemies":"2 Louse","floor":2.0,"turns":2.0},{"damage":0.0,"enemies":"Small Slimes","floor":5.0,"turns":3.0},{"damage":26.0,"enemies":"Gremlin Nob","floor":7.0,"turns":5.0},{"damage":0.0,"enemies":"Looter","floor":8.0,"turns":3.0},{"damage":11.0,"enemies":"2 Fungi Beasts","floor":12.0,"turns":3.0},{"damage":10.0,"enemies":"Exordium Thugs","floor":13.0,"turns":5.0},{"damage":0.0,"enemies":"Exordium Wildlife","floor":14.0,"turns":2.0},{"damage":25.0,"enemies":"The Guardian","floor":16.0,"turns":7.0},{"damage":6.0,"enemies":"2 Thieves","floor":18.0,"turns":4.0},{"damage":1.0,"enemies":"3 Byrds","floor":19.0,"turns":5.0},{"damage":9.0,"enemies":"Colosseum Slavers","floor":20.0,"turns":5.0},{"damage":9.0,"enemies":"Colosseum Nobs","floor":20.0,"turns":7.0},{"damage":0,"enemies":"Cultist and Chosen","floor":24,"turns":6},{"damage":11,"enemies":"Centurion and Healer","floor":27,"turns":6},{"damage":39,"enemies":"Gremlin Leader","floor":29,"turns":6},{"damage":109,"enemies":"Automaton","floor":33,"turns":12}],"seed_played":"6572895742977580418","potions_obtained":[{"floor":1.0,"key":"SpeedPotion"},{"floor":12.0,"key":"GhostInAJar"},{"floor":16.0,"key":"GamblersBrew"}],"is_trial":false,"path_per_floor":["M","M","$","?","M","R","E","M","T","R","?","M","M","M","R","B",null,"M","M","?","?","?","R","M","T","T","M","R","E","R","$","R","B"],"character_chosen":"THE_SILENT","items_purchased":["Deadly Poison","Well Laid Plans","Turnip"],"campfire_rested":3,"item_purchase_floors":[3,31,31],"current_hp_per_floor":[45,45,45,31,31,31,5,5,5,26,49,38,28,28,28,3,53,47,46,28,28,51,51,51,61,61,50,50,11,35,35,59,0],"gold":14,"neow_bonus":"TRANSFORM_TWO_CARDS","is_prod":false,"is_daily":false,"chose_seed":false,"campfire_upgraded":4,"win_rate":0,"timestamp":1555930040,"path_taken":["M","M","$","?","M","R","E","M","T","R","?","M","M","M","R","BOSS","M","M","?","?","?","R","M","?","T","M","R","E","R","$","R","BOSS"],"build_version":"2019-01-23","purchased_purges":2,"victory":false,"max_hp_per_floor":[70,70,70,70,70,70,70,70,70,70,70,70,70,70,70,70,70,70,70,70,70,70,70,70,80,80,80,80,80,80,80,80,80],"card_choices":[{"not_picked":["Distraction","Underhanded Strike"],"picked":"PiercingWail","floor":1.0},{"not_picked":["Slice","Distraction","PiercingWail"],"picked":"SKIP","floor":2.0},{"not_picked":["Choke","Leg Sweep"],"picked":"Catalyst","floor":5.0},{"not_picked":["Poisoned Stab","After Image"],"picked":"Reflex","floor":7.0},{"not_picked":["Bane","Deadly Poison"],"picked":"Bouncing Flask","floor":8.0},{"not_picked":["Riddle With Holes","Outmaneuver","Deadly Poison"],"picked":"SKIP","floor":12.0},{"not_picked":["Slice","Dagger Spray"],"picked":"Catalyst","floor":13.0},{"not_picked":["Slice","Choke"],"picked":"Backflip","floor":14.0},{"not_picked":["Cloak And Dagger+1","Heel Hook+1"],"picked":"Backflip+1","floor":18.0},{"not_picked":["PiercingWail+1","Blade Dance"],"picked":"Predator+1","floor":19.0},{"not_picked":["Prepared","Setup"],"picked":"Storm of Steel","floor":20.0},{"not_picked":["Slice","Dodge and Roll"],"picked":"Calculated Gamble","floor":24},{"not_picked":["Reflex","Sucker Punch"],"picked":"Tactician","floor":27},{"not_picked":["Setup","Accuracy"],"picked":"Blur","floor":29}],"player_experience":669318,"relics_obtained":[{"floor":7.0,"key":"Juzu Bracelet"},{"floor":9.0,"key":"Ornamental Fan"},{"floor":20.0,"key":"Bird Faced Urn"},{"floor":20.0,"key":"Mummified Hand"},{"floor":25,"key":"Pear"},{"floor":26,"key":"Pantograph"},{"floor":29,"key":"WingedGreaves"}],"event_choices":[{"damage_healed":0.0,"max_hp_gain":0.0,"max_hp_loss":0.0,"gold_gain":0.0,"event_name":"Shining Light","player_choice":"Entered Light","floor":4.0,"gold_loss":0.0,"damage_taken":14.0,"cards_upgraded":["Defend_G","Strike_G"]},{"damage_healed":23.0,"max_hp_gain":0.0,"max_hp_loss":0.0,"gold_gain":0.0,"event_name":"Big Fish","player_choice":"Banana","floor":11.0,"gold_loss":0.0,"damage_taken":0.0},{"damage_healed":0.0,"max_hp_gain":0.0,"max_hp_loss":0.0,"gold_gain":0.0,"event_name":"Colosseum","player_choice":"Fight","floor":20.0,"gold_loss":0.0,"damage_taken":0.0},{"damage_healed":0.0,"max_hp_gain":0.0,"max_hp_loss":0.0,"gold_gain":0.0,"event_name":"Colosseum","player_choice":"Fought Nobs","floor":20.0,"gold_loss":0.0,"damage_taken":0.0},{"damage_healed":0.0,"max_hp_gain":0.0,"max_hp_loss":0.0,"gold_gain":0.0,"event_name":"Forgotten Altar","player_choice":"Smashed Altar","floor":21.0,"gold_loss":0.0,"damage_taken":0.0,"cards_obtained":["Decay"]},{"damage_healed":23,"gold_gain":0,"player_choice":"Heal","damage_taken":0,"max_hp_gain":0,"max_hp_loss":0,"event_name":"The Library","floor":22,"gold_loss":0}],"is_beta":false,"boss_relics":[{"not_picked":["Pandora\u0027s Box","Eternal Feather"],"picked":"Sozu"}],"items_purged_floors":[3,31],"is_endless":false,"potions_floor_spawned":[1,12,16,18,20,20,27],"killed_by":"Automaton","ascension_level":9}