{"gold_per_floor":[115,115,115,115,115,115,143,143,143,163,197,197,227,245,245,316,316,316,316,241,241,241,241,241],"floor_reached":24,"playtime":1389,"items_purged":["Strike_R"],"score":430,"play_id":"9ff997fc-dc2b-4f45-b9b6-ad75d6fda693","local_time":"20190422213200","is_ascension_mode":true,"campfire_choices":[{"data":"Uppercut","floor":6,"key":"SMITH"},{"data":"Bash","floor":8,"key":"SMITH"},{"data":"Inflame","floor":15,"key":"SMITH"},{"data":"Armaments","floor":23,"key":"SMITH"}],"neow_cost":"NONE","seed_source_timestamp":865717893346300,"circlet_count":0,"master_deck":["AscendersBane","Strike_R","Strike_R","Strike_R","Defend_R","Defend_R","Defend_R","Defend_R","Bash+1","Headbutt","Uppercut+1","Shrug It Off","Shrug It Off","Impervious","Shrug It Off","Inflame+1","Ghostly Armor","Barricade+1","Armaments+1"],"relics":["Burning Blood","NeowsBlessing","Potion Belt","Shuriken","Orichalcum","Ice Cream","Ectoplasm"],"potions_floor_usage":[13,13,16],"damage_taken":[{"damage":0,"enemies":"2 Louse","floor":1,"turns":1},{"damage":0,"enemies":"Cultist","floor":5,"turns":1},{"damage":0,"enemies":"3 Sentries","floor":7,"turns":2},{"damage":5,"enemies":"Small Slimes","floor":10,"turns":6},{"damage":25,"enemies":"Gremlin Nob","floor":11,"turns":5},{"damage":19,"enemies":"3 Sentries","floor":13,"turns":9},{"damage":9,"enemies":"Exordium Thugs","floor":14,"turns":7},{"damage":29,"enemies":"Slime Boss","floor":16,"turns":11},{"damage":2,"enemies":"3 Byrds","floor":18,"turns":7},{"damage":2,"enemies":"Spheric Guardian","floor":21,"turns":7},{"damage":0,"enemies":"Snake Plant","floor":22,"turns":6},{"damage":87,"enemies":"Gremlin Leader","floor":24,"turns":9}],"seed_played":"6294212578744746398","potions_obtained":[{"floor":7,"key":"Fire Potion"},{"floor":10,"key":"Block Potion"},{"floor":14,"key":"Regen Potion"},{"floor":22,"key":"EssenceOfSteel"}],"is_trial":false,"path_per_floor":["M","$","?","?","M","R","E","R","T","M","E","?","E","M","R","B",null,"M","?","$","M","M","R","E"],"character_chosen":"IRONCLAD","items_purchased":[],"campfire_rested":0,"item_purchase_floors":[],"current_hp_per_floor":[74,74,67,72,78,78,80,80,80,80,61,61,48,45,45,37,69,73,73,73,77,80,80,0],"gold":241,"neow_bonus":"THREE_ENEMY_KILL","is_prod":false,"is_daily":false,"chose_seed":false,"campfire_upgraded":4,"win_rate":0,"timestamp":1555961520,"path_taken":["M","$","?","?","M","R","E","R","T","M","E","?","E","?","R","BOSS","M","?","$","?","M","R","E"],"build_version":"2019-01-23","purchased_purges":1,"victory":false,"max_hp_per_floor":[75,75,75,80,80,80,80,80,80,80,80,80,80,80,80,80,80,80,80,80,80,80,80,80],"card_choices":[{"not_picked":["Sentinel","Warcry"],"picked":"Headbutt","floor":1},{"not_picked":["Hemokinesis","Evolve"],"picked":"Uppercut","floor":5},{"not_picked":["Twin Strike","Iron Wave"],"picked":"Shrug It Off","floor":7},{"not_picked":["Reckless Charge","Body Slam","Flex"],"picked":"SKIP","floor":10},{"not_picked":["Thunderclap","Barricade"],"picked":"Shrug It Off","floor":11},{"not_picked":["Heavy Blade","Rampage"],"picked":"Inflame","floor":13},{"not_picked":["Flex","Cleave"],"picked":"Ghostly Armor","floor":14},{"not_picked":["Berserk","Brutality"],"picked":"Barricade","floor":16},{"not_picked":["Clothesline","Body Slam","Rupture"],"picked":"SKIP","floor":18},{"not_picked":["Headbutt+1","Sword Boomerang","Twin Strike+1"],"picked":"SKIP","floor":21},{"not_picked":["True Grit","Warcry"],"picked":"Armaments","floor":22}],"player_experience":280316,"relics_obtained":[{"floor":7,"key":"Potion Belt"},{"floor":9,"key":"Shuriken"},{"floor":11,"key":"Orichalcum"},{"floor":13,"key":"Ice Cream"}],"event_choices":[{"cards_removed":["Strike_R"],"damage_healed":0,"gold_gain":0,"player_choice":"Card Removal","damage_taken":7,"max_hp_gain":0,"max_hp_loss":0,"event_name":"Golden Wing","floor":3,"gold_loss":0},{"damage_healed":0,"gold_gain":0,"player_choice":"Donut","damage_taken":0,"max_hp_gain":5,"max_hp_loss":0,"event_name":"Big Fish","floor":4,"gold_loss":0},{"damage_healed":0,"gold_gain":0,"player_choice":"2 cards matched","damage_taken":0,"max_hp_gain":0,"max_hp_loss":0,"event_name":"Match and Keep!","floor":12,"gold_loss":0,"cards_obtained":["Impervious","Shrug It Off"]},{"damage_healed":0,"gold_gain":0,"player_choice":"Forge","damage_taken":0,"max_hp_gain":0,"max_hp_loss":0,"event_name":"Accursed Blacksmith","floor":19,"gold_loss":0,"cards_upgraded":["Barricade"]}],"is_beta":false,"boss_relics":[{"not_picked":["Runic Dome","White Beast Statue"],"picked":"Ectoplasm"}],"items_purged_floors":[20],"is_endless":false,"potions_floor_spawned":[7,10,14,22],"killed_by":"Gremlin Leader","ascension_level":16}