{"gold_per_floor":[118,118,19,35,35,35,63,83,165,165,11,11,45,65,65,144,144,157,79,89,2,32,32,60,60,111,140,140,140,140,151,151,229,229,246,346,356,372,219,219,247,247,273,291,304,316,343,343,343,343,343,343,343,85,120,120],"floor_reached":57,"playtime":2531,"items_purged":["Strike_G","Writhe","Strike_G"],"score":2837,"play_id":"e347d2b9-d7f3-4fca-98b5-2f1413eaf1a8","local_time":"20190124215259","is_ascension_mode":true,"campfire_choices":[{"data":"Dash","floor":6.0,"key":"SMITH"},{"data":"Deadly Poison","floor":12.0,"key":"SMITH"},{"data":"Footwork","floor":15.0,"key":"SMITH"},{"data":"Crippling Poison","floor":23.0,"key":"SMITH"},{"data":"Catalyst","floor":25.0,"key":"SMITH"},{"data":"Crippling Poison","floor":30.0,"key":"SMITH"},{"data":"Bouncing Flask","floor":32.0,"key":"SMITH"},{"data":"Corpse Explosion","floor":40.0,"key":"SMITH"},{"data":"Acrobatics","floor":42.0,"key":"SMITH"},{"floor":49,"key":"RECALL"},{"data":"PiercingWail","floor":53,"key":"SMITH"}],"neow_cost":"NONE","seed_source_timestamp":449652065570356,"circlet_count":0,"master_deck":["AscendersBane","Defend_G","Defend_G","Defend_G","Defend_G","Defend_G","Strike_G","Strike_G","Survivor","Neutralize","Flying Knee","PiercingWail","Dash+1","Dodge and Roll","Escape Plan","Deadly Poison+1","Footwork+1","Backflip","Corpse Explosion+1","Catalyst+1","Crippling Poison+1","Acrobatics+1","Bouncing Flask+1","Crippling Poison+1","Dash","Night Terror","Well Laid Plans+1","PiercingWail+1","PiercingWail"],"special_seed":0,"relics":["Ring of the Snake","NeowsBlessing","Strawberry","Pantograph","Bag of Preparation","Snecko Eye","Red Mask","Lantern","Girya","Torii","Philosopher\u0027s Stone","StoneCalendar","Centennial Puzzle","Orichalcum","Kunai","Pear"],"potions_floor_usage":[56],"damage_taken":[{"damage":0.0,"enemies":"Jaw Worm","floor":1.0,"turns":1.0},{"damage":0.0,"enemies":"Cultist","floor":4.0,"turns":1.0},{"damage":0.0,"enemies":"3 Sentries","floor":7.0,"turns":1.0},{"damage":0.0,"enemies":"Small Slimes","floor":8.0,"turns":5.0},{"damage":1.0,"enemies":"Lagavulin","floor":13.0,"turns":7.0},{"damage":21.0,"enemies":"Exordium Thugs","floor":14.0,"turns":8.0},{"damage":19.0,"enemies":"Slime Boss","floor":16.0,"turns":13.0},{"damage":4.0,"enemies":"2 Thieves","floor":18.0,"turns":4.0},{"damage":0.0,"enemies":"3 Byrds","floor":20.0,"turns":2.0},{"damage":7.0,"enemies":"Masked Bandits","floor":22.0,"turns":3.0},{"damage":34.0,"enemies":"Book of Stabbing","floor":24.0,"turns":5.0},{"damage":9.0,"enemies":"Slavers","floor":27.0,"turns":7.0},{"damage":12.0,"enemies":"Snake Plant","floor":31.0,"turns":6.0},{"damage":1.0,"enemies":"Automaton","floor":33.0,"turns":6.0},{"damage":1.0,"enemies":"3 Darklings","floor":35.0,"turns":3.0},{"damage":1.0,"enemies":"Mind Bloom Boss Battle","floor":36.0,"turns":5.0},{"damage":0.0,"enemies":"3 Shapes","floor":37.0,"turns":2.0},{"damage":0.0,"enemies":"Sphere and 2 Shapes","floor":38.0,"turns":6.0},{"damage":14.0,"enemies":"Reptomancer","floor":41.0,"turns":4.0},{"damage":1.0,"enemies":"Writhing Mass","floor":44.0,"turns":4.0},{"damage":10.0,"enemies":"3 Darklings","floor":45.0,"turns":2.0},{"damage":0.0,"enemies":"4 Shapes","floor":46.0,"turns":4.0},{"damage":0.0,"enemies":"Giant Head","floor":47.0,"turns":4.0},{"damage":43,"enemies":"Donu and Deca","floor":50,"turns":6},{"damage":1,"enemies":"Time Eater","floor":51,"turns":4},{"damage":14,"enemies":"Shield and Spear","floor":55,"turns":4},{"damage":63,"enemies":"The Heart","floor":56,"turns":6}],"seed_played":"8500313969636201514","potions_obtained":[{"floor":4.0,"key":"Regen Potion"},{"floor":7.0,"key":"AttackPotion"},{"floor":18.0,"key":"Regen Potion"},{"floor":31.0,"key":"Strength Potion"},{"floor":38.0,"key":"PowerPotion"}],"is_trial":false,"path_per_floor":["M","?","$","M","$","R","E","M","T","?","$","R","E","M","R","B",null,"M","$","M","$","?","R","E","R","T","E","?","?","R","M","R","B",null,"M","?","M","M","$","R","E","R","T","M","M","M","E","?","R","B","B",null,"R","$","E","B",null],"character_chosen":"THE_SILENT","items_purchased":["PiercingWail","Dash","Footwork","Crippling Poison","Bouncing Flask","Dexterity Potion","PiercingWail","GhostInAJar"],"campfire_rested":0,"item_purchase_floors":[3,3,11,19,21,39,54,54],"current_hp_per_floor":[59,59,59,59,59,59,66,66,66,71,71,71,70,49,49,55,72,68,68,68,68,61,61,27,27,27,18,18,18,18,51,51,75,77,76,77,77,77,77,77,63,63,63,62,52,52,52,48,48,30,54,72,72,72,68,25],"gold":120,"neow_bonus":"THREE_ENEMY_KILL","is_prod":false,"is_daily":false,"chose_seed":false,"campfire_upgraded":10,"win_rate":0,"timestamp":1548395579,"path_taken":["M","?","$","?","?","R","E","M","T","?","$","R","E","M","R","BOSS","M","$","M","$","?","R","E","R","T","E","?","?","R","M","R","BOSS","M","?","M","M","$","R","E","R","T","M","M","M","E","?","R","BOSS","BOSS","R","$","E","BOSS"],"build_version":"2019-01-23","purchased_purges":3,"victory":true,"max_hp_per_floor":[66,66,66,66,66,66,73,73,73,78,78,78,78,78,78,78,78,78,78,78,78,78,78,78,78,78,78,78,78,78,78,78,78,78,78,78,78,78,78,78,78,78,78,78,78,78,78,78,78,78,78,78,78,78,88,88],"card_choices":[{"not_picked":["Underhanded Strike","Acrobatics"],"picked":"Flying Knee","floor":1.0},{"not_picked":["Outmaneuver","Backflip"],"picked":"Dodge and Roll","floor":4.0},{"not_picked":["Bane","Dagger Spray"],"picked":"Escape Plan","floor":7.0},{"not_picked":["Flying Knee","Quick Slash"],"picked":"Deadly Poison","floor":8.0},{"not_picked":["Blade Dance","Bane","Reflex"],"picked":"SKIP","floor":13.0},{"not_picked":["Terror","Riddle With Holes"],"picked":"Backflip","floor":14.0},{"not_picked":["Die Die Die","Venomology"],"picked":"Corpse Explosion","floor":16.0},{"not_picked":["Outmaneuver","Blade Dance"],"picked":"Catalyst","floor":18.0},{"not_picked":["Slice","Flying Knee"],"picked":"Acrobatics","floor":20.0},{"not_picked":["Flying Knee","Doppelganger"],"picked":"Crippling Poison","floor":24.0},{"not_picked":["All Out Attack+1","Outmaneuver","Poisoned Stab"],"picked":"SKIP","floor":27.0},{"not_picked":["Infinite Blades","Slice"],"picked":"Dash","floor":31.0},{"not_picked":["A Thousand Cuts","Burst"],"picked":"Night Terror","floor":33.0},{"not_picked":["Terror+1","Outmaneuver","Underhanded Strike"],"picked":"SKIP","floor":35.0},{"not_picked":["Backflip+1","Bane"],"picked":"Well Laid Plans+1","floor":37.0},{"not_picked":["Backstab+1","Concentrate","Deadly Poison"],"picked":"SKIP","floor":38.0},{"not_picked":["Tools of the Trade","Bane+1","Dagger Spray"],"picked":"SKIP","floor":41.0},{"not_picked":["Backflip","Well Laid Plans","Slice"],"picked":"SKIP","floor":44.0},{"not_picked":["All Out Attack+1","Slice+1"],"picked":"PiercingWail","floor":45.0},{"not_picked":["Prepared","Terror","Underhanded Strike"],"picked":"SKIP","floor":46.0},{"not_picked":["Deadly Poison","Skewer","Finisher"],"picked":"SKIP","floor":47.0},{"not_picked":["Corpse Explosion","Dagger Throw","Prepared+1"],"picked":"SKIP","floor":55}],"player_experience":1029320,"relics_obtained":[{"floor":7.0,"key":"Strawberry"},{"floor":9.0,"key":"Pantograph"},{"floor":13.0,"key":"Bag of Preparation"},{"floor":22.0,"key":"Red Mask"},{"floor":24.0,"key":"Lantern"},{"floor":27.0,"key":"Girya"},{"floor":36.0,"key":"StoneCalendar"},{"floor":41.0,"key":"Centennial Puzzle"},{"floor":43.0,"key":"Orichalcum"},{"floor":47.0,"key":"Kunai"},{"floor":55,"key":"Pear"}],"event_choices":[{"cards_removed":["Strike_G"],"damage_healed":0.0,"max_hp_gain":0.0,"max_hp_loss":0.0,"gold_gain":0.0,"event_name":"Wheel of Change","player_choice":"Card Removal","floor":2.0,"gold_loss":0.0,"damage_taken":0.0},{"damage_healed":0.0,"max_hp_gain":5.0,"max_hp_loss":0.0,"gold_gain":0.0,"event_name":"Big Fish","player_choice":"Donut","floor":10.0,"gold_loss":0.0,"damage_taken":0.0},{"damage_healed":0.0,"max_hp_gain":0.0,"max_hp_loss":0.0,"gold_gain":0.0,"event_name":"Masked Bandits","player_choice":"Fought Bandits","floor":22.0,"gold_loss":0.0,"damage_taken":0.0},{"damage_healed":0.0,"max_hp_gain":0.0,"max_hp_loss":0.0,"gold_gain":0.0,"event_name":"The Mausoleum","player_choice":"Opened","floor":28.0,"gold_loss":0.0,"damage_taken":0.0,"relics_obtained":["Torii"],"cards_obtained":["Writhe"]},{"damage_healed":0.0,"max_hp_gain":0.0,"max_hp_loss":0.0,"gold_gain":0.0,"event_name":"Vampires","player_choice":"Ignored","floor":29.0,"gold_loss":0.0,"damage_taken":0.0},{"damage_healed":0.0,"max_hp_gain":0.0,"max_hp_loss":0.0,"gold_gain":0.0,"event_name":"MindBloom","player_choice":"Fight","floor":36.0,"gold_loss":0.0,"damage_taken":0.0},{"damage_healed":0,"gold_gain":0,"player_choice":"Bought 0 Potions","damage_taken":0,"max_hp_gain":0,"max_hp_loss":0,"event_name":"The Woman in Blue","floor":48,"gold_loss":0}],"is_beta":true,"boss_relics":[{"not_picked":["Coffee Dripper","Cursed Key"],"picked":"Snecko Eye"},{"not_picked":["Lizard Tail","Eternal Feather"],"picked":"Philosopher\u0027s Stone"}],"items_purged_floors":[11,39,54],"is_endless":false,"potions_floor_spawned":[4,7,18,24,31,38,41,44,45],"ascension_level":20}