{"gold_per_floor":[114,18,168,247,172,198,215,46,69,84,99,14,45,62,62,138,138,158,158],"floor_reached":19,"playtime":623,"items_purged":["Doubt"],"score":404,"play_id":"69a23311-b7f3-4739-a37d-7be5b474b15e","local_time":"20190215155841","is_ascension_mode":true,"campfire_choices":[{"data":"Darkness","floor":15.0,"key":"SMITH"}],"neow_cost":"NONE","seed_source_timestamp":1823239228775163,"circlet_count":0,"master_deck":["AscendersBane","Strike_B","Strike_B","Strike_B","Strike_B","Defend_B","Defend_B","Defend_B","Defend_B","Zap","Dualcast","Coolheaded","Ball Lightning","Darkness+1","Compile Driver","Reboot","Genetic Algorithm","Capacitor","Ball Lightning","Core Surge"],"special_seed":0,"relics":["Cracked Core","NeowsBlessing","Tiny Chest","Centennial Puzzle","Bag of Preparation","Happy Flower","Juzu Bracelet","Velvet Choker"],"potions_floor_usage":[16,16],"damage_taken":[{"damage":0.0,"enemies":"2 Louse","floor":1.0,"turns":1.0},{"damage":0.0,"enemies":"3 Sentries","floor":6.0,"turns":1.0},{"damage":0.0,"enemies":"Jaw Worm","floor":7.0,"turns":1.0},{"damage":0.0,"enemies":"Cultist","floor":10.0,"turns":3.0},{"damage":16.0,"enemies":"Red Slaver","floor":11.0,"turns":4.0},{"damage":24.0,"enemies":"Lagavulin","floor":13.0,"turns":7.0},{"damage":7.0,"enemies":"Exordium Wildlife","floor":14.0,"turns":4.0},{"damage":10,"enemies":"Slime Boss","floor":16,"turns":6},{"damage":1,"enemies":"Spheric Guardian","floor":18,"turns":3},{"damage":6,"enemies":"3 Byrds","floor":19,"turns":2}],"seed_played":"-4313271705042973519","potions_obtained":[{"floor":1.0,"key":"Poison Potion"},{"floor":10.0,"key":"Swift Potion"},{"floor":16,"key":"Fire Potion"}],"is_trial":false,"path_per_floor":["M","$","?","T","$","E","M","$","T","M","M","$","E","M","R","B",null,"M","M"],"character_chosen":"DEFECT","items_purchased":["Ball Lightning","Darkness","Bag of Preparation","Capacitor"],"campfire_rested":0,"item_purchase_floors":[2,2,8,12],"current_hp_per_floor":[64,64,64,64,64,64,64,64,64,64,48,48,24,17,17,7,55,54,48],"gold":158,"neow_bonus":"THREE_ENEMY_KILL","is_prod":false,"is_daily":false,"chose_seed":false,"campfire_upgraded":1,"win_rate":0,"timestamp":1550275121,"path_taken":["M","$","?","?","?","E","M","$","T","M","M","?","E","M","R","BOSS","M","M"],"build_version":"2019-02-06","purchased_purges":1,"victory":false,"max_hp_per_floor":[71,71,71,71,71,71,71,71,71,71,71,71,71,71,71,71,71,71,71],"card_choices":[{"not_picked":["Capacitor","Conserve Battery"],"picked":"Coolheaded","floor":1.0},{"not_picked":["Rebound","Tempest"],"picked":"Compile Driver","floor":6.0},{"not_picked":["Steam","Scrape","Reprogram"],"picked":"SKIP","floor":7.0},{"not_picked":["Rebound","Leap"],"picked":"Reboot","floor":10.0},{"not_picked":["Compile Driver","Scrape"],"picked":"Genetic Algorithm","floor":11.0},{"not_picked":["Steam","Streamline","Rebound"],"picked":"SKIP","floor":13.0},{"not_picked":["Machine Learning","Rip and Tear"],"picked":"Ball Lightning","floor":14.0},{"not_picked":["Rainbow","Fission"],"picked":"Core Surge","floor":16},{"not_picked":["Streamline","White Noise","Turbo"],"picked":"SKIP","floor":18}],"player_experience":1176790,"relics_obtained":[{"floor":4.0,"key":"Tiny Chest"},{"floor":6.0,"key":"Centennial Puzzle"},{"floor":9.0,"key":"Happy Flower"},{"floor":13.0,"key":"Juzu Bracelet"}],"event_choices":[{"damage_healed":0.0,"max_hp_gain":0.0,"max_hp_loss":0.0,"gold_gain":150.0,"event_name":"Liars Game","player_choice":"AGREE","floor":3.0,"gold_loss":0.0,"damage_taken":0.0,"cards_obtained":["Doubt"]}],"is_beta":true,"boss_relics":[{"not_picked":["Tiny House","Pandora\u0027s Box"],"picked":"Velvet Choker"}],"items_purged_floors":[5],"is_endless":false,"potions_floor_spawned":[1,10,16],"killed_by":"3 Byrds","ascension_level":20}