{"gold_per_floor":[116,128,138,154,166,194,209,229,229,229,244,244,260,289,289,384,384,400,414,431,449,50,50,85,85,85,96,107,126,159,175,175,277,277,297,316,416,431,431,462,462,476,476,476,476,507,507,532,532,532],"floor_reached":51,"playtime":3551,"items_purged":["Defend_R"],"score":947,"play_id":"4c39b5d0-6a6e-42f5-989e-8186ec93b1dd","local_time":"20190423120357","is_ascension_mode":false,"campfire_choices":[{"data":"Perfected Strike","floor":12,"key":"SMITH"},{"data":"Armaments","floor":15,"key":"SMITH"},{"data":"Immolate","floor":23,"key":"SMITH"},{"data":"Discovery","floor":25,"key":"SMITH"},{"data":"Disarm","floor":32,"key":"SMITH"},{"data":"Limit Break","floor":41,"key":"SMITH"},{"data":"Shockwave","floor":44,"key":"SMITH"},{"data":"Clothesline","floor":47,"key":"SMITH"},{"data":"Disarm","floor":49,"key":"SMITH"}],"neow_cost":"NONE","seed_source_timestamp":952245937426800,"circlet_count":0,"master_deck":["Strike_R","Strike_R","Strike_R","Strike_R","Defend_R","Defend_R","Bash","True Grit","Clothesline+1","Flame Barrier","Seeing Red","Perfected Strike+1","Metallicize","Headbutt","Armaments+1","Twin Strike","Spot Weakness","Immolate+1","Power Through+1","Corruption+1","Discovery+1","Disarm+1","Perfected Strike+1","Blood for Blood+1","Headbutt+1","Disarm+1","Limit Break+1","Battle Trance+1","Feel No Pain","Immolate+1","Madness","Madness","Shockwave+1","Perfected Strike+1","Headbutt+1"],"relics":["Burning Blood","Orichalcum","Vajra","Bottled Lightning","Singing Bowl","Snecko Eye","Molten Egg 2","Calipers","Potion Belt","Question Card","Sozu","Charon\u0027s Ashes","Pantograph","Meat on the Bone","Happy Flower","Mercury Hourglass"],"potions_floor_usage":[6,14,33,50,50],"damage_taken":[{"damage":1,"enemies":"2 Louse","floor":1,"turns":3},{"damage":0,"enemies":"Cultist","floor":2,"turns":3},{"damage":1,"enemies":"Small Slimes","floor":3,"turns":3},{"damage":0,"enemies":"Exordium Wildlife","floor":4,"turns":3},{"damage":1,"enemies":"Blue Slaver","floor":5,"turns":3},{"damage":0,"enemies":"3 Sentries","floor":6,"turns":9},{"damage":0,"enemies":"Large Slime","floor":7,"turns":6},{"damage":11,"enemies":"Exordium Thugs","floor":8,"turns":5},{"damage":0,"enemies":"Gremlin Gang","floor":11,"turns":3},{"damage":0,"enemies":"3 Louse","floor":13,"turns":3},{"damage":0,"enemies":"Lagavulin","floor":14,"turns":2},{"damage":15,"enemies":"Slime Boss","floor":16,"turns":11},{"damage":6,"enemies":"Shell Parasite","floor":18,"turns":3},{"damage":1,"enemies":"Chosen","floor":19,"turns":3},{"damage":1,"enemies":"Sentry and Sphere","floor":20,"turns":3},{"damage":0,"enemies":"Snecko","floor":21,"turns":2},{"damage":0,"enemies":"Gremlin Leader","floor":24,"turns":4},{"damage":4,"enemies":"Shelled Parasite and Fungi","floor":27,"turns":4},{"damage":17,"enemies":"Centurion and Healer","floor":28,"turns":5},{"damage":4,"enemies":"3 Cultists","floor":29,"turns":4},{"damage":9,"enemies":"Book of Stabbing","floor":30,"turns":4},{"damage":0,"enemies":"Snecko","floor":31,"turns":3},{"damage":4,"enemies":"Automaton","floor":33,"turns":7},{"damage":0,"enemies":"3 Darklings","floor":35,"turns":3},{"damage":3,"enemies":"Orb Walker","floor":36,"turns":2},{"damage":0,"enemies":"Mind Bloom Boss Battle","floor":37,"turns":4},{"damage":0,"enemies":"Sphere and 2 Shapes","floor":38,"turns":3},{"damage":0,"enemies":"Reptomancer","floor":40,"turns":4},{"damage":0,"enemies":"Transient","floor":42,"turns":5},{"damage":25,"enemies":"Nemesis","floor":46,"turns":7},{"damage":0,"enemies":"Reptomancer","floor":48,"turns":4},{"damage":16,"enemies":"Awakened One","floor":50,"turns":9}],"seed_played":"-94792245061196449","potions_obtained":[{"floor":1,"key":"EssenceOfSteel"},{"floor":2,"key":"EssenceOfSteel"},{"floor":6,"key":"Regen Potion"},{"floor":7,"key":"SpeedPotion"},{"floor":11,"key":"Swift Potion"},{"floor":13,"key":"AttackPotion"},{"floor":20,"key":"Poison Potion"},{"floor":24,"key":"Swift Potion"},{"floor":28,"key":"Energy Potion"},{"floor":31,"key":"Energy Potion"},{"floor":33,"key":"Fire Potion"}],"is_trial":false,"path_per_floor":["M","M","M","M","M","E","M","M","T","?","M","R","M","E","R","B",null,"M","M","M","M","$","R","E","R","T","M","M","M","E","M","R","B",null,"M","M","?","M","?","E","R","M","T","R","?","E","R","E","R","B",null],"character_chosen":"IRONCLAD","items_purchased":["Molten Egg 2","Discovery"],"campfire_rested":0,"item_purchase_floors":[22,22],"current_hp_per_floor":[80,80,80,80,80,80,80,75,75,75,80,80,80,80,80,71,80,82,84,84,84,84,84,84,84,84,86,75,77,74,80,80,82,86,86,86,88,88,77,83,83,90,90,90,90,71,71,77,77,80],"gold":532,"neow_bonus":"RANDOM_COMMON_RELIC","is_prod":false,"is_daily":false,"chose_seed":false,"campfire_upgraded":9,"win_rate":1,"timestamp":1556046237,"path_taken":["M","M","M","M","M","E","M","M","T","?","M","R","M","E","R","BOSS","M","?","M","M","$","R","E","R","T","M","?","?","E","M","R","BOSS","M","M","?","M","?","E","R","M","T","R","?","E","R","E","R","BOSS"],"build_version":"2019-01-23","purchased_purges":1,"victory":true,"max_hp_per_floor":[80,80,80,80,80,80,80,80,80,80,80,80,80,80,80,80,80,82,84,84,84,84,84,84,84,84,86,86,86,86,86,86,86,86,86,86,88,88,88,88,88,90,90,90,90,90,90,90,90,90],"card_choices":[{"not_picked":["Infernal Blade","Heavy Blade"],"picked":"True Grit","floor":1},{"not_picked":["Flex","Iron Wave"],"picked":"Clothesline","floor":2},{"not_picked":["Twin Strike","Pummel"],"picked":"Flame Barrier","floor":3},{"not_picked":["Flex","Body Slam"],"picked":"Seeing Red","floor":4},{"not_picked":["Burning Pact","Pommel Strike"],"picked":"Perfected Strike","floor":5},{"not_picked":["Dropkick","Rage"],"picked":"Metallicize","floor":6},{"not_picked":["Evolve","Rampage"],"picked":"Headbutt","floor":7},{"not_picked":["Thunderclap","Bloodletting"],"picked":"Armaments","floor":8},{"not_picked":["Wild Strike","Dual Wield"],"picked":"Twin Strike","floor":11},{"not_picked":["Berserk","Wild Strike","Sword Boomerang"],"picked":"SKIP","floor":13},{"not_picked":["Barricade","Wild Strike"],"picked":"Spot Weakness","floor":14},{"not_picked":["Juggernaut","Fiend Fire"],"picked":"Immolate","floor":16},{"not_picked":["Heavy Blade+1","Sever Soul","Intimidate"],"picked":"Singing Bowl","floor":18},{"not_picked":["Armaments","Clothesline","Sword Boomerang"],"picked":"Singing Bowl","floor":19},{"not_picked":["Rage+1","Flame Barrier"],"picked":"Power Through+1","floor":20},{"not_picked":["Cleave","Body Slam+1"],"picked":"Corruption+1","floor":21},{"not_picked":["Rampage+1","Evolve"],"picked":"Disarm","floor":24},{"not_picked":["Heavy Blade+1","Anger+1","Intimidate+1"],"picked":"Singing Bowl","floor":27},{"not_picked":["Burning Pact+1","Sword Boomerang+1"],"picked":"Perfected Strike+1","floor":28},{"not_picked":["True Grit","Armaments"],"picked":"Blood for Blood+1","floor":29},{"not_picked":["Reckless Charge+1","Havoc+1"],"picked":"Headbutt+1","floor":30},{"not_picked":["Warcry+1","Sword Boomerang+1","Metallicize"],"picked":"Disarm","floor":31},{"not_picked":["Fiend Fire+1","Dark Embrace","Offering"],"picked":"Limit Break","floor":33},{"not_picked":["Havoc+1","Twin Strike+1","Sword Boomerang+1"],"picked":"Battle Trance+1","floor":35},{"not_picked":["Corruption+1","Wild Strike+1","Pommel Strike+1"],"picked":"Feel No Pain","floor":36},{"not_picked":["Twin Strike+1","Cleave+1","Thunderclap+1","Clothesline+1"],"picked":"Singing Bowl","floor":37},{"not_picked":["Clash+1","Sword Boomerang+1","Havoc"],"picked":"Immolate+1","floor":38},{"not_picked":["Dropkick+1","Inflame","Berserk"],"picked":"Shockwave","floor":40},{"not_picked":["Sentinel","Hemokinesis+1","Dropkick+1","Clash+1"],"picked":"Singing Bowl","floor":42},{"not_picked":["Headbutt+1","Shrug It Off","Wild Strike+1"],"picked":"Perfected Strike+1","floor":46},{"not_picked":["Sword Boomerang+1","Thunderclap+1","Ghostly Armor"],"picked":"Headbutt+1","floor":48}],"player_experience":530106,"relics_obtained":[{"floor":6,"key":"Vajra"},{"floor":9,"key":"Bottled Lightning"},{"floor":14,"key":"Singing Bowl"},{"floor":24,"key":"Calipers"},{"floor":26,"key":"Potion Belt"},{"floor":30,"key":"Question Card"},{"floor":37,"key":"Charon\u0027s Ashes"},{"floor":40,"key":"Pantograph"},{"floor":43,"key":"Meat on the Bone"},{"floor":46,"key":"Happy Flower"},{"floor":48,"key":"Mercury Hourglass"}],"event_choices":[{"cards_removed":["Defend_R"],"damage_healed":0,"gold_gain":0,"player_choice":"Offered Basic","damage_taken":0,"max_hp_gain":0,"max_hp_loss":0,"event_name":"Bonfire Elementals","floor":10,"gold_loss":0},{"damage_healed":0,"gold_gain":0,"player_choice":"Fight","damage_taken":0,"max_hp_gain":0,"max_hp_loss":0,"event_name":"MindBloom","floor":37,"gold_loss":0},{"damage_healed":0,"gold_gain":0,"player_choice":"Embrace Madness","damage_taken":11,"max_hp_gain":0,"max_hp_loss":0,"event_name":"Winding Halls","floor":39,"gold_loss":0,"cards_obtained":["Madness","Madness"]},{"cards_removed":["Strike_R"],"damage_healed":0,"gold_gain":0,"player_choice":"Removed Attack","damage_taken":0,"max_hp_gain":0,"max_hp_loss":0,"event_name":"Falling","floor":45,"gold_loss":0}],"is_beta":false,"boss_relics":[{"not_picked":["Eternal Feather","Empty Cage"],"picked":"Snecko Eye"},{"not_picked":["Pandora\u0027s Box","Runic Pyramid"],"picked":"Sozu"}],"items_purged_floors":[22],"is_endless":false,"potions_floor_spawned":[1,2,6,7,11,13,20,24,28,31,33,37,40,48],"ascension_level":0}