{"gold_per_floor":[111,111,125,144,167,167,205,205,258,258,258,258,272,272,272,392,392,417,417,441,441,456,456],"floor_reached":23,"playtime":1312,"items_purged":[],"score":217,"play_id":"1573e705-5687-4cf1-bef4-39dcfc3e2761","local_time":"20190406234958","is_ascension_mode":true,"campfire_choices":[{"data":"Sweeping Beam","floor":6,"key":"SMITH"},{"data":"Hologram","floor":8,"key":"SMITH"},{"data":"Conserve Battery","floor":10,"key":"SMITH"},{"floor":12,"key":"REST"},{"data":"Dualcast","floor":15,"key":"SMITH"}],"neow_cost":"NONE","seed_source_timestamp":4264863341674,"circlet_count":0,"master_deck":["Strike_B","Strike_B","Strike_B","Strike_B","Defend_B","Defend_B","Defend_B","Defend_B","Zap+1","Dualcast+1","Conserve Battery+1","Sweeping Beam+1","Sweeping Beam+1","Hologram+1","Gash","Gash","Redo"],"relics":["Cracked Core","Golden Idol","Odd Mushroom","Smiling Mask","Ornamental Fan","Sozu","Oddly Smooth Stone"],"potions_floor_usage":[16,23],"damage_taken":[{"damage":6,"enemies":"2 Louse","floor":1,"turns":3},{"damage":0,"enemies":"Jaw Worm","floor":3,"turns":3},{"damage":1,"enemies":"Small Slimes","floor":4,"turns":3},{"damage":2,"enemies":"Red Slaver","floor":5,"turns":3},{"damage":16,"enemies":"The Mushroom Lair","floor":7,"turns":3},{"damage":8,"enemies":"Gremlin Gang","floor":13,"turns":4},{"damage":23,"enemies":"The Guardian","floor":16,"turns":11},{"damage":6,"enemies":"Shell Parasite","floor":18,"turns":6},{"damage":0,"enemies":"Spheric Guardian","floor":20,"turns":3},{"damage":26,"enemies":"Cultist and Chosen","floor":22,"turns":6},{"damage":50,"enemies":"Gremlin Leader","floor":23,"turns":5}],"seed_played":"2538574568781245341","potions_obtained":[{"floor":4,"key":"AttackPotion"},{"floor":5,"key":"Ancient Potion"},{"floor":13,"key":"Regen Potion"}],"is_trial":false,"path_per_floor":["M","?","M","M","M","R","?","R","T","R","T","R","M","?","R","B",null,"M","?","M","?","M","E"],"character_chosen":"DEFECT","items_purchased":[],"campfire_rested":1,"item_purchase_floors":[],"current_hp_per_floor":[69,51,51,50,48,48,32,32,32,32,32,54,46,46,46,38,75,69,69,69,69,43,0],"gold":456,"neow_bonus":"UPGRADE_CARD","is_prod":false,"is_daily":false,"chose_seed":false,"campfire_upgraded":4,"win_rate":0,"timestamp":1554590998,"path_taken":["M","?","M","M","M","R","?","R","T","R","?","R","M","?","R","BOSS","M","?","?","?","M","E"],"build_version":"2019-01-23","purchased_purges":0,"victory":false,"max_hp_per_floor":[75,75,75,75,75,75,75,75,75,75,75,75,75,75,75,75,75,75,75,75,75,75,75],"card_choices":[{"not_picked":["Steam","Undo"],"picked":"Conserve Battery","floor":1},{"not_picked":["Ball Lightning","Turbo"],"picked":"Sweeping Beam","floor":3},{"not_picked":["Heatsinks","Force Field","Compile Driver"],"picked":"SKIP","floor":4},{"not_picked":["Doom and Gloom","Turbo"],"picked":"Sweeping Beam","floor":5},{"not_picked":["Redo","Turbo"],"picked":"Hologram","floor":7},{"not_picked":["Coolheaded","Storm","Force Field"],"picked":"SKIP","floor":13},{"not_picked":["Cold Snap","Sweeping Beam"],"picked":"Gash","floor":18},{"not_picked":["Undo+1","Compile Driver+1"],"picked":"Redo","floor":20},{"not_picked":["Barrage","Rip and Tear","Tempest"],"picked":"SKIP","floor":22}],"player_experience":387495,"relics_obtained":[{"floor":7,"key":"Odd Mushroom"},{"floor":9,"key":"Smiling Mask"},{"floor":11,"key":"Ornamental Fan"}],"event_choices":[{"damage_healed":0,"gold_gain":0,"player_choice":"Take Damage","damage_taken":18,"relics_obtained":["Golden Idol"],"max_hp_gain":0,"max_hp_loss":0,"event_name":"Golden Idol","floor":2,"gold_loss":0},{"damage_healed":0,"gold_gain":0,"player_choice":"Fought Mushrooms","damage_taken":0,"max_hp_gain":0,"max_hp_loss":0,"event_name":"Mushrooms","floor":7,"gold_loss":0},{"damage_healed":0,"gold_gain":0,"player_choice":"Forge","damage_taken":0,"max_hp_gain":0,"max_hp_loss":0,"event_name":"Accursed Blacksmith","floor":14,"gold_loss":0,"cards_upgraded":["Sweeping Beam"]},{"damage_healed":0,"gold_gain":0,"player_choice":"Copied","damage_taken":0,"max_hp_gain":0,"max_hp_loss":0,"event_name":"Duplicator","floor":19,"gold_loss":0,"cards_obtained":["Gash"]},{"damage_healed":0,"gold_gain":0,"player_choice":"Opened","damage_taken":0,"relics_obtained":["Oddly Smooth Stone"],"max_hp_gain":0,"max_hp_loss":0,"event_name":"The Mausoleum","floor":21,"gold_loss":0}],"is_beta":false,"boss_relics":[{"not_picked":["Tiny House","Calling Bell"],"picked":"Sozu"}],"items_purged_floors":[],"is_endless":false,"potions_floor_spawned":[4,5,13,20],"killed_by":"Gremlin Leader","ascension_level":4}