{"gold_per_floor":[114,33,49,49,66,66,98,115,141,141,160,189,189,203,203,277,277,287,299,50,61,61,61,87,103,126,153,67,167,167,177,177,254,254,270,370,244,244,295,320,320,15,38,50,88,115,82,107,107,107,107,107,107,54,87,87],"floor_reached":57,"playtime":2980,"items_purged":["Strike_R","Strike_R"],"score":2877,"play_id":"aba4a9af-9e1d-4a36-84b4-ce65ee9eadef","local_time":"20190207011306","is_ascension_mode":true,"campfire_choices":[{"data":"Bash","floor":6.0,"key":"SMITH"},{"data":"Inflame","floor":10.0,"key":"SMITH"},{"data":"Combust","floor":13.0,"key":"SMITH"},{"data":"Immolate","floor":15.0,"key":"SMITH"},{"floor":23.0,"key":"REST"},{"floor":32.0,"key":"REST"},{"data":"Spot Weakness","floor":41.0,"key":"SMITH"},{"data":"Heavy Blade","floor":44.0,"key":"SMITH"},{"floor":49.0,"key":"RECALL"},{"data":"Corruption","floor":53.0,"key":"SMITH"}],"neow_cost":"TEN_PERCENT_HP_LOSS","seed_source_timestamp":0,"circlet_count":0,"master_deck":["AscendersBane","Strike_R","Strike_R","Strike_R","Defend_R","Defend_R","Defend_R","Defend_R","Bash+1","Shrug It Off","Inflame+1","Spot Weakness+1","Headbutt","Shrug It Off","Anger","Combust+1","Immolate+1","Reaper","Exhume","Shockwave","Flame Barrier","Corruption+1","Anger","Reaper","Feel No Pain","Necronomicurse","Exhume","Evolve","Sword Boomerang","Feel No Pain","Heavy Blade+1","Offering","Dark Embrace","Feel No Pain","Feel No Pain"],"special_seed":0,"relics":["Burning Blood","Pocketwatch","Red Skull","Anchor","Odd Mushroom","Orrery","PreservedInsect","Dream Catcher","Bronze Scales","WingedGreaves","Singing Bowl","Necronomicon","Mark of Pain","FossilizedHelix","Du-Vu Doll","Strawberry","MawBank","Omamori","Letter Opener","Boot"],"potions_floor_usage":[],"damage_taken":[{"damage":8.0,"enemies":"Jaw Worm","floor":1.0,"turns":7.0},{"damage":1.0,"enemies":"2 Louse","floor":3.0,"turns":4.0},{"damage":8.0,"enemies":"Small Slimes","floor":5.0,"turns":3.0},{"damage":22.0,"enemies":"Lagavulin","floor":7.0,"turns":6.0},{"damage":5.0,"enemies":"Blue Slaver","floor":8.0,"turns":3.0},{"damage":0.0,"enemies":"2 Fungi Beasts","floor":11.0,"turns":3.0},{"damage":18.0,"enemies":"The Mushroom Lair","floor":12.0,"turns":3.0},{"damage":2.0,"enemies":"Looter","floor":14.0,"turns":3.0},{"damage":4.0,"enemies":"Slime Boss","floor":16.0,"turns":6.0},{"damage":22.0,"enemies":"3 Byrds","floor":18.0,"turns":4.0},{"damage":22.0,"enemies":"Spheric Guardian","floor":19.0,"turns":5.0},{"damage":30.0,"enemies":"Shelled Parasite and Fungi","floor":21.0,"turns":6.0},{"damage":20.0,"enemies":"Gremlin Leader","floor":24.0,"turns":5.0},{"damage":3.0,"enemies":"Snecko","floor":25.0,"turns":4.0},{"damage":59.0,"enemies":"Slavers","floor":27.0,"turns":4.0},{"damage":20.0,"enemies":"Colosseum Slavers","floor":29.0,"turns":6.0},{"damage":14.0,"enemies":"Colosseum Nobs","floor":29.0,"turns":3.0},{"damage":0.0,"enemies":"Cultist and Chosen","floor":31.0,"turns":2.0},{"damage":72.0,"enemies":"Collector","floor":33.0,"turns":8.0},{"damage":18.0,"enemies":"3 Shapes","floor":35.0,"turns":6.0},{"damage":0.0,"enemies":"Mind Bloom Boss Battle","floor":36.0,"turns":5.0},{"damage":48.0,"enemies":"2 Orb Walkers","floor":39.0,"turns":3.0},{"damage":81.0,"enemies":"Reptomancer","floor":40.0,"turns":6.0},{"damage":34.0,"enemies":"Nemesis","floor":45.0,"turns":7.0},{"damage":0.0,"enemies":"Orb Walker","floor":46.0,"turns":2.0},{"damage":30.0,"enemies":"Reptomancer","floor":48.0,"turns":6.0},{"damage":50.0,"enemies":"Time Eater","floor":50.0,"turns":8.0},{"damage":116.0,"enemies":"Awakened One","floor":51.0,"turns":10.0},{"damage":74.0,"enemies":"Shield and Spear","floor":55.0,"turns":7.0},{"damage":94,"enemies":"The Heart","floor":56,"turns":8}],"seed_played":"-6578158586292391555","potions_obtained":[{"floor":1.0,"key":"Dexterity Potion"},{"floor":5.0,"key":"Poison Potion"},{"floor":12.0,"key":"SteroidPotion"},{"floor":16.0,"key":"SmokeBomb"},{"floor":39.0,"key":"Swift Potion"},{"floor":40.0,"key":"Swift Potion"},{"floor":45.0,"key":"Strength Potion"}],"is_trial":false,"path_per_floor":["M","$","M","?","M","R","E","M","T","R","M","?","R","M","R","B",null,"M","M","$","M","?","R","E","M","T","E","$","?","?","M","R","B",null,"M","?","$","?","?","E","R","$","T","R","E","M","$","E","R","B","B",null,"R","$","E","B",null],"character_chosen":"IRONCLAD","items_purchased":["Inflame","Corruption","PreservedInsect","Feel No Pain","Sword Boomerang","Heavy Blade","Offering","Feel No Pain","Poison Potion"],"campfire_rested":2,"item_purchase_floors":[2,20,20,28,37,42,42,47,54],"current_hp_per_floor":[66,66,68,68,66,66,50,51,51,51,57,45,45,49,49,51,64,48,32,32,23,23,43,61,68,68,25,25,54,33,41,64,16,60,74,76,76,72,74,81,81,81,81,81,64,70,70,83,83,83,63,78,78,78,69,46],"gold":87,"neow_bonus":"ONE_RARE_RELIC","is_prod":false,"is_daily":false,"chose_seed":false,"campfire_upgraded":7,"win_rate":0,"timestamp":1549530786,"path_taken":["M","$","M","?","M","R","E","M","T","R","M","?","R","M","R","BOSS","M","M","$","M","?","R","E","M","T","E","$","?","?","M","R","BOSS","M","?","$","?","?","E","R","$","T","R","E","M","?","E","R","BOSS","BOSS","R","$","E","BOSS"],"build_version":"2019-02-06","purchased_purges":2,"victory":true,"max_hp_per_floor":[68,68,68,68,68,68,68,68,68,68,68,68,68,68,68,68,68,68,68,68,68,68,68,68,68,68,68,68,70,70,72,74,74,74,76,76,76,72,74,81,81,81,81,81,81,81,81,83,83,83,83,83,83,83,85,85],"card_choices":[{"not_picked":["Dual Wield","Perfected Strike"],"picked":"Shrug It Off","floor":1.0},{"not_picked":["Disarm","Perfected Strike"],"picked":"Spot Weakness","floor":3.0},{"not_picked":["Wild Strike","Thunderclap"],"picked":"Headbutt","floor":5.0},{"not_picked":["Heavy Blade","Hemokinesis"],"picked":"Shrug It Off","floor":7.0},{"not_picked":["Cleave","Heavy Blade"],"picked":"Anger","floor":8.0},{"not_picked":["Power Through","Rampage"],"picked":"Combust","floor":11.0},{"not_picked":["Inflame","Anger"],"picked":"Immolate","floor":14.0},{"not_picked":["Exhume","Dark Embrace"],"picked":"Reaper","floor":16.0},{"not_picked":["Infernal Blade","Twin Strike"],"picked":"Exhume","floor":17.0},{"not_picked":["Twin Strike","Anger"],"picked":"Shockwave","floor":18.0},{"not_picked":["Headbutt","Thunderclap+1"],"picked":"Flame Barrier","floor":19.0},{"not_picked":["Whirlwind","Sever Soul","Clash"],"picked":"SKIP","floor":21.0},{"not_picked":["Blood for Blood","Burning Pact+1","Inflame"],"picked":"SKIP","floor":24.0},{"not_picked":["Twin Strike+1","Burning Pact"],"picked":"Anger","floor":25.0},{"not_picked":["Clothesline","Combust+1"],"picked":"Reaper","floor":27.0},{"not_picked":["Corruption","Anger","Headbutt"],"picked":"Singing Bowl","floor":29.0},{"not_picked":["Thunderclap","Heavy Blade+1","Iron Wave"],"picked":"Singing Bowl","floor":31.0},{"not_picked":["Bloodletting","Evolve","Second Wind+1"],"picked":"Singing Bowl","floor":32.0},{"not_picked":["Berserk","Dark Embrace"],"picked":"Exhume","floor":33.0},{"not_picked":["Thunderclap","Anger","Armaments"],"picked":"Singing Bowl","floor":35.0},{"not_picked":["Armaments","Wild Strike"],"picked":"Evolve","floor":36.0},{"not_picked":["Wild Strike","Evolve","Sever Soul"],"picked":"Singing Bowl","floor":39.0},{"not_picked":["Perfected Strike","Uppercut+1"],"picked":"Feel No Pain","floor":40.0},{"not_picked":["Metallicize","Headbutt+1"],"picked":"Dark Embrace","floor":45.0},{"not_picked":["Anger","Entrench"],"picked":"Feel No Pain","floor":46.0},{"not_picked":["Reckless Charge","Juggernaut","Clothesline+1"],"picked":"Singing Bowl","floor":48.0},{"not_picked":["Blood for Blood","Warcry","Armaments"],"picked":"Singing Bowl","floor":55.0}],"player_experience":1098157,"relics_obtained":[{"floor":7.0,"key":"Red Skull"},{"floor":9.0,"key":"Anchor"},{"floor":12.0,"key":"Odd Mushroom"},{"floor":24.0,"key":"Dream Catcher"},{"floor":27.0,"key":"Bronze Scales"},{"floor":29.0,"key":"WingedGreaves"},{"floor":29.0,"key":"Singing Bowl"},{"floor":30.0,"key":"Necronomicon"},{"floor":36.0,"key":"FossilizedHelix"},{"floor":39.0,"key":"Du-Vu Doll"},{"floor":40.0,"key":"Strawberry"},{"floor":43.0,"key":"MawBank"},{"floor":45.0,"key":"Omamori"},{"floor":48.0,"key":"Letter Opener"},{"floor":55.0,"key":"Boot"}],"event_choices":[{"damage_healed":0.0,"max_hp_gain":0.0,"max_hp_loss":0.0,"gold_gain":0.0,"event_name":"Liars Game","player_choice":"Ignored","floor":4.0,"gold_loss":0.0,"damage_taken":0.0},{"damage_healed":0.0,"max_hp_gain":0.0,"max_hp_loss":0.0,"gold_gain":0.0,"event_name":"Mushrooms","player_choice":"Fought Mushrooms","floor":12.0,"gold_loss":0.0,"damage_taken":0.0},{"damage_healed":0.0,"max_hp_gain":0.0,"max_hp_loss":0.0,"gold_gain":0.0,"event_name":"Colosseum","player_choice":"Fight","floor":29.0,"gold_loss":0.0,"damage_taken":0.0},{"damage_healed":0.0,"max_hp_gain":0.0,"max_hp_loss":0.0,"gold_gain":0.0,"event_name":"Colosseum","player_choice":"Fought Nobs","floor":29.0,"gold_loss":0.0,"damage_taken":0.0},{"damage_healed":0.0,"max_hp_gain":0.0,"max_hp_loss":0.0,"gold_gain":0.0,"event_name":"Cursed Tome","player_choice":"Obtained Book","floor":30.0,"gold_loss":0.0,"damage_taken":21.0},{"damage_healed":0.0,"max_hp_gain":0.0,"max_hp_loss":0.0,"gold_gain":0.0,"event_name":"MindBloom","player_choice":"Fight","floor":36.0,"gold_loss":0.0,"damage_taken":0.0},{"damage_healed":0.0,"max_hp_gain":0.0,"max_hp_loss":4.0,"gold_gain":0.0,"event_name":"Winding Halls","player_choice":"Max HP","floor":38.0,"gold_loss":0.0,"damage_taken":0.0},{"damage_healed":0.0,"max_hp_gain":0.0,"max_hp_loss":0.0,"gold_gain":0.0,"event_name":"Mysterious Sphere","player_choice":"Fight","floor":39.0,"gold_loss":0.0,"damage_taken":0.0}],"is_beta":true,"boss_relics":[{"not_picked":["White Beast Statue","Lizard Tail"],"picked":"Orrery"},{"not_picked":["Busted Crown","Snecko Eye"],"picked":"Mark of Pain"}],"items_purged_floors":[37,42],"is_endless":false,"potions_floor_spawned":[1,5,12,16,24,25,29,29,39,40,45,48],"ascension_level":20}