{"gold_per_floor":[361,11,22,32,51,76,76,92,119,147,147,165,165,199,199,273,273,286,9,22,72,82,109,121,150,150,150,150,150,150,183,183,260,260,276,45,55,155,155,155,186,186,186,186,7,7,7,37,37,37,37],"floor_reached":52,"playtime":3698,"items_purged":["Decay","Clumsy"],"score":2143,"play_id":"38d41e6a-0ddb-4024-a348-17a39462cd68","local_time":"20190415044923","is_ascension_mode":true,"campfire_choices":[{"floor":7.0,"key":"REST"},{"data":"Defragment","floor":11.0,"key":"SMITH"},{"floor":13.0,"key":"REST"},{"data":"Zap","floor":15.0,"key":"SMITH"},{"data":"Defragment","floor":32.0,"key":"SMITH"},{"data":"Biased Cognition","floor":40.0,"key":"SMITH"},{"data":"Creative AI","floor":42.0,"key":"SMITH"},{"data":"Coolheaded","floor":44,"key":"SMITH"},{"data":"Coolheaded","floor":46,"key":"SMITH"},{"data":"Genetic Algorithm","floor":49,"key":"SMITH"}],"neow_cost":"CURSE","seed_source_timestamp":32782878440836,"circlet_count":0,"master_deck":["AscendersBane","Defend_B","Defend_B","Defend_B","Defend_B","Zap+1","Dualcast","Genetic Algorithm+1","Ball Lightning+1","Coolheaded+1","Defragment+1","Darkness","Coolheaded+1","Cold Snap+1","Coolheaded","Electrodynamics","Ball Lightning","Hologram","Creative AI+1","Glacier","Amplify","Defragment+1","Bite","Bite","Bite","Bite","Bite","Biased Cognition+1","Consume+1","Hologram+1","Genetic Algorithm+1","Glacier"],"special_seed":0,"relics":["Cracked Core","PreservedInsect","Centennial Puzzle","Juzu Bracelet","Whetstone","Cursed Key","Mummified Hand","Ancient Tea Set","Orichalcum","Pantograph","Blood Vial","Inserter","ClockworkSouvenir","Mango","Strawberry","Vajra"],"potions_floor_usage":[],"damage_taken":[{"damage":4.0,"enemies":"Cultist","floor":1.0,"turns":4.0},{"damage":4.0,"enemies":"Small Slimes","floor":3.0,"turns":3.0},{"damage":1.0,"enemies":"2 Louse","floor":4.0,"turns":2.0},{"damage":10.0,"enemies":"Lots of Slimes","floor":5.0,"turns":4.0},{"damage":19.0,"enemies":"3 Sentries","floor":6.0,"turns":5.0},{"damage":13.0,"enemies":"3 Louse","floor":8.0,"turns":3.0},{"damage":6.0,"enemies":"Gremlin Nob","floor":10.0,"turns":3.0},{"damage":8.0,"enemies":"Exordium Wildlife","floor":12.0,"turns":6.0},{"damage":0.0,"enemies":"Lagavulin","floor":14.0,"turns":5.0},{"damage":1.0,"enemies":"Hexaghost","floor":16.0,"turns":8.0},{"damage":0.0,"enemies":"Spheric Guardian","floor":18.0,"turns":3.0},{"damage":15.0,"enemies":"3 Byrds","floor":20.0,"turns":3.0},{"damage":2.0,"enemies":"Centurion and Healer","floor":22.0,"turns":3.0},{"damage":0.0,"enemies":"Gremlin Leader","floor":23.0,"turns":5.0},{"damage":7.0,"enemies":"Cultist and Chosen","floor":24.0,"turns":4.0},{"damage":16.0,"enemies":"Slavers","floor":25.0,"turns":4.0},{"damage":8.0,"enemies":"Gremlin Leader","floor":31.0,"turns":6.0},{"damage":0.0,"enemies":"Automaton","floor":33.0,"turns":11.0},{"damage":25.0,"enemies":"3 Darklings","floor":35.0,"turns":14.0},{"damage":8.0,"enemies":"Orb Walker","floor":37.0,"turns":15.0},{"damage":11.0,"enemies":"Mind Bloom Boss Battle","floor":38.0,"turns":18.0},{"damage":7.0,"enemies":"Nemesis","floor":41.0,"turns":19.0},{"damage":63,"enemies":"Reptomancer","floor":48,"turns":22},{"damage":28,"enemies":"Time Eater","floor":50,"turns":24},{"damage":30,"enemies":"Donu and Deca","floor":51,"turns":35}],"seed_played":"-3925734617227554061","potions_obtained":[{"floor":1.0,"key":"Block Potion"},{"floor":5.0,"key":"GamblersBrew"},{"floor":8.0,"key":"Fire Potion"},{"floor":14.0,"key":"Regen Potion"},{"floor":20.0,"key":"Strength Potion"},{"floor":22.0,"key":"Swift Potion"},{"floor":25.0,"key":"FocusPotion"},{"floor":28.0,"key":"Block Potion"}],"is_trial":false,"path_per_floor":["M","$","M","M","M","E","R","M","T","E","R","M","R","E","R","B",null,"M","$","M","?","M","E","M","E","T","?","?","?","?","E","R","B",null,"M","$","M","?","?","R","E","R","T","R","$","R","$","E","R","B","B",null],"character_chosen":"DEFECT","items_purchased":["PreservedInsect","Ball Lightning","PowerPotion","Mummified Hand","ClockworkSouvenir","Ancient Potion"],"campfire_rested":2,"item_purchase_floors":[2,2,2,19,36,45],"current_hp_per_floor":[60,60,56,55,45,26,47,34,34,28,28,20,41,41,41,40,63,63,63,48,48,46,58,51,35,35,35,35,15,15,17,17,53,53,53,53,53,67,67,67,74,74,74,74,74,74,74,37,37,50,74],"gold":37,"neow_bonus":"TWO_FIFTY_GOLD","is_prod":false,"is_daily":false,"chose_seed":false,"campfire_upgraded":8,"win_rate":0,"timestamp":1555328963,"path_taken":["M","$","M","M","M","E","R","M","T","E","R","M","R","E","R","BOSS","M","$","M","?","M","E","M","E","T","?","?","?","?","E","R","BOSS","M","$","M","?","?","R","E","R","T","R","?","R","$","E","R","BOSS","BOSS"],"build_version":"2019-04-04","purchased_purges":2,"victory":true,"max_hp_per_floor":[71,71,71,71,71,71,71,71,71,71,71,71,71,71,71,71,71,71,71,71,71,71,71,71,71,71,71,71,76,53,53,53,53,53,53,53,53,67,67,67,74,74,74,74,74,74,74,74,74,74,74],"card_choices":[{"not_picked":["Turbo","Hologram"],"picked":"Genetic Algorithm","floor":1.0},{"not_picked":["Beam Cell","Redo"],"picked":"Coolheaded","floor":3.0},{"not_picked":["Gash","Barrage"],"picked":"Defragment","floor":4.0},{"not_picked":["Force Field","Thunder Strike"],"picked":"Darkness","floor":5.0},{"not_picked":["Amplify","Recycle","Turbo"],"picked":"SKIP","floor":6.0},{"not_picked":["Hello World","Rebound"],"picked":"Coolheaded","floor":8.0},{"not_picked":["Steam","Storm","Heatsinks"],"picked":"SKIP","floor":10.0},{"not_picked":["Sunder","Thunder Strike"],"picked":"Cold Snap","floor":12.0},{"not_picked":["Cold Snap","Lockon"],"picked":"Coolheaded","floor":14.0},{"not_picked":["Reboot","Core Surge"],"picked":"Electrodynamics","floor":16.0},{"not_picked":["Leap","Storm"],"picked":"Ball Lightning","floor":18.0},{"not_picked":["Reprogram","Ball Lightning"],"picked":"Hologram","floor":20.0},{"not_picked":["Tempest","Hologram","Go for the Eyes"],"picked":"SKIP","floor":22.0},{"not_picked":["Tempest","Hologram","Go for the Eyes"],"picked":"SKIP","floor":22.0},{"not_picked":["Tempest","Hologram","Go for the Eyes"],"picked":"SKIP","floor":22.0},{"not_picked":["Cold Snap","Go for the Eyes"],"picked":"Creative AI","floor":23.0},{"not_picked":["Cold Snap","Self Repair"],"picked":"Glacier","floor":24.0},{"not_picked":["Redo","Fission"],"picked":"Amplify","floor":25.0},{"not_picked":["Coolheaded","Streamline","FTL"],"picked":"SKIP","floor":31.0},{"not_picked":["Reboot","Buffer"],"picked":"Biased Cognition","floor":33.0},{"not_picked":["Force Field","Steam"],"picked":"Consume+1","floor":35.0},{"not_picked":["Turbo","Sweeping Beam+1"],"picked":"Hologram+1","floor":37.0},{"not_picked":["Compile Driver","Static Discharge"],"picked":"Genetic Algorithm+1","floor":38.0},{"not_picked":["Chaos+1","Undo"],"picked":"Glacier","floor":41.0},{"not_picked":["Beam Cell","Stack","Self Repair+1"],"picked":"SKIP","floor":48}],"player_experience":1406761,"relics_obtained":[{"floor":6.0,"key":"Centennial Puzzle"},{"floor":10.0,"key":"Juzu Bracelet"},{"floor":14.0,"key":"Whetstone"},{"floor":23.0,"key":"Ancient Tea Set"},{"floor":25.0,"key":"Orichalcum"},{"floor":26.0,"key":"Pantograph"},{"floor":31.0,"key":"Blood Vial"},{"floor":38.0,"key":"Mango"},{"floor":41.0,"key":"Strawberry"},{"floor":48,"key":"Vajra"}],"event_choices":[{"damage_healed":0.0,"max_hp_gain":0.0,"max_hp_loss":0.0,"gold_gain":50.0,"event_name":"Nest","player_choice":"Stole From Cult","floor":21.0,"gold_loss":0.0,"damage_taken":0.0},{"damage_healed":0.0,"max_hp_gain":0.0,"max_hp_loss":0.0,"gold_gain":0.0,"event_name":"The Library","player_choice":"Read","floor":27.0,"gold_loss":0.0,"damage_taken":0.0,"cards_obtained":["Defragment"]},{"damage_healed":0.0,"max_hp_gain":0.0,"max_hp_loss":0.0,"gold_gain":0.0,"event_name":"Lab","player_choice":"Got Potions","floor":28.0,"gold_loss":0.0,"damage_taken":0.0},{"damage_healed":0.0,"max_hp_gain":5.0,"max_hp_loss":0.0,"gold_gain":0.0,"event_name":"Forgotten Altar","player_choice":"Shed Blood","floor":29.0,"gold_loss":0.0,"damage_taken":25.0},{"damage_healed":0.0,"max_hp_gain":0.0,"max_hp_loss":23.0,"gold_gain":0.0,"event_name":"Vampires","player_choice":"Became a vampire","floor":30.0,"gold_loss":0.0,"damage_taken":0.0,"cards_obtained":["Bite","Bite","Bite","Bite","Bite"]},{"damage_healed":0.0,"max_hp_gain":0.0,"max_hp_loss":0.0,"gold_gain":0.0,"event_name":"MindBloom","player_choice":"Fight","floor":38.0,"gold_loss":0.0,"damage_taken":0.0},{"damage_healed":0.0,"max_hp_gain":0.0,"max_hp_loss":0.0,"gold_gain":0.0,"event_name":"Tomb of Lord Red Mask","player_choice":"Ignored","floor":39.0,"gold_loss":0.0,"damage_taken":0.0}],"is_beta":true,"boss_relics":[{"not_picked":["Lizard Tail","Busted Crown"],"picked":"Cursed Key"},{"not_picked":["White Beast Statue","FrozenCore"],"picked":"Inserter"}],"items_purged_floors":[2,45],"is_endless":false,"potions_floor_spawned":[1,5,8,12,14,20,22,25,31,35,48],"ascension_level":20}