{"gold_per_floor":[117,133,233,253,263,297,7,7,7,7,7,7,33,45,45,119,119,130,130,130,146,164,194,194,220,220,220,220,249,249,261,261,340,340,353,353,353,397,377,377,389,402,402,419,448,448,135,154,154,154,154,154,154,11,37,37],"floor_reached":56,"playtime":3184,"items_purged":["Bite"],"score":1965,"play_id":"e8914149-d92c-4834-b0ac-c9d7a87637df","local_time":"20190120234025","is_ascension_mode":true,"campfire_choices":[{"data":"Whirlwind","floor":8.0,"key":"SMITH"},{"data":"Inflame","floor":10.0,"key":"SMITH"},{"data":"Anger","floor":12.0,"key":"SMITH"},{"data":"Disarm","floor":15.0,"key":"SMITH"},{"data":"Offering","floor":24.0,"key":"SMITH"},{"data":"Shockwave","floor":30.0,"key":"SMITH"},{"data":"Battle Trance","floor":32.0,"key":"SMITH"},{"floor":40.0,"key":"RECALL"},{"data":"Sword Boomerang","floor":46.0,"key":"SMITH"},{"data":"Bash","floor":49,"key":"SMITH"},{"floor":53,"key":"REST"}],"neow_cost":"NONE","seed_source_timestamp":245269802945618,"circlet_count":0,"master_deck":["AscendersBane","Defend_R","Defend_R","Defend_R","Defend_R","Bash+1","Anger+1","Disarm+1","Battle Trance+1","Clothesline","Inflame+1","Whirlwind+1","Shrug It Off","Shockwave+1","Reaper","Flame Barrier+1","Bite","Bite","Bite","Sword Boomerang+1","Armaments+1","Offering+1","Corruption","Spot Weakness+1","Reaper","True Grit+1","Warcry+1","Dark Embrace","Transmutation+1","Flame Barrier+1","Flame Barrier+1","Inflame+1","True Grit+1","Shockwave+1","Evolve","Shrug It Off+1","Entrench+1"],"special_seed":0,"relics":["Burning Blood","Omamori","Vajra","Oddly Smooth Stone","Gremlin Horn","Runic Dome","Happy Flower","Dream Catcher","Bronze Scales","Toxic Egg 2","Pear","Snecko Eye","Shuriken","Sling","Boot"],"potions_floor_usage":[],"damage_taken":[{"damage":7.0,"enemies":"Small Slimes","floor":1.0,"turns":4.0},{"damage":7.0,"enemies":"Cultist","floor":2.0,"turns":4.0},{"damage":2.0,"enemies":"2 Louse","floor":4.0,"turns":3.0},{"damage":19.0,"enemies":"Lots of Slimes","floor":5.0,"turns":8.0},{"damage":19.0,"enemies":"3 Sentries","floor":6.0,"turns":13.0},{"damage":16.0,"enemies":"Gremlin Nob","floor":13.0,"turns":4.0},{"damage":0.0,"enemies":"3 Louse","floor":14.0,"turns":2.0},{"damage":2.0,"enemies":"The Guardian","floor":16.0,"turns":10.0},{"damage":12.0,"enemies":"Spheric Guardian","floor":18.0,"turns":5.0},{"damage":13.0,"enemies":"Shell Parasite","floor":21.0,"turns":4.0},{"damage":8.0,"enemies":"Snecko","floor":22.0,"turns":5.0},{"damage":21.0,"enemies":"Slavers","floor":23.0,"turns":4.0},{"damage":15.0,"enemies":"Book of Stabbing","floor":25.0,"turns":5.0},{"damage":6.0,"enemies":"Gremlin Leader","floor":29.0,"turns":4.0},{"damage":22.0,"enemies":"Snake Plant","floor":31.0,"turns":4.0},{"damage":84.0,"enemies":"Collector","floor":33.0,"turns":7.0},{"damage":32.0,"enemies":"Orb Walker","floor":35.0,"turns":4.0},{"damage":0.0,"enemies":"3 Shapes","floor":38.0,"turns":3.0},{"damage":18.0,"enemies":"Writhing Mass","floor":41.0,"turns":4.0},{"damage":6.0,"enemies":"3 Darklings","floor":42.0,"turns":2.0},{"damage":0.0,"enemies":"4 Shapes","floor":44.0,"turns":1.0},{"damage":6.0,"enemies":"Nemesis","floor":45.0,"turns":5.0},{"damage":9,"enemies":"Writhing Mass","floor":48,"turns":5},{"damage":79,"enemies":"Awakened One","floor":50,"turns":20},{"damage":84,"enemies":"Time Eater","floor":51,"turns":15},{"damage":40,"enemies":"Shield and Spear","floor":55,"turns":5},{"damage":54,"enemies":"The Heart","floor":56,"turns":2}],"seed_played":"495677046974737839","potions_obtained":[{"floor":1.0,"key":"PowerPotion"},{"floor":2.0,"key":"Ancient Potion"},{"floor":6.0,"key":"SkillPotion"},{"floor":13.0,"key":"Block Potion"},{"floor":31.0,"key":"Energy Potion"},{"floor":33.0,"key":"SteroidPotion"},{"floor":39.0,"key":"Fruit Juice"},{"floor":41.0,"key":"EssenceOfSteel"},{"floor":42.0,"key":"Energy Potion"}],"is_trial":false,"path_per_floor":["?","M","$","?","?","M","?","?","M","?","?","M","?","M"],"character_chosen":"IRONCLAD","items_purchased":["Inflame","Whirlwind","Vajra","True Grit+1","Sling","Evolve","Shrug It Off+1"],"campfire_rested":1,"item_purchase_floors":[7,7,7,47,47,54,54],"current_hp_per_floor":[74,73,73,77,64,51,51,51,51,51,51,51,41,47,47,51,74,75,57,57,56,57,47,47,47,47,47,47,67,67,63,63,28,57,48,38,38,67,72,72,72,72,72,72,72,72,72,72,72,70,29,61,72,72,53,0],"gold":37,"neow_bonus":"TEN_PERCENT_HP_BONUS","is_prod":false,"is_daily":false,"chose_seed":false,"campfire_upgraded":9,"win_rate":0,"timestamp":1548056425,"path_taken":["M","M","?","M","?","E","$","R","T","R","?","R","E","M","R","BOSS","M","?","?","?","M","E","R","E","T","?","?","E","R","?","R","BOSS","M","?","?","?","?","R","?","M","T","M","E","R","$","M","R","BOSS","BOSS","R","$","E","BOSS"],"build_version":"2019-01-20","purchased_purges":1,"victory":false,"max_hp_per_floor":[82,82,82,82,82,82,82,82,82,82,82,82,82,82,82,82,82,82,57,57,57,57,57,57,57,57,57,57,67,67,67,67,67,67,67,67,67,67,72,72,72,72,72,72,72,72,72,72,72,72,72,72,72,72,72,72],"card_choices":[{"not_picked":["Rage","Perfected Strike"],"picked":"Anger","floor":1.0},{"not_picked":["Headbutt","Thunderclap"],"picked":"Disarm","floor":2.0},{"not_picked":["Hemokinesis","Anger","Iron Wave"],"picked":"SKIP","floor":4.0},{"not_picked":["Sword Boomerang","Pommel Strike"],"picked":"Battle Trance","floor":5.0},{"not_picked":["True Grit","Flex"],"picked":"Clothesline","floor":6.0},{"not_picked":["Shockwave","Feel No Pain"],"picked":"Shrug It Off","floor":13.0},{"not_picked":["Seeing Red","Feel No Pain"],"picked":"Shockwave","floor":14.0},{"not_picked":["Impervious","Demon Form"],"picked":"Reaper","floor":16.0},{"not_picked":["Evolve","Cleave"],"picked":"Flame Barrier+1","floor":18.0},{"not_picked":["Warcry","Clash"],"picked":"Sword Boomerang","floor":21.0},{"not_picked":["Warcry","Cleave"],"picked":"Armaments+1","floor":22.0},{"not_picked":["Second Wind","Warcry"],"picked":"Offering","floor":23.0},{"not_picked":["Warcry","Sever Soul"],"picked":"Corruption","floor":25.0},{"not_picked":["Twin Strike","Flex+1"],"picked":"True Grit+1","floor":29.0},{"not_picked":["Cleave","Heavy Blade"],"picked":"Warcry+1","floor":31.0},{"not_picked":["Barricade","Berserk"],"picked":"Dark Embrace","floor":33.0},{"not_picked":["Pommel Strike","Havoc+1","Iron Wave"],"picked":"SKIP","floor":35.0},{"not_picked":["Forethought+1","Madness+1"],"picked":"Transmutation+1","floor":36.0},{"not_picked":["Perfected Strike","Whirlwind","Body Slam"],"picked":"SKIP","floor":38.0},{"not_picked":["Flex+1","Pommel Strike","Clash+1"],"picked":"SKIP","floor":41.0},{"not_picked":["Thunderclap","Infernal Blade+1"],"picked":"Flame Barrier+1","floor":42.0},{"not_picked":["Searing Blow+1","Infernal Blade+1"],"picked":"Flame Barrier+1","floor":44.0},{"not_picked":["Battle Trance+1","Immolate"],"picked":"Inflame+1","floor":45.0},{"not_picked":["Dropkick","Whirlwind"],"picked":"Shockwave+1","floor":48},{"not_picked":["Twin Strike","Corruption"],"picked":"Entrench+1","floor":55}],"player_experience":996821,"relics_obtained":[{"floor":6.0,"key":"Omamori"},{"floor":9.0,"key":"Oddly Smooth Stone"},{"floor":13.0,"key":"Gremlin Horn"},{"floor":23.0,"key":"Dream Catcher"},{"floor":25.0,"key":"Bronze Scales"},{"floor":26.0,"key":"Toxic Egg 2"},{"floor":29.0,"key":"Pear"},{"floor":45.0,"key":"Shuriken"},{"floor":55,"key":"Boot"}],"event_choices":[{"damage_healed":0.0,"max_hp_gain":0.0,"max_hp_loss":0.0,"gold_gain":100.0,"event_name":"Wheel of Change","player_choice":"Gold","floor":3.0,"gold_loss":0.0,"damage_taken":0.0},{"damage_healed":0.0,"max_hp_gain":0.0,"max_hp_loss":25.0,"gold_gain":0.0,"event_name":"Vampires","player_choice":"Became a vampire","floor":19.0,"gold_loss":0.0,"damage_taken":0.0,"cards_obtained":["Bite","Bite","Bite","Bite","Bite"]},{"cards_removed":["Bite"],"damage_healed":0.0,"max_hp_gain":0.0,"max_hp_loss":0.0,"gold_gain":0.0,"event_name":"WeMeetAgain","player_choice":"Gave Card","floor":20.0,"gold_loss":0.0,"damage_taken":0.0,"relics_obtained":["Happy Flower"]},{"damage_healed":0.0,"max_hp_gain":0.0,"max_hp_loss":0.0,"gold_gain":0.0,"event_name":"The Library","player_choice":"Read","floor":27.0,"gold_loss":0.0,"damage_taken":0.0,"cards_obtained":["Spot Weakness"]},{"damage_healed":0.0,"max_hp_gain":0.0,"max_hp_loss":0.0,"gold_gain":0.0,"event_name":"Duplicator","player_choice":"Copied","floor":28.0,"gold_loss":0.0,"damage_taken":0.0,"cards_obtained":["Reaper"]},{"damage_healed":0.0,"max_hp_gain":0.0,"max_hp_loss":0.0,"gold_gain":0.0,"event_name":"SensoryStone","player_choice":"Memory 3","floor":36.0,"gold_loss":0.0,"damage_taken":10.0},{"damage_healed":0.0,"max_hp_gain":0.0,"max_hp_loss":0.0,"gold_gain":0.0,"event_name":"Lab","player_choice":"Got Potions","floor":37.0,"gold_loss":0.0,"damage_taken":0.0},{"damage_healed":0.0,"max_hp_gain":0.0,"max_hp_loss":0.0,"gold_gain":0.0,"event_name":"The Woman in Blue","player_choice":"Bought 1 Potion","floor":39.0,"gold_loss":0.0,"damage_taken":0.0}],"is_beta":true,"boss_relics":[{"not_picked":["Tiny House","Eternal Feather"],"picked":"Runic Dome"},{"not_picked":["Runic Cube","Calling Bell"],"picked":"Snecko Eye"}],"items_purged_floors":[47],"is_endless":false,"potions_floor_spawned":[1,2,4,6,13,21,31,33,35,41,42,48],"killed_by":"The Heart","ascension_level":20}