{"gold_per_floor":[113,113,73,86,11,11,39,39,66,91,91,102,102,128,128,202,202,214,214,227,49,64,64,97,12,12,12,42,57,157,177,177,249,299,318,332,332,343,443,498,498,517,567,598,678,28,44,61,61,61,61],"floor_reached":52,"playtime":3232,"items_purged":["Parasite","Eviscerate","Heel Hook"],"score":2111,"play_id":"70facc1c-d63a-4fb3-907e-2cca63bb2b95","local_time":"20190124021108","is_ascension_mode":true,"campfire_choices":[{"data":"Noxious Fumes","floor":6.0,"key":"SMITH"},{"floor":11.0,"key":"REST"},{"data":"Cloak And Dagger","floor":13.0,"key":"SMITH"},{"data":"Catalyst","floor":15.0,"key":"SMITH"},{"floor":23.0,"key":"REST"},{"floor":27.0,"key":"REST"},{"data":"After Image","floor":32.0,"key":"SMITH"},{"floor":41.0,"key":"REST"},{"data":"Wraith Form v2","floor":49,"key":"SMITH"}],"neow_cost":"CURSE","seed_source_timestamp":413012126777682,"circlet_count":0,"master_deck":["AscendersBane","Survivor+1","Neutralize","Storm of Steel+1","Riddle With Holes","Noxious Fumes+1","PiercingWail","After Image+1","Acrobatics","Cloak And Dagger+1","Catalyst+1","Adrenaline","Predator","PiercingWail","Cloak And Dagger","Catalyst","Storm of Steel","Acrobatics","After Image","Accuracy+1","Calculated Gamble","PiercingWail","Reflex","Infinite Blades","Wraith Form v2+1","Noxious Fumes","Noxious Fumes","Bouncing Flask+1","A Thousand Cuts","Concentrate+1","Footwork","After Image+1"],"special_seed":0,"relics":["Ring of the Snake","Orichalcum","War Paint","Snake Skull","Anchor","Calipers","Pandora\u0027s Box","Molten Egg 2","Gambling Chip","Bird Faced Urn","Smiling Mask","Unceasing Top","Singing Bowl","Tiny House","Du-Vu Doll","Tiny Chest","Dodecahedron","Mummified Hand","DollysMirror"],"potions_floor_usage":[],"damage_taken":[{"damage":3.0,"enemies":"Cultist","floor":1.0,"turns":4.0},{"damage":4.0,"enemies":"Small Slimes","floor":4.0,"turns":3.0},{"damage":33.0,"enemies":"Lagavulin","floor":7.0,"turns":8.0},{"damage":18.0,"enemies":"Gremlin Nob","floor":10.0,"turns":4.0},{"damage":0.0,"enemies":"Jaw Worm","floor":12.0,"turns":6.0},{"damage":4.0,"enemies":"3 Sentries","floor":14.0,"turns":6.0},{"damage":0.0,"enemies":"The Guardian","floor":16.0,"turns":9.0},{"damage":13.0,"enemies":"Shell Parasite","floor":18.0,"turns":5.0},{"damage":0.0,"enemies":"3 Byrds","floor":20.0,"turns":7.0},{"damage":9.0,"enemies":"Cultist and Chosen","floor":22.0,"turns":5.0},{"damage":40.0,"enemies":"Slavers","floor":24.0,"turns":7.0},{"damage":26.0,"enemies":"Book of Stabbing","floor":28.0,"turns":7.0},{"damage":6.0,"enemies":"3 Cultists","floor":29.0,"turns":4.0},{"damage":0.0,"enemies":"Colosseum Slavers","floor":30.0,"turns":5.0},{"damage":0.0,"enemies":"Colosseum Nobs","floor":30.0,"turns":4.0},{"damage":0.0,"enemies":"Chosen and Byrds","floor":31.0,"turns":5.0},{"damage":44.0,"enemies":"Automaton","floor":33.0,"turns":10.0},{"damage":0.0,"enemies":"Orb Walker","floor":35.0,"turns":5.0},{"damage":0.0,"enemies":"3 Shapes","floor":36.0,"turns":6.0},{"damage":9.0,"enemies":"Jaw Worm Horde","floor":38.0,"turns":6.0},{"damage":0.0,"enemies":"Mind Bloom Boss Battle","floor":39.0,"turns":6.0},{"damage":45.0,"enemies":"Giant Head","floor":40.0,"turns":7.0},{"damage":6.0,"enemies":"Maw","floor":42.0,"turns":6.0},{"damage":43.0,"enemies":"Reptomancer","floor":44.0,"turns":6.0},{"damage":0,"enemies":"Sphere and 2 Shapes","floor":47,"turns":5},{"damage":0,"enemies":"Transient","floor":48,"turns":6},{"damage":0,"enemies":"Donu and Deca","floor":50,"turns":9},{"damage":78,"enemies":"Time Eater","floor":51,"turns":11}],"seed_played":"-5457755899929457433","potions_obtained":[{"floor":1.0,"key":"FearPotion"},{"floor":7.0,"key":"PowerPotion"},{"floor":10.0,"key":"GhostInAJar"},{"floor":16.0,"key":"Poison Potion"},{"floor":22.0,"key":"SpeedPotion"},{"floor":29.0,"key":"Fire Potion"},{"floor":31.0,"key":"LiquidBronze"},{"floor":34.0,"key":"GhostInAJar"},{"floor":36.0,"key":"LiquidBronze"},{"floor":39.0,"key":"AttackPotion"},{"floor":44.0,"key":"Fire Potion"},{"floor":48,"key":"Ancient Potion"}],"is_trial":false,"path_per_floor":["M","T","$","M","$","R","E","?","T","E","R","M","R","E","R","B",null,"M","?","M","$","M","R","E","?","T","R","E","M","?","M","R","B",null,"M","M","?","M","?","E","R","M","T","E","T","$","M","M","R","B","B",null],"character_chosen":"THE_SILENT","items_purchased":["Noxious Fumes","Calculated Gamble","Mummified Hand","Footwork","DollysMirror"],"campfire_rested":4,"item_purchase_floors":[3,21,46,46,46],"current_hp_per_floor":[56,56,56,52,52,52,19,19,19,1,19,19,19,15,15,15,51,38,38,38,38,29,47,7,7,7,25,7,7,23,35,35,1,56,68,72,68,61,70,25,46,54,54,29,29,29,51,75,75,76,8],"gold":61,"neow_bonus":"TRANSFORM_TWO_CARDS","is_prod":false,"is_daily":false,"chose_seed":false,"campfire_upgraded":5,"win_rate":0,"timestamp":1548324668,"path_taken":["M","?","?","M","$","R","E","?","T","E","R","?","R","E","R","BOSS","M","?","M","$","?","R","E","?","T","R","E","M","?","M","R","BOSS","M","M","?","M","?","E","R","M","T","E","?","$","M","M","R","BOSS","BOSS"],"build_version":"2019-01-23","purchased_purges":3,"victory":true,"max_hp_per_floor":[66,66,66,66,63,63,63,63,63,63,63,63,63,63,63,63,63,63,63,63,63,63,63,63,63,63,63,63,63,63,65,65,65,72,72,72,68,68,70,70,70,70,70,72,72,72,74,76,76,76,76],"card_choices":[{"not_picked":["Blade Dance","Prepared","Expertise"],"picked":"SKIP","floor":1.0},{"not_picked":["Dash","Caltrops"],"picked":"PiercingWail","floor":4.0},{"not_picked":["Caltrops","Underhanded Strike"],"picked":"After Image","floor":7.0},{"not_picked":["Outmaneuver","Expertise"],"picked":"Acrobatics","floor":10.0},{"not_picked":["Dodge and Roll","Finisher"],"picked":"Cloak And Dagger","floor":12.0},{"not_picked":["Prepared","Dagger Throw"],"picked":"Catalyst","floor":14.0},{"not_picked":["Night Terror","Wraith Form v2"],"picked":"Adrenaline","floor":16.0},{"not_picked":["Flying Knee","Bane"],"picked":"Acrobatics","floor":18.0},{"not_picked":["Slice+1","Flying Knee"],"picked":"Accuracy+1","floor":20.0},{"not_picked":["Dodge and Roll","Bane"],"picked":"PiercingWail","floor":22.0},{"not_picked":["Backflip","Setup","Dagger Spray"],"picked":"SKIP","floor":24.0},{"not_picked":["Underhanded Strike+1","Flechettes+1"],"picked":"Reflex","floor":28.0},{"not_picked":["Dagger Spray+1","Tools of the Trade","Prepared"],"picked":"SKIP","floor":29.0},{"not_picked":["Outmaneuver","Bane+1"],"picked":"Infinite Blades","floor":30.0},{"not_picked":["Heel Hook+1","Deadly Poison","Outmaneuver"],"picked":"Singing Bowl","floor":31.0},{"not_picked":["Phantasmal Killer","Malaise"],"picked":"Wraith Form v2","floor":33.0},{"not_picked":["Blur","Poisoned Stab+1","Sucker Punch+1"],"picked":"Singing Bowl","floor":34.0},{"not_picked":["Setup","Blur+1"],"picked":"Noxious Fumes","floor":35.0},{"not_picked":["Endless Agony+1","Caltrops"],"picked":"Noxious Fumes","floor":36.0},{"not_picked":["Flechettes+1","Dagger Throw+1"],"picked":"Bouncing Flask+1","floor":38.0},{"not_picked":["Prepared","Cloak And Dagger","Outmaneuver"],"picked":"Singing Bowl","floor":39.0},{"not_picked":["Masterful Stab+1","Infinite Blades"],"picked":"A Thousand Cuts","floor":40.0},{"not_picked":["Acrobatics+1","Underhanded Strike+1"],"picked":"Concentrate+1","floor":42.0},{"not_picked":["Blade Dance","Predator+1","Prepared"],"picked":"Singing Bowl","floor":44.0},{"not_picked":["Prepared","Expertise","Bane+1"],"picked":"Singing Bowl","floor":47},{"not_picked":["Bouncing Flask","Leg Sweep","Poisoned Stab+1"],"picked":"Singing Bowl","floor":48}],"player_experience":1026026,"relics_obtained":[{"floor":2.0,"key":"Orichalcum"},{"floor":7.0,"key":"War Paint"},{"floor":9.0,"key":"Snake Skull"},{"floor":10.0,"key":"Anchor"},{"floor":14.0,"key":"Calipers"},{"floor":24.0,"key":"Molten Egg 2"},{"floor":26.0,"key":"Bird Faced Urn"},{"floor":28.0,"key":"Smiling Mask"},{"floor":30.0,"key":"Unceasing Top"},{"floor":30.0,"key":"Singing Bowl"},{"floor":39.0,"key":"Du-Vu Doll"},{"floor":40.0,"key":"Tiny Chest"},{"floor":44.0,"key":"Dodecahedron"}],"event_choices":[{"cards_removed":["Strike_G"],"damage_healed":0.0,"max_hp_gain":0.0,"max_hp_loss":0.0,"gold_gain":0.0,"event_name":"Purifier","player_choice":"Purged","floor":8.0,"gold_loss":0.0,"damage_taken":0.0},{"damage_healed":0.0,"max_hp_gain":0.0,"max_hp_loss":0.0,"gold_gain":0.0,"event_name":"Duplicator","player_choice":"Copied","floor":19.0,"gold_loss":0.0,"damage_taken":0.0,"cards_obtained":["After Image"]},{"damage_healed":0.0,"max_hp_gain":0.0,"max_hp_loss":0.0,"gold_gain":0.0,"event_name":"Addict","player_choice":"Obtained Relic","floor":25.0,"gold_loss":85.0,"damage_taken":0.0,"relics_obtained":["Gambling Chip"]},{"damage_healed":0.0,"max_hp_gain":0.0,"max_hp_loss":0.0,"gold_gain":0.0,"event_name":"Colosseum","player_choice":"Fight","floor":30.0,"gold_loss":0.0,"damage_taken":0.0},{"damage_healed":0.0,"max_hp_gain":0.0,"max_hp_loss":0.0,"gold_gain":0.0,"event_name":"Colosseum","player_choice":"Fought Nobs","floor":30.0,"gold_loss":0.0,"damage_taken":0.0},{"damage_healed":0.0,"max_hp_gain":0.0,"max_hp_loss":4.0,"gold_gain":0.0,"event_name":"Winding Halls","player_choice":"Max HP","floor":37.0,"gold_loss":0.0,"damage_taken":0.0},{"damage_healed":0.0,"max_hp_gain":0.0,"max_hp_loss":0.0,"gold_gain":0.0,"event_name":"MindBloom","player_choice":"Fight","floor":39.0,"gold_loss":0.0,"damage_taken":0.0}],"is_beta":true,"boss_relics":[{"not_picked":["Ectoplasm","Busted Crown"],"picked":"Pandora\u0027s Box"},{"not_picked":["Velvet Choker","Calling Bell"],"picked":"Tiny House"}],"items_purged_floors":[5,21,46],"is_endless":false,"potions_floor_spawned":[1,7,10,16,18,22,29,30,31,36,39,44,48],"ascension_level":20}