{"gold_per_floor":[111,121,141,141,141,141,171,53,130,280,294,294],"floor_reached":12,"playtime":442,"items_purged":["Strike_G"],"score":156,"play_id":"a092bacc-a51b-4884-af74-874329cf69cc","local_time":"20190204193442","is_ascension_mode":true,"campfire_choices":[{"data":"Dash","floor":6,"key":"SMITH"}],"neow_cost":"NONE","seed_source_timestamp":1117898312632548,"circlet_count":0,"master_deck":["AscendersBane","Defend_G","Defend_G","Defend_G+1","Defend_G","Defend_G","Strike_G","Strike_G","Strike_G+1","Strike_G","Survivor","Neutralize","Envenom","Dash+1","Deadly Poison","Burst","Well Laid Plans","Doubt","PiercingWail"],"special_seed":0,"relics":["Ring of the Snake","Vajra","Kunai"],"potions_floor_usage":[12,12],"damage_taken":[{"damage":2.0,"enemies":"Jaw Worm","floor":1.0,"turns":6.0},{"damage":11.0,"enemies":"Small Slimes","floor":2.0,"turns":4.0},{"damage":0,"enemies":"2 Louse","floor":3,"turns":5},{"damage":17,"enemies":"Lagavulin","floor":7,"turns":6},{"damage":14,"enemies":"Large Slime","floor":11,"turns":9},{"damage":15,"enemies":"Gremlin Nob","floor":12,"turns":4}],"seed_played":"903438590938195310","potions_obtained":[{"floor":1.0,"key":"SkillPotion"},{"floor":2.0,"key":"SneckoOil"}],"is_trial":false,"path_per_floor":["M","M","M","?","?","R","E","$","T","?","M","?"],"character_chosen":"THE_SILENT","items_purchased":["Well Laid Plans"],"campfire_rested":0,"item_purchase_floors":[8],"current_hp_per_floor":[57,46,46,26,48,48,31,31,31,31,17,2],"gold":294,"neow_bonus":"ONE_RANDOM_RARE_CARD","is_prod":false,"is_daily":false,"chose_seed":false,"campfire_upgraded":1,"win_rate":0,"timestamp":1549337682,"path_taken":["M","M","M","?","?","R","E","$","T","?","?","?"],"build_version":"2019-01-23","purchased_purges":1,"victory":false,"max_hp_per_floor":[66,66,66,66,66,66,66,66,66,66,66,66],"card_choices":[{"not_picked":["Terror","Backflip"],"picked":"Dash","floor":1.0},{"not_picked":["Choke","Dagger Spray"],"picked":"Deadly Poison","floor":2.0},{"not_picked":["Distraction","Blur","Flying Knee"],"picked":"SKIP","floor":3},{"not_picked":["Finisher","Backstab"],"picked":"Burst","floor":7},{"not_picked":["Dodge and Roll","Outmaneuver"],"picked":"PiercingWail","floor":11}],"player_experience":1078975,"relics_obtained":[{"floor":7,"key":"Vajra"},{"floor":9,"key":"Kunai"}],"event_choices":[{"damage_healed":0,"gold_gain":0,"player_choice":"Entered Light","damage_taken":20,"max_hp_gain":0,"max_hp_loss":0,"event_name":"Shining Light","floor":4,"gold_loss":0,"cards_upgraded":["Defend_G","Strike_G"]},{"damage_healed":22,"gold_gain":0,"player_choice":"Banana","damage_taken":0,"max_hp_gain":0,"max_hp_loss":0,"event_name":"Big Fish","floor":5,"gold_loss":0},{"damage_healed":0,"gold_gain":150,"player_choice":"AGREE","damage_taken":0,"max_hp_gain":0,"max_hp_loss":0,"event_name":"Liars Game","floor":10,"gold_loss":0,"cards_obtained":["Doubt"]},{"damage_healed":0,"gold_gain":0,"player_choice":"Searched \u00272\u0027 times","damage_taken":0,"max_hp_gain":0,"max_hp_loss":0,"event_name":"Dead Adventurer","floor":12,"gold_loss":0}],"is_beta":true,"boss_relics":[],"items_purged_floors":[8],"is_endless":false,"potions_floor_spawned":[1,2],"killed_by":"Gremlin Nob","ascension_level":20}