{"gold_per_floor":[115,128,278,329,339,339,352,415,415,435,449,484,90,102,102,174,174,174],"floor_reached":18,"playtime":630,"items_purged":["Doubt"],"score":348,"play_id":"ae9a6e15-131c-4f78-8e36-7468cdffe904","local_time":"20190224203048","is_ascension_mode":true,"campfire_choices":[{"data":"Bash","floor":6.0,"key":"SMITH"},{"data":"Inflame","floor":15.0,"key":"SMITH"}],"neow_cost":"NONE","seed_source_timestamp":0,"circlet_count":0,"master_deck":["AscendersBane","Strike_R","Strike_R","Strike_R","Defend_R","Defend_R","Defend_R","Defend_R","Bash+1","Wild Strike","Battle Trance","Spot Weakness","Feel No Pain","Inflame+1","Headbutt","Anger","Fiend Fire"],"special_seed":0,"relics":["Burning Blood","Art of War","Tiny Chest","Shuriken","Pen Nib","Pantograph","Empty Cage"],"potions_floor_usage":[],"damage_taken":[{"damage":6.0,"enemies":"Small Slimes","floor":1.0,"turns":5.0},{"damage":9.0,"enemies":"Jaw Worm","floor":2.0,"turns":4.0},{"damage":2.0,"enemies":"Cultist","floor":5.0,"turns":4.0},{"damage":12.0,"enemies":"Exordium Thugs","floor":7.0,"turns":4.0},{"damage":36.0,"enemies":"Gremlin Nob","floor":8.0,"turns":4.0},{"damage":11.0,"enemies":"Looter","floor":10.0,"turns":5.0},{"damage":0.0,"enemies":"Gremlin Gang","floor":11.0,"turns":3.0},{"damage":21.0,"enemies":"3 Sentries","floor":12.0,"turns":11.0},{"damage":24.0,"enemies":"Exordium Thugs","floor":14.0,"turns":5.0},{"damage":18.0,"enemies":"Slime Boss","floor":16.0,"turns":7.0},{"damage":25,"enemies":"Shell Parasite","floor":18,"turns":3}],"seed_played":"-7450656844644534223","potions_obtained":[{"floor":1.0,"key":"Dexterity Potion"},{"floor":5.0,"key":"Explosive Potion"},{"floor":7.0,"key":"Fruit Juice"},{"floor":8.0,"key":"SkillPotion"},{"floor":12.0,"key":"FearPotion"},{"floor":16.0,"key":"Poison Potion"}],"is_trial":false,"path_per_floor":["M","M","?","T","M","R","M","E","T","M","M","E","$","M","R","B",null,"M"],"character_chosen":"IRONCLAD","items_purchased":["Headbutt","Pantograph"],"campfire_rested":0,"item_purchase_floors":[13,13],"current_hp_per_floor":[75,72,72,72,76,76,75,45,45,40,46,31,31,13,13,26,72,47],"gold":174,"neow_bonus":"TEN_PERCENT_HP_BONUS","is_prod":false,"is_daily":false,"chose_seed":false,"campfire_upgraded":2,"win_rate":0,"timestamp":1551069048,"path_taken":["M","M","?","?","M","R","M","E","T","M","?","E","$","M","R","BOSS","M"],"build_version":"2019-02-06","purchased_purges":1,"victory":false,"max_hp_per_floor":[82,82,82,82,82,82,87,87,87,87,87,87,87,87,87,87,87,87],"card_choices":[{"not_picked":["Second Wind","Cleave"],"picked":"Wild Strike","floor":1.0},{"not_picked":["Headbutt","Shockwave"],"picked":"Battle Trance","floor":2.0},{"not_picked":["Havoc","Iron Wave"],"picked":"Spot Weakness","floor":5.0},{"not_picked":["Pommel Strike","Cleave","Sentinel"],"picked":"SKIP","floor":7.0},{"not_picked":["Intimidate","Flex","Sentinel"],"picked":"SKIP","floor":8.0},{"not_picked":["Cleave","Brutality","Spot Weakness"],"picked":"SKIP","floor":10.0},{"not_picked":["Metallicize","Searing Blow"],"picked":"Feel No Pain","floor":11.0},{"not_picked":["Sentinel","Power Through"],"picked":"Inflame","floor":12.0},{"not_picked":["Inflame","Cleave"],"picked":"Anger","floor":14.0},{"not_picked":["Demon Form","Barricade"],"picked":"Fiend Fire","floor":16.0}],"player_experience":1241526,"relics_obtained":[{"floor":4.0,"key":"Art of War"},{"floor":8.0,"key":"Tiny Chest"},{"floor":9.0,"key":"Shuriken"},{"floor":12.0,"key":"Pen Nib"}],"event_choices":[{"damage_healed":0.0,"max_hp_gain":0.0,"max_hp_loss":0.0,"gold_gain":150.0,"event_name":"Liars Game","player_choice":"AGREE","floor":3.0,"gold_loss":0.0,"damage_taken":0.0,"cards_obtained":["Doubt"]}],"is_beta":true,"boss_relics":[{"not_picked":["Coffee Dripper","Philosopher\u0027s Stone"],"picked":"Empty Cage"}],"items_purged_floors":[13],"is_endless":false,"potions_floor_spawned":[1,5,7,8,12,16],"killed_by":"Shell Parasite","ascension_level":20}