{"gold_per_floor":[360,360,179,198,218,218,38,101,126,126,157,157,182,193,193,270,270,280,280,291,291,305,305,205,205,229,254,199,233,248,259,259,259],"floor_reached":33,"playtime":1093,"items_purged":["Strike_R","Writhe"],"score":586,"play_id":"6b278f58-b1f7-4920-886e-a4f99390910a","local_time":"20190210051239","is_ascension_mode":true,"campfire_choices":[{"data":"Anger","floor":6.0,"key":"SMITH"},{"data":"Immolate","floor":12.0,"key":"SMITH"},{"data":"Evolve","floor":15.0,"key":"SMITH"},{"data":"Immolate","floor":23.0,"key":"SMITH"},{"data":"Bludgeon","floor":25.0,"key":"SMITH"},{"floor":32,"key":"REST"}],"neow_cost":"PERCENT_DAMAGE","seed_source_timestamp":1508353197569660,"circlet_count":0,"master_deck":["AscendersBane","Strike_R+1","Strike_R+1","Strike_R+1","Strike_R+1","Defend_R+1","Defend_R+1","Defend_R+1","Defend_R+1","Bash+1","Thunderclap","Shrug It Off","Anger+1","Clothesline","Immolate+1","Feed","Evolve+1","Bludgeon+1","Immolate+1","Shrug It Off+1","Sword Boomerang+1","Battle Trance"],"special_seed":0,"relics":["Burning Blood","Ancient Tea Set","Du-Vu Doll","Potion Belt","Runic Dome","Shuriken","Regal Pillow","Juzu Bracelet","Tiny Chest","Girya"],"potions_floor_usage":[29,29,33,33],"damage_taken":[{"damage":7.0,"enemies":"Cultist","floor":1.0,"turns":4.0},{"damage":4.0,"enemies":"2 Louse","floor":4.0,"turns":3.0},{"damage":2.0,"enemies":"Small Slimes","floor":5.0,"turns":3.0},{"damage":22.0,"enemies":"Lagavulin","floor":11.0,"turns":5.0},{"damage":5.0,"enemies":"3 Sentries","floor":13.0,"turns":4.0},{"damage":0.0,"enemies":"Red Slaver","floor":14.0,"turns":1.0},{"damage":15.0,"enemies":"Hexaghost","floor":16.0,"turns":8.0},{"damage":0.0,"enemies":"Chosen","floor":18.0,"turns":3.0},{"damage":23.0,"enemies":"Shell Parasite","floor":20.0,"turns":9.0},{"damage":8.0,"enemies":"Centurion and Healer","floor":22.0,"turns":5.0},{"damage":8.0,"enemies":"Gremlin Leader","floor":27.0,"turns":4.0},{"damage":15,"enemies":"Book of Stabbing","floor":29,"turns":3},{"damage":28,"enemies":"Cultist and Chosen","floor":30,"turns":7},{"damage":18,"enemies":"Snake Plant","floor":31,"turns":3},{"damage":68,"enemies":"Champ","floor":33,"turns":10}],"seed_played":"3451479734050359764","potions_obtained":[{"floor":1.0,"key":"Ancient Potion"},{"floor":10.0,"key":"AttackPotion"},{"floor":13.0,"key":"LiquidBronze"},{"floor":16.0,"key":"SkillPotion"},{"floor":20.0,"key":"SteroidPotion"},{"floor":22.0,"key":"Poison Potion"}],"is_trial":false,"path_per_floor":["M","?","$","M","M","R","$","?","T","?","E","R","E","M","R","B",null,"M","?","M","?","M","R","$","R","T","E","?","E","M","M","R","B"],"character_chosen":"IRONCLAD","items_purchased":["Shrug It Off","Block Potion","Immolate"],"campfire_rested":1,"item_purchase_floors":[3,3,7],"current_hp_per_floor":[49,26,26,28,32,32,32,32,32,32,16,16,17,23,23,14,60,69,69,55,55,56,56,56,56,56,57,57,48,26,14,55,0],"gold":259,"neow_bonus":"TWO_FIFTY_GOLD","is_prod":false,"is_daily":false,"chose_seed":false,"campfire_upgraded":5,"win_rate":0,"timestamp":1549804359,"path_taken":["M","?","$","M","M","R","$","?","T","?","E","R","E","M","R","BOSS","M","?","M","?","M","R","$","R","T","E","?","E","M","M","R","BOSS"],"build_version":"2019-02-06","purchased_purges":2,"victory":false,"max_hp_per_floor":[75,75,75,75,75,75,75,75,75,75,75,75,75,75,75,75,75,78,78,81,81,84,84,84,84,84,87,87,87,87,87,87,87],"card_choices":[{"not_picked":["Havoc","Intimidate"],"picked":"Thunderclap","floor":1.0},{"not_picked":["Burning Pact","Heavy Blade"],"picked":"Anger","floor":4.0},{"not_picked":["Hemokinesis","Twin Strike"],"picked":"Clothesline","floor":5.0},{"not_picked":["Rage","Anger","Uppercut"],"picked":"SKIP","floor":11.0},{"not_picked":["Cleave","Armaments"],"picked":"Feed","floor":13.0},{"not_picked":["Twin Strike","Sword Boomerang"],"picked":"Evolve","floor":14.0},{"not_picked":["Impervious","Juggernaut"],"picked":"Bludgeon","floor":16.0},{"not_picked":["Headbutt","Thunderclap","Fire Breathing"],"picked":"SKIP","floor":18.0},{"not_picked":["Cleave+1","Wild Strike","Anger"],"picked":"SKIP","floor":20.0},{"not_picked":["Iron Wave","Power Through"],"picked":"Immolate","floor":22.0},{"not_picked":["Clash","Headbutt","Hemokinesis"],"picked":"SKIP","floor":27.0},{"not_picked":["Seeing Red","Second Wind"],"picked":"Shrug It Off+1","floor":29},{"not_picked":["Headbutt","Twin Strike"],"picked":"Sword Boomerang+1","floor":30},{"not_picked":["Rupture","Rage"],"picked":"Battle Trance","floor":31}],"player_experience":1129294,"relics_obtained":[{"floor":9.0,"key":"Ancient Tea Set"},{"floor":11.0,"key":"Du-Vu Doll"},{"floor":13.0,"key":"Potion Belt"},{"floor":26.0,"key":"Regal Pillow"},{"floor":27.0,"key":"Juzu Bracelet"},{"floor":29,"key":"Girya"}],"event_choices":[{"damage_healed":0.0,"max_hp_gain":0.0,"max_hp_loss":0.0,"gold_gain":0.0,"event_name":"Shining Light","player_choice":"Entered Light","floor":2.0,"gold_loss":0.0,"damage_taken":23.0,"cards_upgraded":["Strike_R","Bash"]},{"damage_healed":0.0,"max_hp_gain":0.0,"max_hp_loss":0.0,"gold_gain":63.0,"event_name":"Golden Wing","player_choice":"Gained Gold","floor":8.0,"gold_loss":0.0,"damage_taken":0.0},{"damage_healed":0.0,"max_hp_gain":0.0,"max_hp_loss":0.0,"gold_gain":0.0,"event_name":"Lab","player_choice":"Got Potions","floor":10.0,"gold_loss":0.0,"damage_taken":0.0},{"damage_healed":0.0,"max_hp_gain":0.0,"max_hp_loss":0.0,"gold_gain":0.0,"event_name":"Back to Basics","player_choice":"Simplicity","floor":19.0,"gold_loss":0.0,"damage_taken":0.0,"cards_upgraded":["Strike_R","Strike_R","Strike_R","Defend_R","Defend_R","Defend_R","Defend_R"]},{"damage_healed":0.0,"max_hp_gain":0.0,"max_hp_loss":0.0,"gold_gain":0.0,"event_name":"The Mausoleum","player_choice":"Opened","floor":21.0,"gold_loss":0.0,"damage_taken":0.0,"relics_obtained":["Shuriken"],"cards_obtained":["Writhe"]},{"damage_healed":0.0,"max_hp_gain":0.0,"max_hp_loss":0.0,"gold_gain":0.0,"event_name":"Addict","player_choice":"Obtained Relic","floor":28.0,"gold_loss":85.0,"damage_taken":0.0,"relics_obtained":["Tiny Chest"]}],"is_beta":true,"boss_relics":[{"not_picked":["Tiny House","Pandora\u0027s Box"],"picked":"Runic Dome"}],"items_purged_floors":[3,24],"is_endless":false,"potions_floor_spawned":[1,5,13,16,20,22],"killed_by":"Champ","ascension_level":20}