{"gold_per_floor":[111,122,47,60,60,60,20,20,102,130,150,181,181,181,181,260,260,279,279,279,279,66,94,111,142,195,212,212,212,212,237,237,314,314,333,34,34,34,0,34,34,34,34,34,34,67,67,83,83,83,83,83,83,6,40,40],"floor_reached":56,"playtime":3294,"items_purged":["Infinite Blades+1"],"score":1876,"play_id":"5aa89be5-7b9c-4d00-bcd5-527deb69f4a5","local_time":"20190212025822","is_ascension_mode":true,"campfire_choices":[{"data":"Deadly Poison","floor":6.0,"key":"SMITH"},{"data":"Crippling Poison","floor":8.0,"key":"SMITH"},{"floor":13.0,"key":"REST"},{"data":"Envenom","floor":15.0,"key":"SMITH"},{"floor":29.0,"key":"REST"},{"floor":32.0,"key":"REST"},{"floor":41.0,"key":"REST"},{"floor":44.0,"key":"REST"},{"floor":47.0,"key":"REST"},{"floor":49.0,"key":"RECALL"},{"data":"Caltrops","floor":53.0,"key":"SMITH"}],"neow_cost":"NONE","seed_source_timestamp":1597046087486621,"circlet_count":0,"master_deck":["AscendersBane","Survivor","Neutralize","Crippling Poison+1","Deadly Poison+1","Well Laid Plans+1","Flying Knee+1","Envenom+1","Crippling Poison+1","Malaise+1","Dagger Spray+1","Distraction+1","Calculated Gamble+1","Storm of Steel+1","Cloak And Dagger+1","Infinite Blades","Backflip+1","Backflip+1","Bouncing Flask+1","Caltrops+1","Burst+1","Deflect+1","Leg Sweep+1","Backflip+1","Concentrate+1","Malaise+1","Crippling Poison+1","Blur+1","Mayhem","Dark Shackles+1","Deflect+1","Leg Sweep+1","Caltrops"],"special_seed":0,"relics":["Ring of the Snake","Mummified Hand","Meat on the Bone","Toxic Egg 2","StoneCalendar","Pandora\u0027s Box","Whetstone","Juzu Bracelet","Ancient Tea Set","Du-Vu Doll","Astrolabe","Chemical X","Red Mask","Sundial","Snake Skull","Singing Bowl","Centennial Puzzle"],"potions_floor_usage":[56,56],"damage_taken":[{"damage":4.0,"enemies":"Cultist","floor":1.0,"turns":4.0},{"damage":2.0,"enemies":"Jaw Worm","floor":2.0,"turns":4.0},{"damage":3.0,"enemies":"Small Slimes","floor":4.0,"turns":5.0},{"damage":45.0,"enemies":"Gremlin Nob","floor":10.0,"turns":5.0},{"damage":1.0,"enemies":"Blue Slaver","floor":11.0,"turns":3.0},{"damage":13.0,"enemies":"Lagavulin","floor":12.0,"turns":5.0},{"damage":31.0,"enemies":"Slime Boss","floor":16.0,"turns":7.0},{"damage":29.0,"enemies":"Shell Parasite","floor":18.0,"turns":4.0},{"damage":24.0,"enemies":"Slavers","floor":23.0,"turns":4.0},{"damage":0.0,"enemies":"Chosen","floor":24.0,"turns":4.0},{"damage":28.0,"enemies":"Book of Stabbing","floor":25.0,"turns":6.0},{"damage":20.0,"enemies":"Shelled Parasite and Fungi","floor":27.0,"turns":6.0},{"damage":2.0,"enemies":"Gremlin Leader","floor":31.0,"turns":7.0},{"damage":29.0,"enemies":"Automaton","floor":33.0,"turns":10.0},{"damage":9.0,"enemies":"3 Shapes","floor":35.0,"turns":3.0},{"damage":40.0,"enemies":"Giant Head","floor":40.0,"turns":11.0},{"damage":21.0,"enemies":"Reptomancer","floor":46.0,"turns":6.0},{"damage":0.0,"enemies":"Orb Walker","floor":48.0,"turns":4.0},{"damage":31.0,"enemies":"Awakened One","floor":50.0,"turns":21.0},{"damage":27.0,"enemies":"Donu and Deca","floor":51.0,"turns":11.0},{"damage":58.0,"enemies":"Shield and Spear","floor":55.0,"turns":8.0},{"damage":8,"enemies":"The Heart","floor":56,"turns":6}],"seed_played":"-6183634372393578885","potions_obtained":[{"floor":1.0,"key":"EssenceOfSteel"},{"floor":4.0,"key":"Dexterity Potion"},{"floor":16.0,"key":"FearPotion"},{"floor":18.0,"key":"SpeedPotion"},{"floor":24.0,"key":"GamblersBrew"},{"floor":31.0,"key":"GhostInAJar"},{"floor":40.0,"key":"Fruit Juice"},{"floor":55.0,"key":"Swift Potion"}],"is_trial":false,"path_per_floor":["M","M","?","M","?","R","$","R","T","E","M","E","R","T","R","B",null,"M","?","$","?","$","E","M","E","T","M","?","R","?","E","R","B",null,"M","$","?","?","?","E","R","T","T","R","?","E","R","M","R","B","B",null,"R","$","E","B"],"character_chosen":"THE_SILENT","items_purchased":["Well Laid Plans","Backflip+1","Bouncing Flask+1","Caltrops","Chemical X","Caltrops"],"campfire_rested":6,"item_purchase_floors":[7,22,22,22,36,54],"current_hp_per_floor":[61,59,59,56,49,49,49,49,49,4,15,14,35,35,35,16,58,41,41,41,41,41,29,41,25,25,17,17,38,38,48,69,40,64,55,55,45,45,45,17,38,38,38,59,59,38,58,60,60,46,31,64,64,64,20,12],"gold":40,"neow_bonus":"TEN_PERCENT_HP_BONUS","is_prod":false,"is_daily":false,"chose_seed":false,"campfire_upgraded":4,"win_rate":0,"timestamp":1549969102,"path_taken":["M","M","?","M","?","R","$","R","T","E","M","E","R","?","R","BOSS","M","?","$","?","$","E","M","E","T","M","?","R","?","E","R","BOSS","M","$","?","?","?","E","R","?","T","R","?","E","R","M","R","BOSS","BOSS","R","$","E","BOSS"],"build_version":"2019-02-06","purchased_purges":1,"victory":false,"max_hp_per_floor":[72,72,72,72,72,72,72,72,72,72,72,72,72,72,72,72,72,72,72,72,72,72,72,72,72,72,72,72,72,72,72,72,72,72,72,72,72,72,72,72,72,72,72,72,68,68,68,70,70,75,75,75,75,75,77,77],"card_choices":[{"not_picked":["Backstab","Slice"],"picked":"Crippling Poison","floor":1.0},{"not_picked":["Sucker Punch","Caltrops"],"picked":"Poisoned Stab","floor":2.0},{"not_picked":["Skewer","Deflect"],"picked":"Deadly Poison","floor":4.0},{"not_picked":["Cloak And Dagger","Setup"],"picked":"Flying Knee","floor":10.0},{"not_picked":["Outmaneuver","Calculated Gamble"],"picked":"Envenom","floor":11.0},{"not_picked":["Cloak And Dagger","Eviscerate"],"picked":"Crippling Poison","floor":12.0},{"not_picked":["Phantasmal Killer+1","Night Terror+1"],"picked":"Malaise+1","floor":16.0},{"not_picked":["Heel Hook+1","Quick Slash"],"picked":"Infinite Blades","floor":18.0},{"not_picked":["Prepared+1","Accuracy+1"],"picked":"Burst+1","floor":23.0},{"not_picked":["Dash","Quick Slash"],"picked":"Deflect+1","floor":24.0},{"not_picked":["Flying Knee","Flechettes"],"picked":"Leg Sweep+1","floor":25.0},{"not_picked":["Acrobatics+1","Bane+1"],"picked":"Backflip+1","floor":27.0},{"not_picked":["Deadly Poison+1","Die Die Die"],"picked":"Concentrate+1","floor":31.0},{"not_picked":["Storm of Steel+1","Adrenaline+1"],"picked":"Malaise+1","floor":33.0},{"not_picked":["Tactician+1","Outmaneuver+1","Blade Dance+1"],"picked":"SKIP","floor":35.0},{"not_picked":["Tactician+1","Outmaneuver+1","Blade Dance+1"],"picked":"SKIP","floor":35.0},{"not_picked":["Trip+1","Secret Technique+1"],"picked":"Mayhem","floor":37.0},{"not_picked":["HandOfGreed","Mayhem"],"picked":"Dark Shackles+1","floor":37.0},{"not_picked":["Dagger Throw","Underhanded Strike"],"picked":"Deflect+1","floor":40.0},{"not_picked":["Quick Slash","Bane"],"picked":"Leg Sweep+1","floor":46.0},{"not_picked":["Outmaneuver+1","Deflect+1","Dagger Throw+1"],"picked":"Singing Bowl","floor":48.0},{"not_picked":["Terror+1","Flechettes+1","Quick Slash"],"picked":"Singing Bowl","floor":55.0}],"player_experience":1141740,"relics_obtained":[{"floor":9.0,"key":"Mummified Hand"},{"floor":10.0,"key":"Meat on the Bone"},{"floor":12.0,"key":"Toxic Egg 2"},{"floor":14.0,"key":"StoneCalendar"},{"floor":23.0,"key":"Whetstone"},{"floor":25.0,"key":"Juzu Bracelet"},{"floor":26.0,"key":"Ancient Tea Set"},{"floor":31.0,"key":"Du-Vu Doll"},{"floor":40.0,"key":"Sundial"},{"floor":42.0,"key":"Snake Skull"},{"floor":46.0,"key":"Singing Bowl"},{"floor":55.0,"key":"Centennial Puzzle"}],"event_choices":[{"cards_removed":["Strike_G"],"damage_healed":0.0,"max_hp_gain":0.0,"max_hp_loss":0.0,"gold_gain":0.0,"event_name":"The Cleric","player_choice":"Card Removal","floor":3.0,"gold_loss":75.0,"damage_taken":0.0},{"cards_removed":["Strike_G"],"damage_healed":0.0,"max_hp_gain":0.0,"max_hp_loss":0.0,"gold_gain":0.0,"event_name":"Golden Wing","player_choice":"Card Removal","floor":5.0,"gold_loss":0.0,"damage_taken":7.0},{"damage_healed":0.0,"max_hp_gain":0.0,"max_hp_loss":0.0,"gold_gain":0.0,"event_name":"The Mausoleum","player_choice":"Ignored","floor":19.0,"gold_loss":0.0,"damage_taken":0.0},{"damage_healed":0.0,"max_hp_gain":0.0,"max_hp_loss":0.0,"gold_gain":0.0,"event_name":"The Library","player_choice":"Read","floor":21.0,"gold_loss":0.0,"damage_taken":0.0,"cards_obtained":["Backflip"]},{"damage_healed":0.0,"max_hp_gain":0.0,"max_hp_loss":0.0,"gold_gain":0.0,"event_name":"Vampires","player_choice":"Ignored","floor":28.0,"gold_loss":0.0,"damage_taken":0.0},{"cards_removed":["Outmaneuver"],"damage_healed":0.0,"max_hp_gain":0.0,"max_hp_loss":0.0,"gold_gain":0.0,"event_name":"Back to Basics","player_choice":"Elegance","floor":30.0,"gold_loss":0.0,"damage_taken":0.0},{"damage_healed":0.0,"max_hp_gain":0.0,"max_hp_loss":0.0,"gold_gain":0.0,"event_name":"SensoryStone","player_choice":"Memory 3","floor":37.0,"gold_loss":0.0,"damage_taken":10.0},{"damage_healed":0.0,"max_hp_gain":0.0,"max_hp_loss":0.0,"gold_gain":0.0,"event_name":"Accursed Blacksmith","player_choice":"Forge","floor":38.0,"gold_loss":0.0,"damage_taken":0.0,"cards_upgraded":["Well Laid Plans"]},{"damage_healed":0.0,"max_hp_gain":0.0,"max_hp_loss":0.0,"gold_gain":0.0,"event_name":"Tomb of Lord Red Mask","player_choice":"Paid","floor":39.0,"gold_loss":34.0,"damage_taken":0.0,"relics_obtained":["Red Mask"]},{"damage_healed":0.0,"max_hp_gain":0.0,"max_hp_loss":4.0,"gold_gain":0.0,"event_name":"Winding Halls","player_choice":"Max HP","floor":45.0,"gold_loss":0.0,"damage_taken":0.0}],"is_beta":true,"boss_relics":[{"not_picked":["Coffee Dripper","Lizard Tail"],"picked":"Pandora\u0027s Box"},{"not_picked":["Eternal Feather","Calling Bell"],"picked":"Astrolabe"}],"items_purged_floors":[36],"is_endless":false,"potions_floor_spawned":[1,4,16,18,24,31,40,55],"killed_by":"The Heart","ascension_level":20}