{"gold_per_floor":[113,123,123,123,146,146,146,162,241,241,274,153,153,167,167,288,288,303,317,341,361,2,2,2],"floor_reached":24,"playtime":1543,"items_purged":["Defend_R","Defend_R"],"score":198,"play_id":"c9de5e63-250d-4d5c-b3dc-96f8bc390ec0","local_time":"20190421231235","is_ascension_mode":false,"campfire_choices":[{"data":"Warcry","floor":6,"key":"SMITH"},{"data":"Perfected Strike","floor":10,"key":"SMITH"},{"floor":13,"key":"REST"},{"data":"Perfected Strike","floor":15,"key":"SMITH"},{"floor":23,"key":"REST"}],"neow_cost":"NONE","seed_source_timestamp":1046042248959140,"circlet_count":0,"master_deck":["Strike_R","Strike_R","Strike_R","Strike_R","Strike_R","Defend_R","Defend_R","Bash","Perfected Strike+1","Warcry+1","Sword Boomerang","Perfected Strike+1","Berserk","Clash","Twin Strike","Seeing Red"],"relics":["Burning Blood","NeowsBlessing","Meat on the Bone","Golden Idol","Matryoshka","Mercury Hourglass","Lizard Tail","Bottled Lightning"],"potions_floor_usage":[8,11,14,16,19,21,24],"damage_taken":[{"damage":0,"enemies":"Cultist","floor":1,"turns":1},{"damage":0,"enemies":"Jaw Worm","floor":2,"turns":1},{"damage":0,"enemies":"2 Louse","floor":5,"turns":1},{"damage":13,"enemies":"2 Fungi Beasts","floor":8,"turns":3},{"damage":24,"enemies":"3 Sentries","floor":11,"turns":6},{"damage":10,"enemies":"Large Slime","floor":14,"turns":3},{"damage":39,"enemies":"The Guardian","floor":16,"turns":7},{"damage":57,"enemies":"3 Byrds","floor":18,"turns":5},{"damage":10,"enemies":"Spheric Guardian","floor":19,"turns":3},{"damage":60,"enemies":"Snake Plant","floor":20,"turns":4},{"damage":51,"enemies":"Shelled Parasite and Fungi","floor":21,"turns":4},{"damage":59,"enemies":"Book of Stabbing","floor":24,"turns":3}],"seed_played":"-3316153012642272160","potions_obtained":[{"floor":5,"key":"EntropicBrew"},{"floor":11,"key":"FearPotion"},{"floor":16,"key":"Poison Potion"},{"floor":20,"key":"LiquidBronze"},{"floor":21,"key":"Block Potion"}],"is_trial":false,"path_per_floor":["M","M","T","?","M","R","?","M","T","R","E","$","R","M","R","B",null,"M","M","M","M","$","R","E"],"character_chosen":"IRONCLAD","items_purchased":["Clash","Bottled Lightning"],"campfire_rested":2,"item_purchase_floors":[12,22],"current_hp_per_floor":[80,80,80,74,74,74,79,72,72,72,54,54,77,73,73,52,79,40,48,57,24,24,47,0],"gold":2,"neow_bonus":"THREE_ENEMY_KILL","is_prod":false,"is_daily":false,"chose_seed":false,"campfire_upgraded":3,"win_rate":0.0,"timestamp":1555902755,"path_taken":["M","M","?","?","M","R","?","M","T","R","E","$","R","M","R","BOSS","M","M","M","M","$","R","E"],"build_version":"2019-01-23","purchased_purges":2,"victory":false,"max_hp_per_floor":[80,80,80,74,74,74,79,79,79,79,79,79,79,79,79,79,79,79,79,79,79,79,79,79],"card_choices":[{"not_picked":["Rage","Ghostly Armor"],"picked":"Perfected Strike","floor":1},{"not_picked":["Intimidate","Battle Trance"],"picked":"Warcry","floor":2},{"not_picked":["Searing Blow","Dual Wield"],"picked":"Sword Boomerang","floor":5},{"not_picked":["Warcry","Rampage"],"picked":"Perfected Strike","floor":8},{"not_picked":["Armaments","Iron Wave"],"picked":"Berserk","floor":11},{"not_picked":["Perfected Strike","Power Through","Reckless Charge"],"picked":"SKIP","floor":14},{"not_picked":["Heavy Blade+1","Thunderclap"],"picked":"Twin Strike","floor":18},{"not_picked":["Body Slam","Reckless Charge","Clothesline"],"picked":"SKIP","floor":19},{"not_picked":["Heavy Blade+1","Cleave","Impervious"],"picked":"SKIP","floor":20},{"not_picked":["Clothesline+1","Shrug It Off"],"picked":"Seeing Red","floor":21}],"player_experience":135865,"relics_obtained":[{"floor":3,"key":"Meat on the Bone"},{"floor":9,"key":"Matryoshka"},{"floor":11,"key":"Mercury Hourglass"}],"event_choices":[{"damage_healed":0,"gold_gain":0,"player_choice":"Lose Max HP","damage_taken":0,"relics_obtained":["Golden Idol"],"max_hp_gain":0,"max_hp_loss":6,"event_name":"Golden Idol","floor":4,"gold_loss":0},{"damage_healed":0,"gold_gain":0,"player_choice":"Donut","damage_taken":0,"max_hp_gain":5,"max_hp_loss":0,"event_name":"Big Fish","floor":7,"gold_loss":0}],"is_beta":false,"boss_relics":[{"not_picked":["Snecko Eye","Mark of Pain"],"picked":"Lizard Tail"}],"items_purged_floors":[12,22],"is_endless":false,"potions_floor_spawned":[5,11,16,20,21],"killed_by":"Book of Stabbing","ascension_level":0}