{"gold_per_floor":[210,71,71,90,109,109,109,141,220,220,245,320,320,339,339,410,410,310,310],"floor_reached":19,"playtime":495,"items_purged":[],"score":396,"play_id":"3f2a860e-8c28-47e8-ab5d-1ed04ccfe387","local_time":"20190218023629","is_ascension_mode":true,"campfire_choices":[{"data":"Defragment","floor":6,"key":"SMITH"},{"data":"Zap","floor":10,"key":"SMITH"},{"floor":15,"key":"REST"}],"neow_cost":"NONE","seed_source_timestamp":1995832092938247,"circlet_count":0,"master_deck":["AscendersBane","Strike_B","Strike_B","Strike_B","Defend_B","Defend_B","Defend_B","Defend_B","Zap+1","Dualcast","Sweeping Beam","Defragment+1","Ball Lightning","White Noise","Seek","Capacitor","Seek"],"relics":["Cracked Core","PreservedInsect","Ornamental Fan","Cables","Sundial","Snecko Eye"],"potions_floor_usage":[8,8,16],"damage_taken":[{"damage":2,"enemies":"Jaw Worm","floor":1,"turns":3},{"damage":0,"enemies":"Cultist","floor":4,"turns":3},{"damage":0,"enemies":"2 Louse","floor":5,"turns":2},{"damage":0,"enemies":"Gremlin Nob","floor":8,"turns":3},{"damage":15,"enemies":"3 Sentries","floor":11,"turns":3},{"damage":2,"enemies":"2 Fungi Beasts","floor":14,"turns":3},{"damage":15,"enemies":"The Guardian","floor":16,"turns":7},{"damage":47,"enemies":"2 Thieves","floor":18,"turns":5},{"damage":8,"enemies":"Masked Bandits","floor":19,"turns":2}],"seed_played":"6967368413021489519","potions_obtained":[{"floor":1,"key":"Block Potion"},{"floor":5,"key":"FearPotion"},{"floor":14,"key":"Swift Potion"},{"floor":16,"key":"SpeedPotion"}],"is_trial":false,"path_per_floor":["M","$","?","M","M","R","?","E","T","R","E","?","?","M","R","B",null,"M","?"],"character_chosen":"DEFECT","items_purchased":["Defragment","Ball Lightning"],"campfire_rested":1,"item_purchase_floors":[2,2],"current_hp_per_floor":[62,62,62,62,62,62,67,67,67,67,52,41,6,4,26,11,60,13,5],"gold":310,"neow_bonus":"HUNDRED_GOLD","is_prod":false,"is_daily":false,"chose_seed":false,"campfire_upgraded":2,"win_rate":0,"timestamp":1550486189,"path_taken":["M","$","?","M","?","R","?","E","T","R","E","?","?","M","R","BOSS","M","?"],"build_version":"2019-02-06","purchased_purges":0,"victory":false,"max_hp_per_floor":[71,71,71,71,71,71,76,76,76,76,76,76,76,76,76,76,76,76,76],"card_choices":[{"not_picked":["Rip and Tear","Go for the Eyes"],"picked":"Sweeping Beam","floor":1},{"not_picked":["Go for the Eyes","Gash"],"picked":"White Noise","floor":4},{"not_picked":["Sweeping Beam","Barrage","Gash"],"picked":"SKIP","floor":5},{"not_picked":["Hello World","Beam Cell"],"picked":"Seek","floor":8},{"not_picked":["Turbo","Static Discharge","Redo"],"picked":"SKIP","floor":11},{"not_picked":["Turbo","Cold Snap"],"picked":"Capacitor","floor":14},{"not_picked":["Hyperbeam","Buffer"],"picked":"Seek","floor":16},{"not_picked":["Coolheaded","Leap","Storm"],"picked":"SKIP","floor":18}],"player_experience":1204804,"relics_obtained":[{"floor":8,"key":"PreservedInsect"},{"floor":9,"key":"Ornamental Fan"},{"floor":11,"key":"Cables"}],"event_choices":[{"cards_removed":["Strike_B"],"damage_healed":0,"gold_gain":0,"player_choice":"Purged","damage_taken":0,"max_hp_gain":0,"max_hp_loss":0,"event_name":"Purifier","floor":3,"gold_loss":0},{"damage_healed":0,"gold_gain":0,"player_choice":"Donut","damage_taken":0,"max_hp_gain":5,"max_hp_loss":0,"event_name":"Big Fish","floor":7,"gold_loss":0},{"damage_healed":0,"gold_gain":75,"player_choice":"Gather Gold","damage_taken":11,"max_hp_gain":0,"max_hp_loss":0,"event_name":"World of Goop","floor":12,"gold_loss":0},{"damage_healed":0,"gold_gain":0,"player_choice":"Success","damage_taken":35,"relics_obtained":["Sundial"],"max_hp_gain":0,"max_hp_loss":0,"event_name":"Scrap Ooze","floor":13,"gold_loss":0},{"damage_healed":0,"gold_gain":0,"player_choice":"Fought Bandits","damage_taken":0,"max_hp_gain":0,"max_hp_loss":0,"event_name":"Masked Bandits","floor":19,"gold_loss":0}],"is_beta":true,"boss_relics":[{"not_picked":["Ectoplasm","Orrery"],"picked":"Snecko Eye"}],"items_purged_floors":[],"is_endless":false,"potions_floor_spawned":[1,5,14,16],"killed_by":"Masked Bandits","ascension_level":20}