{"gold_per_floor":[118,193,205,205,205,205,238,51,74,90,90,115,133,78,78,78],"floor_reached":16,"playtime":348,"items_purged":["Strike_G"],"score":266,"play_id":"c7026913-8a65-4ad3-91eb-2a4f2184b650","local_time":"20190226224355","is_ascension_mode":true,"campfire_choices":[{"data":"Neutralize","floor":6.0,"key":"SMITH"},{"data":"Deadly Poison","floor":11.0,"key":"SMITH"},{"data":"Crippling Poison","floor":15.0,"key":"SMITH"}],"neow_cost":"NONE","seed_source_timestamp":2504608613951160,"circlet_count":0,"master_deck":["AscendersBane","Defend_G","Defend_G","Defend_G","Defend_G","Defend_G","Strike_G","Strike_G","Strike_G","Survivor","Neutralize+1","Backflip","Deflect","Deadly Poison+1","Poisoned Stab","Dagger Spray","Crippling Poison+1"],"special_seed":0,"relics":["Ring of the Snake","NeowsBlessing","Blood Vial","Potion Belt","Omamori"],"potions_floor_usage":[16,16,16],"damage_taken":[{"damage":0.0,"enemies":"Jaw Worm","floor":1.0,"turns":1.0},{"damage":0.0,"enemies":"Small Slimes","floor":3.0,"turns":1.0},{"damage":0.0,"enemies":"Gremlin Nob","floor":7.0,"turns":1.0},{"damage":0.0,"enemies":"Cultist","floor":10.0,"turns":4.0},{"damage":29.0,"enemies":"Lagavulin","floor":12.0,"turns":8.0},{"damage":0.0,"enemies":"Looter","floor":13.0,"turns":3.0},{"damage":21,"enemies":"Slime Boss","floor":16,"turns":8}],"seed_played":"-5122307535009748857","potions_obtained":[{"floor":10.0,"key":"PowerPotion"},{"floor":13.0,"key":"Ancient Potion"}],"is_trial":false,"path_per_floor":["M","?","M","?","?","R","E","$","T","M","R","E","M","$","R","B"],"character_chosen":"THE_SILENT","items_purchased":["Fire Potion","Poisoned Stab","Block Potion"],"campfire_rested":0,"item_purchase_floors":[8,8,14],"current_hp_per_floor":[59,48,48,41,46,46,46,46,46,48,48,21,23,23,23,4],"gold":78,"neow_bonus":"THREE_ENEMY_KILL","is_prod":false,"is_daily":false,"chose_seed":false,"campfire_upgraded":3,"win_rate":0,"timestamp":1551249835,"path_taken":["M","?","M","?","?","R","E","?","T","M","R","E","M","$","R","BOSS"],"build_version":"2019-02-06","purchased_purges":1,"victory":false,"max_hp_per_floor":[66,66,66,66,71,71,71,71,71,71,71,71,71,71,71,71],"card_choices":[{"not_picked":["Dagger Throw","Tactician"],"picked":"Backflip","floor":1.0},{"not_picked":["Outmaneuver","Prepared"],"picked":"Deflect","floor":3.0},{"not_picked":["Crippling Poison","Sucker Punch"],"picked":"Deadly Poison","floor":7.0},{"not_picked":["Masterful Stab","Eviscerate"],"picked":"Dagger Spray","floor":10.0},{"not_picked":["Prepared","Acrobatics","Distraction"],"picked":"SKIP","floor":12.0},{"not_picked":["Outmaneuver","Riddle With Holes"],"picked":"Crippling Poison","floor":13.0}],"player_experience":1269116,"relics_obtained":[{"floor":7.0,"key":"Blood Vial"},{"floor":9.0,"key":"Potion Belt"},{"floor":12.0,"key":"Omamori"}],"event_choices":[{"damage_healed":0.0,"max_hp_gain":0.0,"max_hp_loss":0.0,"gold_gain":75.0,"event_name":"World of Goop","player_choice":"Gather Gold","floor":2.0,"gold_loss":0.0,"damage_taken":11.0},{"cards_removed":["Strike_G"],"damage_healed":0.0,"max_hp_gain":0.0,"max_hp_loss":0.0,"gold_gain":0.0,"event_name":"Golden Wing","player_choice":"Card Removal","floor":4.0,"gold_loss":0.0,"damage_taken":7.0},{"damage_healed":0.0,"max_hp_gain":5.0,"max_hp_loss":0.0,"gold_gain":0.0,"event_name":"Big Fish","player_choice":"Donut","floor":5.0,"gold_loss":0.0,"damage_taken":0.0}],"is_beta":true,"boss_relics":[],"items_purged_floors":[8],"is_endless":false,"potions_floor_spawned":[10,13],"killed_by":"Slime Boss","ascension_level":20}