{"gold_per_floor":[118,43,61,161,178,234,234,254,281,295,295,311,323,323,323,419,419,435,385,405,486,500,500,514,526,574,296,327,327,346,362,362,461,511,524,543,543,543,559,559,587,587,587,603,637,587,477,503,503,503,503,503,89,121,121],"floor_reached":55,"playtime":5847,"items_purged":["Strike_G","Strike_G","Strike_G","Strike_G","Mind Blast"],"score":871,"play_id":"7ea16ead-5a92-4d93-aee2-beec876e6922","local_time":"20190420154540","is_ascension_mode":true,"campfire_choices":[{"data":"Neutralize","floor":7,"key":"SMITH"},{"data":"Catalyst","floor":11,"key":"SMITH"},{"floor":15,"key":"REST"},{"floor":23,"key":"REST"},{"floor":32,"key":"REST"},{"floor":40,"key":"RECALL"},{"floor":49,"key":"REST"},{"data":"Leg Sweep","floor":52,"key":"SMITH"}],"neow_cost":"NONE","seed_source_timestamp":351575234393722,"circlet_count":0,"master_deck":["Defend_G","Defend_G","Defend_G","Defend_G","Defend_G","Survivor","Neutralize+1","Endless Agony","Dodge and Roll","Bouncing Flask","PiercingWail","PiercingWail","Poisoned Stab","Catalyst+1","Quick Slash","Well Laid Plans","Bullet Time","Sucker Punch","Backflip","Dodge and Roll+1","Backflip","Blur","Crippling Poison","Footwork+1","Deadly Poison","Malaise+1","Noxious Fumes","Leg Sweep+1","Well Laid Plans","Flying Knee+1","Well Laid Plans+1","Leg Sweep+1","Caltrops"],"relics":["Ring of the Snake","Tiny Chest","Smiling Mask","Sozu","Gremlin Horn","Oddly Smooth Stone","TwistedFunnel","Ancient Tea Set","Paper Crane","Tiny House","Happy Flower","Incense Burner","Vajra","Toxic Egg 2","Dodecahedron","Medical Kit","Bottled Flame"],"potions_floor_usage":[],"damage_taken":[{"damage":0,"enemies":"Cultist","floor":1,"turns":4},{"damage":1,"enemies":"Jaw Worm","floor":3,"turns":7},{"damage":0,"enemies":"Small Slimes","floor":5,"turns":5},{"damage":20,"enemies":"Gremlin Nob","floor":6,"turns":5},{"damage":2,"enemies":"Gremlin Gang","floor":8,"turns":8},{"damage":0,"enemies":"Looter","floor":10,"turns":4},{"damage":1,"enemies":"2 Fungi Beasts","floor":12,"turns":5},{"damage":12,"enemies":"Exordium Thugs","floor":13,"turns":6},{"damage":11,"enemies":"Hexaghost","floor":16,"turns":10},{"damage":1,"enemies":"Shell Parasite","floor":18,"turns":6},{"damage":0,"enemies":"Spheric Guardian","floor":20,"turns":3},{"damage":44,"enemies":"3 Cultists","floor":22,"turns":8},{"damage":11,"enemies":"Cultist and Chosen","floor":24,"turns":10},{"damage":4,"enemies":"Centurion and Healer","floor":25,"turns":7},{"damage":0,"enemies":"Book of Stabbing","floor":28,"turns":5},{"damage":0,"enemies":"Chosen and Byrds","floor":30,"turns":6},{"damage":0,"enemies":"Snake Plant","floor":31,"turns":4},{"damage":5,"enemies":"Champ","floor":33,"turns":12},{"damage":0,"enemies":"3 Shapes","floor":35,"turns":5},{"damage":0,"enemies":"3 Darklings","floor":36,"turns":7},{"damage":2,"enemies":"Maw","floor":39,"turns":8},{"damage":1,"enemies":"Giant Head","floor":41,"turns":10},{"damage":21,"enemies":"Jaw Worm Horde","floor":44,"turns":5},{"damage":38,"enemies":"Reptomancer","floor":45,"turns":5},{"damage":0,"enemies":"Giant Head","floor":48,"turns":10},{"damage":22,"enemies":"Time Eater","floor":50,"turns":14},{"damage":48,"enemies":"Shield and Spear","floor":54,"turns":10},{"damage":33,"enemies":"The Heart","floor":55,"turns":3}],"seed_played":"562904327062594475","potions_obtained":[{"floor":8,"key":"Strength Potion"},{"floor":10,"key":"GamblersBrew"},{"floor":12,"key":"AttackPotion"}],"is_trial":false,"path_per_floor":["M","$","M","?","M","E","R","M","T","M","R","M","M","?","R","B",null,"M","$","M","T","M","R","M","M","T","$","E","T","M","M","R","B",null,"M","M","T","?","M","R","E","?","T","M","E","$","?","E","R","B",null,"R","$","E","B"],"character_chosen":"THE_SILENT","items_purchased":["Crippling Poison","TwistedFunnel","Medical Kit","Leg Sweep+1","Caltrops"],"campfire_rested":4,"item_purchase_floors":[27,27,53,53,53],"current_hp_per_floor":[70,70,69,69,69,49,49,47,47,47,47,46,34,34,55,44,70,69,69,69,69,25,46,35,31,31,31,31,31,31,31,52,47,75,75,75,75,75,73,73,72,72,72,51,13,13,13,13,35,13,75,75,75,27,0],"gold":121,"neow_bonus":"TRANSFORM_CARD","is_prod":false,"is_daily":false,"chose_seed":false,"campfire_upgraded":3,"win_rate":0,"timestamp":1555755340,"path_taken":["M","$","M","?","M","E","R","M","T","M","R","?","M","?","R","BOSS","M","$","M","?","M","R","M","M","T","$","E","?","M","?","R","BOSS","M","M","?","?","?","R","E","?","T","M","E","$","?","E","R","BOSS","R","$","E","BOSS"],"build_version":"2019-01-23","purchased_purges":5,"victory":false,"max_hp_per_floor":[70,70,70,70,70,70,70,70,70,70,70,70,70,70,70,70,70,70,70,70,70,70,70,70,70,70,70,70,70,70,70,70,70,75,75,75,75,75,75,75,75,75,75,75,75,75,75,75,75,75,75,75,75,75,75],"card_choices":[{"not_picked":["Slice","Poisoned Stab"],"picked":"Dodge and Roll","floor":1},{"not_picked":["Catalyst","Deadly Poison"],"picked":"Bouncing Flask","floor":3},{"not_picked":["Blade Dance","Underhanded Strike"],"picked":"PiercingWail","floor":5},{"not_picked":["Night Terror","Prepared"],"picked":"PiercingWail","floor":6},{"not_picked":["Quick Slash","Backflip"],"picked":"Poisoned Stab","floor":8},{"not_picked":["Dagger Spray","Blade Dance"],"picked":"Catalyst","floor":10},{"not_picked":["Dagger Spray","Reflex"],"picked":"Quick Slash","floor":12},{"not_picked":["Slice","Doppelganger"],"picked":"Well Laid Plans","floor":13},{"not_picked":["Corpse Explosion","A Thousand Cuts"],"picked":"Bullet Time","floor":16},{"not_picked":["Prepared","Infinite Blades"],"picked":"Sucker Punch","floor":18},{"not_picked":["Escape Plan","Dagger Throw"],"picked":"Backflip","floor":20},{"not_picked":["Infinite Blades","Accuracy"],"picked":"Dodge and Roll+1","floor":22},{"not_picked":["Bane","Dash"],"picked":"Backflip","floor":24},{"not_picked":["Sucker Punch","Choke"],"picked":"Blur","floor":25},{"not_picked":["Backstab","Reflex","Slice"],"picked":"SKIP","floor":28},{"not_picked":["Blade Dance+1","Noxious Fumes"],"picked":"Footwork+1","floor":30},{"not_picked":["Prepared","Quick Slash"],"picked":"Deadly Poison","floor":31},{"not_picked":["Adrenaline","Venomology"],"picked":"Malaise","floor":33},{"not_picked":["Cloak And Dagger+1","Backflip"],"picked":"Noxious Fumes","floor":34},{"not_picked":["Underhanded Strike","Deflect"],"picked":"Leg Sweep","floor":35},{"not_picked":["Slice","Poisoned Stab+1"],"picked":"Well Laid Plans","floor":36},{"not_picked":["Infinite Blades","Backflip","Acrobatics"],"picked":"SKIP","floor":39},{"not_picked":["Flechettes+1","Skewer+1","Eviscerate"],"picked":"SKIP","floor":41},{"not_picked":["Good Instincts","Madness"],"picked":"Mind Blast","floor":42},{"not_picked":["Underhanded Strike","Corpse Explosion"],"picked":"Flying Knee+1","floor":44},{"not_picked":["Underhanded Strike","Prepared"],"picked":"Well Laid Plans+1","floor":45},{"not_picked":["Flying Knee+1","Bane+1","Backstab+1"],"picked":"SKIP","floor":48},{"not_picked":["Backstab+1","Choke+1","PiercingWail+1"],"picked":"SKIP","floor":54}],"player_experience":84068,"relics_obtained":[{"floor":6,"key":"Tiny Chest"},{"floor":9,"key":"Smiling Mask"},{"floor":21,"key":"Gremlin Horn"},{"floor":26,"key":"Oddly Smooth Stone"},{"floor":28,"key":"Ancient Tea Set"},{"floor":29,"key":"Paper Crane"},{"floor":41,"key":"Happy Flower"},{"floor":43,"key":"Incense Burner"},{"floor":45,"key":"Vajra"},{"floor":48,"key":"Dodecahedron"},{"floor":54,"key":"Bottled Flame"}],"event_choices":[{"damage_healed":0,"gold_gain":100,"player_choice":"Gold","damage_taken":0,"max_hp_gain":0,"max_hp_loss":0,"event_name":"Wheel of Change","floor":4,"gold_loss":0},{"damage_healed":0,"gold_gain":0,"player_choice":"Bought 0 Potions","damage_taken":0,"max_hp_gain":0,"max_hp_loss":0,"event_name":"The Woman in Blue","floor":14,"gold_loss":0},{"damage_healed":0,"gold_gain":0,"player_choice":"Got Potions","damage_taken":0,"max_hp_gain":0,"max_hp_loss":0,"event_name":"Lab","floor":38,"gold_loss":0},{"damage_healed":0,"gold_gain":0,"player_choice":"Memory 1","damage_taken":0,"max_hp_gain":0,"max_hp_loss":0,"event_name":"SensoryStone","floor":42,"gold_loss":0},{"damage_healed":0,"gold_gain":0,"player_choice":"Paid Gold","damage_taken":0,"relics_obtained":["Toxic Egg 2"],"max_hp_gain":0,"max_hp_loss":0,"event_name":"WeMeetAgain","floor":47,"gold_loss":110}],"is_beta":false,"boss_relics":[{"not_picked":["Lizard Tail","WristBlade"],"picked":"Sozu"},{"not_picked":["Velvet Choker","White Beast Statue"],"picked":"Tiny House"}],"items_purged_floors":[2,19,27,46,53],"is_endless":false,"potions_floor_spawned":[8,10,12,18,22,33,35,39,48],"killed_by":"The Heart","ascension_level":1}