{"gold_per_floor":[113,38,38,38,53,80,94,123,171,171,181,181,201,233,233,311,311,328,253,39,53,53,53,53],"floor_reached":24,"playtime":781,"items_purged":["Strike_G"],"score":578,"play_id":"1d79244b-73ac-4690-b400-7ccf386a9c4f","local_time":"20190422010129","is_ascension_mode":true,"campfire_choices":[{"data":"Neutralize","floor":12.0,"key":"SMITH"},{"data":"Catalyst","floor":15.0,"key":"SMITH"},{"data":"Noxious Fumes","floor":23,"key":"SMITH"}],"neow_cost":"NONE","seed_source_timestamp":19581145523934,"circlet_count":0,"master_deck":["AscendersBane","Defend_G","Defend_G","Defend_G","Defend_G","Defend_G","Strike_G","Strike_G","Survivor","Neutralize+1","Poisoned Stab+1","PiercingWail","Bouncing Flask+1","Leg Sweep","Catalyst+1","Deflect+1","Glass Knife","Backflip+1","Noxious Fumes+1","Deflect+1","Calculated Gamble+1"],"special_seed":0,"relics":["Ring of the Snake","NeowsBlessing","Blue Candle","Regal Pillow","Orichalcum","Toxic Egg 2","Philosopher\u0027s Stone"],"potions_floor_usage":[24],"damage_taken":[{"damage":0.0,"enemies":"Jaw Worm","floor":1.0,"turns":1.0},{"damage":0.0,"enemies":"2 Louse","floor":5.0,"turns":1.0},{"damage":0.0,"enemies":"Lagavulin","floor":6.0,"turns":1.0},{"damage":1.0,"enemies":"Cultist","floor":7.0,"turns":4.0},{"damage":22.0,"enemies":"3 Sentries","floor":8.0,"turns":12.0},{"damage":0.0,"enemies":"Blue Slaver","floor":11.0,"turns":5.0},{"damage":7.0,"enemies":"Exordium Thugs","floor":13.0,"turns":8.0},{"damage":11.0,"enemies":"Lagavulin","floor":14.0,"turns":5.0},{"damage":0.0,"enemies":"The Guardian","floor":16.0,"turns":6.0},{"damage":9.0,"enemies":"Chosen","floor":18.0,"turns":6.0},{"damage":14,"enemies":"2 Thieves","floor":21,"turns":4},{"damage":9,"enemies":"Colosseum Slavers","floor":24,"turns":6},{"damage":16,"enemies":"Colosseum Nobs","floor":24,"turns":3}],"seed_played":"5786502860573515832","potions_obtained":[{"floor":1.0,"key":"EssenceOfSteel"},{"floor":7.0,"key":"Block Potion"},{"floor":8.0,"key":"Swift Potion"},{"floor":11.0,"key":"Regen Potion"},{"floor":21,"key":"GamblersBrew"}],"is_trial":false,"path_per_floor":["M","?","?","$","M","E","M","E","T","?","M","R","M","E","R","B",null,"M","?","$","M","$","R","?"],"character_chosen":"THE_SILENT","items_purchased":["Noxious Fumes","Deflect+1"],"campfire_rested":0,"item_purchase_floors":[20,20],"current_hp_per_floor":[59,59,59,59,59,59,58,36,36,36,36,36,44,33,33,33,58,49,49,49,35,35,35,10],"gold":53,"neow_bonus":"THREE_ENEMY_KILL","is_prod":false,"is_daily":false,"chose_seed":false,"campfire_upgraded":3,"win_rate":0,"timestamp":1555920089,"path_taken":["M","?","?","$","?","E","M","E","T","?","M","R","M","E","R","BOSS","M","?","?","M","$","R","?"],"build_version":"2019-04-21","purchased_purges":1,"victory":false,"max_hp_per_floor":[66,66,66,66,66,66,66,66,66,66,66,66,66,66,66,66,66,66,66,66,66,66,66,66],"card_choices":[{"not_picked":["Terror","Bane"],"picked":"Poisoned Stab","floor":1.0},{"not_picked":["Caltrops","Terror"],"picked":"PiercingWail","floor":5.0},{"not_picked":["Reflex","Dodge and Roll"],"picked":"Bouncing Flask","floor":6.0},{"not_picked":["Deflect","Sucker Punch"],"picked":"Leg Sweep","floor":7.0},{"not_picked":["Dagger Throw","Slice","Blade Dance"],"picked":"SKIP","floor":8.0},{"not_picked":["Dagger Spray","Riddle With Holes","Bane"],"picked":"SKIP","floor":11.0},{"not_picked":["Slice","Setup"],"picked":"Catalyst","floor":13.0},{"not_picked":["Leg Sweep","Storm of Steel"],"picked":"Deflect","floor":14.0},{"not_picked":["Phantasmal Killer+1","Grand Finale"],"picked":"Glass Knife","floor":16.0},{"not_picked":["Bane+1","Eviscerate"],"picked":"Backflip+1","floor":18.0},{"not_picked":["Cloak And Dagger+1","Dash"],"picked":"Calculated Gamble+1","floor":21}],"player_experience":1424914,"relics_obtained":[{"floor":6.0,"key":"Blue Candle"},{"floor":8.0,"key":"Regal Pillow"},{"floor":9.0,"key":"Orichalcum"},{"floor":14.0,"key":"Toxic Egg 2"}],"event_choices":[{"cards_removed":["Strike_G"],"damage_healed":0.0,"max_hp_gain":0.0,"max_hp_loss":0.0,"gold_gain":0.0,"event_name":"The Cleric","player_choice":"Card Removal","floor":2.0,"gold_loss":75.0,"damage_taken":0.0},{"damage_healed":0.0,"max_hp_gain":0.0,"max_hp_loss":0.0,"gold_gain":0.0,"event_name":"Upgrade Shrine","player_choice":"Upgraded","floor":3.0,"gold_loss":0.0,"damage_taken":0.0,"cards_upgraded":["Poisoned Stab"]},{"damage_healed":0.0,"max_hp_gain":0.0,"max_hp_loss":0.0,"gold_gain":0.0,"event_name":"Living Wall","player_choice":"Grow","floor":10.0,"gold_loss":0.0,"damage_taken":0.0,"cards_upgraded":["Bouncing Flask"]},{"cards_removed":["Strike_G"],"damage_healed":0.0,"max_hp_gain":0.0,"max_hp_loss":0.0,"gold_gain":0.0,"event_name":"Beggar","player_choice":"Gave Gold","floor":19.0,"gold_loss":75.0,"damage_taken":0.0},{"damage_healed":0,"gold_gain":0,"player_choice":"Fight","damage_taken":0,"max_hp_gain":0,"max_hp_loss":0,"event_name":"Colosseum","floor":24,"gold_loss":0},{"damage_healed":0,"gold_gain":0,"player_choice":"Fought Nobs","damage_taken":0,"max_hp_gain":0,"max_hp_loss":0,"event_name":"Colosseum","floor":24,"gold_loss":0}],"is_beta":true,"boss_relics":[{"not_picked":["Tiny House","White Beast Statue"],"picked":"Philosopher\u0027s Stone"}],"items_purged_floors":[20],"is_endless":false,"potions_floor_spawned":[1,7,8,11,21,24],"killed_by":"Colosseum Nobs","ascension_level":20}