{"gold_per_floor":[364,380,380,305,315,315,220,255,255,255,93,112,140,140,140,140],"floor_reached":16,"playtime":498,"items_purged":[],"score":216,"play_id":"c5d396ca-54dd-4678-ada7-3e381aedfcdf","local_time":"20190221224812","is_ascension_mode":true,"campfire_choices":[{"data":"Zap","floor":6.0,"key":"SMITH"},{"data":"Compile Driver","floor":10,"key":"SMITH"},{"data":"Hologram","floor":15,"key":"SMITH"}],"neow_cost":"PERCENT_DAMAGE","seed_source_timestamp":2242189143422149,"circlet_count":0,"master_deck":["AscendersBane","Strike_B","Strike_B","Strike_B","Defend_B","Defend_B","Defend_B","Defend_B","Zap+1","Dualcast","Hologram+1","Glacier","Compile Driver+1","Hyperbeam","Gash","Conserve Battery"],"special_seed":0,"relics":["Cracked Core","Thread and Needle","Ginger","Mummified Hand","Golden Idol"],"potions_floor_usage":[8,8,16,16],"damage_taken":[{"damage":2.0,"enemies":"2 Louse","floor":1.0,"turns":3.0},{"damage":7.0,"enemies":"Jaw Worm","floor":2.0,"turns":3.0},{"damage":7.0,"enemies":"Small Slimes","floor":5.0,"turns":4.0},{"damage":11,"enemies":"Gremlin Nob","floor":8,"turns":3},{"damage":3,"enemies":"Exordium Wildlife","floor":12,"turns":3},{"damage":8,"enemies":"3 Sentries","floor":13,"turns":5},{"damage":34,"enemies":"Slime Boss","floor":16,"turns":7}],"seed_played":"6623288868160100620","potions_obtained":[{"floor":1.0,"key":"PowerPotion"},{"floor":8,"key":"EssenceOfSteel"},{"floor":12,"key":"Fire Potion"}],"is_trial":false,"path_per_floor":["M","M","?","?","M","R","$","E","T","R","$","M","E","?","R","B"],"character_chosen":"DEFECT","items_purchased":["Glacier","PowerPotion","Hyperbeam","FocusPotion"],"campfire_rested":0,"item_purchase_floors":[7,7,11,11],"current_hp_per_floor":[44,37,60,60,53,53,53,42,42,42,42,39,31,31,31,0],"gold":140,"neow_bonus":"TWO_FIFTY_GOLD","is_prod":false,"is_daily":false,"chose_seed":false,"campfire_upgraded":3,"win_rate":0,"timestamp":1550818092,"path_taken":["M","M","?","?","M","R","$","E","T","R","?","M","E","?","R","BOSS"],"build_version":"2019-02-06","purchased_purges":0,"victory":false,"max_hp_per_floor":[71,71,71,71,71,71,71,71,71,71,71,71,71,64,64,64],"card_choices":[{"not_picked":["Auto Shields","Streamline","Turbo"],"picked":"SKIP","floor":1.0},{"not_picked":["Beam Cell","Turbo","Skim"],"picked":"SKIP","floor":2.0},{"not_picked":["Barrage","Scrape"],"picked":"Hologram","floor":5.0},{"not_picked":["Fission","Rainbow"],"picked":"Compile Driver","floor":8},{"not_picked":["Rebound","Sunder"],"picked":"Gash","floor":12},{"not_picked":["Leap","Chaos"],"picked":"Conserve Battery","floor":13}],"player_experience":1221193,"relics_obtained":[{"floor":8,"key":"Thread and Needle"},{"floor":9,"key":"Ginger"},{"floor":13,"key":"Mummified Hand"}],"event_choices":[{"damage_healed":23.0,"max_hp_gain":0.0,"max_hp_loss":0.0,"gold_gain":0.0,"event_name":"Big Fish","player_choice":"Banana","floor":3.0,"gold_loss":0.0,"damage_taken":0.0},{"cards_removed":["Strike_B"],"damage_healed":0.0,"max_hp_gain":0.0,"max_hp_loss":0.0,"gold_gain":0.0,"event_name":"The Cleric","player_choice":"Card Removal","floor":4.0,"gold_loss":75.0,"damage_taken":0.0},{"damage_healed":0,"gold_gain":0,"player_choice":"Lose Max HP","damage_taken":0,"relics_obtained":["Golden Idol"],"max_hp_gain":0,"max_hp_loss":7,"event_name":"Golden Idol","floor":14,"gold_loss":0}],"is_beta":true,"boss_relics":[],"items_purged_floors":[],"is_endless":false,"potions_floor_spawned":[1,8,12,13],"killed_by":"Slime Boss","ascension_level":20}