{"gold_per_floor":[109,129,149,161,32,32,52,52,99,99,127,145,157,157,157,157],"floor_reached":16,"playtime":686,"items_purged":["Strike_R"],"score":104,"play_id":"fcce4af9-e249-4ff2-8f72-ca72afe744d8","local_time":"20190417230623","is_ascension_mode":false,"campfire_choices":[{"data":"Iron Wave","floor":6,"key":"SMITH"},{"data":"Bash","floor":10,"key":"SMITH"},{"data":"Shrug It Off","floor":15,"key":"SMITH"}],"neow_cost":"NONE","seed_source_timestamp":123977893118946,"circlet_count":0,"master_deck":["Strike_R","Strike_R","Strike_R","Strike_R","Defend_R","Defend_R","Defend_R","Defend_R","Bash+1","Bludgeon+1","Pommel Strike","Body Slam","Iron Wave+1","Feel No Pain+1","Shrug It Off+1","Thunderclap","Bloodletting","Seeing Red","Cleave"],"relics":["Burning Blood","Bag of Marbles","Frozen Egg 2"],"potions_floor_usage":[],"damage_taken":[{"damage":3,"enemies":"Jaw Worm","floor":1,"turns":3},{"damage":6,"enemies":"2 Louse","floor":2,"turns":3},{"damage":0,"enemies":"Small Slimes","floor":3,"turns":3},{"damage":16,"enemies":"Exordium Thugs","floor":4,"turns":5},{"damage":5,"enemies":"Exordium Wildlife","floor":7,"turns":3},{"damage":8,"enemies":"Gremlin Nob","floor":11,"turns":3},{"damage":3,"enemies":"Large Slime","floor":12,"turns":1},{"damage":30,"enemies":"Exordium Thugs","floor":13,"turns":4},{"damage":38,"enemies":"Hexaghost","floor":16,"turns":7}],"seed_played":"-6878599771438241526","potions_obtained":[{"floor":1,"key":"Poison Potion"},{"floor":12,"key":"Strength Potion"},{"floor":13,"key":"Regen Potion"}],"is_trial":false,"path_per_floor":["M","M","M","M","$","R","M","?","T","R","E","M","M","?","R","B"],"character_chosen":"IRONCLAD","items_purchased":["Shrug It Off"],"campfire_rested":0,"item_purchase_floors":[5],"current_hp_per_floor":[80,80,80,70,70,70,71,55,55,55,53,56,32,37,37,0],"gold":157,"neow_bonus":"ONE_RANDOM_RARE_CARD","is_prod":false,"is_daily":false,"chose_seed":false,"campfire_upgraded":3,"win_rate":0.0,"timestamp":1555522583,"path_taken":["M","M","M","M","$","R","M","?","T","R","E","M","M","?","R","BOSS"],"build_version":"2019-01-23","purchased_purges":1,"victory":false,"max_hp_per_floor":[80,80,80,80,80,80,80,80,80,80,80,80,80,85,85,85],"card_choices":[{"not_picked":["Perfected Strike","Clothesline"],"picked":"Pommel Strike","floor":1},{"not_picked":["Clothesline","Brutality"],"picked":"Body Slam","floor":2},{"not_picked":["Feel No Pain","Heavy Blade"],"picked":"Iron Wave","floor":3},{"not_picked":["Armaments","Twin Strike"],"picked":"Feel No Pain","floor":4},{"not_picked":["Heavy Blade","Clothesline"],"picked":"Thunderclap","floor":7},{"not_picked":["Headbutt","Anger"],"picked":"Bloodletting","floor":11},{"not_picked":["Heavy Blade","Perfected Strike"],"picked":"Seeing Red","floor":12},{"not_picked":["Bloodletting","Heavy Blade"],"picked":"Cleave","floor":13}],"player_experience":26296,"relics_obtained":[{"floor":9,"key":"Bag of Marbles"},{"floor":11,"key":"Frozen Egg 2"}],"event_choices":[{"damage_healed":0,"gold_gain":0,"player_choice":"Entered Light","damage_taken":16,"max_hp_gain":0,"max_hp_loss":0,"event_name":"Shining Light","floor":8,"gold_loss":0,"cards_upgraded":["Bludgeon","Feel No Pain"]},{"damage_healed":0,"gold_gain":0,"player_choice":"Donut","damage_taken":0,"max_hp_gain":5,"max_hp_loss":0,"event_name":"Big Fish","floor":14,"gold_loss":0}],"is_beta":false,"boss_relics":[],"items_purged_floors":[5],"is_endless":false,"potions_floor_spawned":[1,12,13],"killed_by":"Hexaghost","ascension_level":0}