{"gold_per_floor":[119,44,44,63,79,79,104,114,163,140,177,189,226,253,265,352,364,387,378,405,428,16,16,42,57,57,57,117,117,149,168,168,242,242,253,299,87,98,1097,1097,1127,432,459,299,314,9,26,53,53,53,53,53,53,29,56,56],"floor_reached":57,"playtime":2747,"items_purged":["Writhe","Strike_R","Strike_R"],"score":2730,"play_id":"e026c5ac-884c-434f-acc5-0f0b744af8e6","local_time":"20190121004500","is_ascension_mode":true,"campfire_choices":[{"data":"Demon Form","floor":6.0,"key":"SMITH"},{"data":"Disarm","floor":12.0,"key":"SMITH"},{"data":"Disarm","floor":15.0,"key":"SMITH"},{"data":"Disarm","floor":23.0,"key":"SMITH"},{"data":"Strike_R","floor":27.0,"key":"PURGE"},{"data":"Strike_R","floor":32.0,"key":"PURGE"},{"data":"Strike_R","floor":40.0,"key":"PURGE"},{"floor":49.0,"key":"RECALL"},{"data":"Feel No Pain","floor":53.0,"key":"SMITH"}],"neow_cost":"CURSE","seed_source_timestamp":249100781170703,"circlet_count":0,"master_deck":["AscendersBane","Defend_R","Defend_R","Defend_R","Defend_R+1","Bash","Demon Form+1","Cleave","Disarm+1","Ghostly Armor","Shrug It Off","Disarm+1","Reaper","Flame Barrier+1","Shrug It Off","Disarm+1","Feel No Pain+1","Whirlwind+1","Fiend Fire","Sword Boomerang","Sword Boomerang+1","Evolve","Impervious","Inflame+1","Feel No Pain+1","Shrug It Off","Juggernaut+1","Heavy Blade"],"special_seed":0,"relics":["Burning Blood","Bottled Tornado","MawBank","Blood Vial","PreservedInsect","Busted Crown","Mummified Hand","Peace Pipe","War Paint","Tiny Chest","Omamori","Runic Dome","Bird Faced Urn","Strawberry","Frozen Egg 2","Sling","Bronze Scales","OrangePellets","Sundial","Gremlin Horn"],"potions_floor_usage":[56,56],"damage_taken":[{"damage":11.0,"enemies":"2 Louse","floor":1.0,"turns":3.0},{"damage":4.0,"enemies":"Jaw Worm","floor":4.0,"turns":4.0},{"damage":24.0,"enemies":"Small Slimes","floor":5.0,"turns":3.0},{"damage":19.0,"enemies":"Lagavulin","floor":7.0,"turns":6.0},{"damage":9.0,"enemies":"Blue Slaver","floor":8.0,"turns":5.0},{"damage":15.0,"enemies":"3 Sentries","floor":11.0,"turns":4.0},{"damage":26.0,"enemies":"Gremlin Nob","floor":13.0,"turns":4.0},{"damage":6.0,"enemies":"Lots of Slimes","floor":14.0,"turns":5.0},{"damage":24.0,"enemies":"The Guardian","floor":16.0,"turns":10.0},{"damage":21.0,"enemies":"Spheric Guardian","floor":18.0,"turns":5.0},{"damage":39.0,"enemies":"2 Thieves","floor":19.0,"turns":5.0},{"damage":14.0,"enemies":"3 Cultists","floor":20.0,"turns":4.0},{"damage":3.0,"enemies":"Snecko","floor":21.0,"turns":7.0},{"damage":23.0,"enemies":"Gremlin Leader","floor":24.0,"turns":5.0},{"damage":72.0,"enemies":"Cultist and Chosen","floor":25.0,"turns":15.0},{"damage":8.0,"enemies":"Book of Stabbing","floor":28.0,"turns":12.0},{"damage":12.0,"enemies":"Slavers","floor":30.0,"turns":5.0},{"damage":23.0,"enemies":"Shelled Parasite and Fungi","floor":31.0,"turns":8.0},{"damage":62.0,"enemies":"Collector","floor":33.0,"turns":10.0},{"damage":19.0,"enemies":"Orb Walker","floor":35.0,"turns":5.0},{"damage":47.0,"enemies":"2 Orb Walkers","floor":36.0,"turns":5.0},{"damage":17.0,"enemies":"3 Shapes","floor":38.0,"turns":12.0},{"damage":52.0,"enemies":"Nemesis","floor":41.0,"turns":7.0},{"damage":26.0,"enemies":"Sphere and 2 Shapes","floor":45.0,"turns":7.0},{"damage":1.0,"enemies":"Writhing Mass","floor":47.0,"turns":6.0},{"damage":13.0,"enemies":"Giant Head","floor":48.0,"turns":6.0},{"damage":40.0,"enemies":"Donu and Deca","floor":50.0,"turns":8.0},{"damage":29.0,"enemies":"Time Eater","floor":51.0,"turns":7.0},{"damage":63.0,"enemies":"Shield and Spear","floor":55.0,"turns":5.0},{"damage":79,"enemies":"The Heart","floor":56,"turns":8}],"seed_played":"4374819130240685741","potions_obtained":[{"floor":1.0,"key":"EssenceOfSteel"},{"floor":7.0,"key":"Explosive Potion"},{"floor":14.0,"key":"PowerPotion"},{"floor":16.0,"key":"EssenceOfSteel"},{"floor":19.0,"key":"Block Potion"},{"floor":28.0,"key":"Dexterity Potion"},{"floor":31.0,"key":"PowerPotion"},{"floor":38.0,"key":"GamblersBrew"},{"floor":41.0,"key":"Block Potion"}],"is_trial":false,"path_per_floor":["?","?","?","?","?","$"],"character_chosen":"IRONCLAD","items_purchased":["Mummified Hand","Feel No Pain","Evolve","Impervious","Frozen Egg 2","Inflame+1","Sling","Bronze Scales","Feel No Pain+1","OrangePellets","Heavy Blade"],"campfire_rested":0,"item_purchase_floors":[22,22,37,37,42,42,42,44,46,46,54],"current_hp_per_floor":[63,63,63,65,47,47,34,31,31,49,40,40,22,24,24,8,58,45,34,67,75,75,75,75,52,52,52,75,54,80,80,80,62,76,65,39,39,70,70,70,72,72,72,72,84,84,87,83,83,57,70,83,83,83,54,14],"gold":56,"neow_bonus":"THREE_RARE_CARDS","is_prod":false,"is_daily":false,"chose_seed":false,"campfire_upgraded":5,"win_rate":0,"timestamp":1548060300,"path_taken":["M","$","?","M","M","R","E","M","T","?","E","R","E","M","R","BOSS","M","M","M","M","$","R","E","M","T","R","E","?","E","M","R","BOSS","M","?","$","M","?","R","E","$","T","?","M","$","M","E","R","BOSS","BOSS","R","$","E","BOSS"],"build_version":"2019-01-20","purchased_purges":3,"victory":true,"max_hp_per_floor":[75,75,75,75,75,75,75,75,75,75,75,75,75,75,75,75,75,75,75,75,75,75,75,75,75,75,75,75,80,80,80,80,80,80,80,80,80,80,80,80,87,87,87,87,87,87,87,87,87,87,87,87,87,87,87,87],"card_choices":[{"not_picked":["Bludgeon","Barricade"],"picked":"Demon Form","floor":0.0},{"not_picked":["Pommel Strike","Pummel"],"picked":"Cleave","floor":1.0},{"not_picked":["Entrench","Havoc","Carnage"],"picked":"SKIP","floor":4.0},{"not_picked":["Battle Trance","Clash"],"picked":"Disarm","floor":5.0},{"not_picked":["Searing Blow","Perfected Strike"],"picked":"Ghostly Armor","floor":7.0},{"not_picked":["Wild Strike","Warcry","Dual Wield"],"picked":"SKIP","floor":8.0},{"not_picked":["Blood for Blood","Iron Wave"],"picked":"Shrug It Off","floor":11.0},{"not_picked":["Clash","Whirlwind"],"picked":"Disarm","floor":13.0},{"not_picked":["Headbutt","Iron Wave","Flex"],"picked":"SKIP","floor":14.0},{"not_picked":["Berserk","Fiend Fire"],"picked":"Reaper","floor":16.0},{"not_picked":[],"picked":"Flame Barrier","floor":18.0},{"not_picked":[],"picked":"Shrug It Off","floor":19.0},{"not_picked":["Fire Breathing"],"picked":"SKIP","floor":20.0},{"not_picked":["Fire Breathing"],"picked":"SKIP","floor":20.0},{"not_picked":[],"picked":"Disarm","floor":21.0},{"not_picked":["Sever Soul"],"picked":"SKIP","floor":24.0},{"not_picked":["Flex"],"picked":"SKIP","floor":25.0},{"not_picked":["Thunderclap"],"picked":"SKIP","floor":28.0},{"not_picked":["Headbutt"],"picked":"SKIP","floor":30.0},{"not_picked":[],"picked":"Whirlwind+1","floor":31.0},{"not_picked":[],"picked":"Fiend Fire","floor":33.0},{"not_picked":[],"picked":"Sword Boomerang","floor":35.0},{"not_picked":[],"picked":"Sword Boomerang+1","floor":36.0},{"not_picked":["Cleave+1"],"picked":"SKIP","floor":38.0},{"not_picked":["Ghostly Armor"],"picked":"SKIP","floor":41.0},{"not_picked":["Combust+1"],"picked":"SKIP","floor":45.0},{"not_picked":[],"picked":"Shrug It Off","floor":47.0},{"not_picked":[],"picked":"Juggernaut+1","floor":48.0},{"not_picked":["Anger+1"],"picked":"SKIP","floor":55.0}],"player_experience":1000005,"relics_obtained":[{"floor":7.0,"key":"Bottled Tornado"},{"floor":9.0,"key":"MawBank"},{"floor":11.0,"key":"Blood Vial"},{"floor":13.0,"key":"PreservedInsect"},{"floor":24.0,"key":"Peace Pipe"},{"floor":26.0,"key":"War Paint"},{"floor":28.0,"key":"Tiny Chest"},{"floor":30.0,"key":"Omamori"},{"floor":36.0,"key":"Bird Faced Urn"},{"floor":41.0,"key":"Strawberry"},{"floor":48.0,"key":"Sundial"},{"floor":55.0,"key":"Gremlin Horn"}],"event_choices":[{"damage_healed":0.0,"max_hp_gain":0.0,"max_hp_loss":0.0,"gold_gain":0.0,"event_name":"Liars Game","player_choice":"Ignored","floor":3.0,"gold_loss":0.0,"damage_taken":0.0},{"damage_healed":18.0,"max_hp_gain":0.0,"max_hp_loss":0.0,"gold_gain":0.0,"event_name":"The Cleric","player_choice":"Healed","floor":10.0,"gold_loss":35.0,"damage_taken":0.0},{"damage_healed":0.0,"max_hp_gain":5.0,"max_hp_loss":0.0,"gold_gain":0.0,"event_name":"Forgotten Altar","player_choice":"Shed Blood","floor":29.0,"gold_loss":0.0,"damage_taken":26.0},{"damage_healed":0.0,"max_hp_gain":0.0,"max_hp_loss":0.0,"gold_gain":0.0,"event_name":"Mysterious Sphere","player_choice":"Fight","floor":36.0,"gold_loss":0.0,"damage_taken":0.0},{"damage_healed":0.0,"max_hp_gain":0.0,"max_hp_loss":0.0,"gold_gain":999.0,"event_name":"MindBloom","player_choice":"Gold","floor":39.0,"gold_loss":0.0,"damage_taken":0.0,"cards_obtained":["Normality","Normality"]}],"is_beta":true,"boss_relics":[{"not_picked":["Empty Cage","Runic Cube"],"picked":"Busted Crown"},{"not_picked":["Tiny House","Mark of Pain"],"picked":"Runic Dome"}],"items_purged_floors":[2,22,42],"is_endless":false,"potions_floor_spawned":[1,7,14,16,19,20,28,31,33,38,41,48,55],"ascension_level":20}