{"gold_per_floor":[114,114,389,59,77,111,129,129],"floor_reached":8,"playtime":169,"items_purged":["Regret"],"score":162,"play_id":"c05e2846-7b5c-4303-8036-503a2eb2017b","local_time":"20190208231004","is_ascension_mode":true,"campfire_choices":[],"neow_cost":"NONE","seed_source_timestamp":1403337210047927,"circlet_count":0,"master_deck":["AscendersBane","Defend_G","Defend_G","Defend_G","Defend_G","Defend_G","Strike_G","Strike_G","Strike_G","Strike_G","Strike_G","Survivor","Neutralize","Dagger Spray","Footwork","After Image"],"relics":["Ring of the Snake","NeowsBlessing","Happy Flower","Tiny Chest","The Specimen"],"potions_floor_usage":[8],"damage_taken":[{"damage":0,"enemies":"Jaw Worm","floor":1,"turns":1},{"damage":0,"enemies":"2 Louse","floor":5,"turns":1},{"damage":0,"enemies":"3 Sentries","floor":6,"turns":2},{"damage":4,"enemies":"Cultist","floor":7,"turns":5},{"damage":8,"enemies":"Gremlin Nob","floor":8,"turns":3}],"seed_played":"-3993772894249526358","potions_obtained":[{"floor":6,"key":"PowerPotion"}],"is_trial":false,"path_per_floor":["M","?","?","$","M","E","M","E"],"character_chosen":"THE_SILENT","items_purchased":["Fire Potion","SteroidPotion","Tiny Chest"],"campfire_rested":0,"item_purchase_floors":[4,4,4],"current_hp_per_floor":[59,33,33,33,33,33,29,21],"gold":129,"neow_bonus":"THREE_ENEMY_KILL","is_prod":false,"is_daily":false,"chose_seed":false,"campfire_upgraded":0,"win_rate":0,"timestamp":1549696204,"path_taken":["M","?","?","$","M","E","M","E"],"build_version":"2019-02-06","purchased_purges":1,"victory":false,"max_hp_per_floor":[66,66,66,66,66,66,66,66],"card_choices":[{"not_picked":["Prepared","Concentrate"],"picked":"Dagger Spray","floor":1},{"not_picked":["Catalyst","Flying Knee"],"picked":"Footwork","floor":5},{"not_picked":["Acrobatics","Accuracy","Masterful Stab"],"picked":"SKIP","floor":6},{"not_picked":["All Out Attack","Dodge and Roll"],"picked":"After Image","floor":7}],"player_experience":1112314,"relics_obtained":[{"floor":6,"key":"The Specimen"}],"event_choices":[{"damage_healed":0,"gold_gain":0,"player_choice":"Success","damage_taken":26,"relics_obtained":["Happy Flower"],"max_hp_gain":0,"max_hp_loss":0,"event_name":"Scrap Ooze","floor":2,"gold_loss":0},{"damage_healed":0,"gold_gain":275,"player_choice":"Desecrate","damage_taken":0,"max_hp_gain":0,"max_hp_loss":0,"event_name":"Golden Shrine","floor":3,"gold_loss":0,"cards_obtained":["Regret"]}],"is_beta":true,"boss_relics":[],"items_purged_floors":[4],"is_endless":false,"potions_floor_spawned":[5,6],"killed_by":"Gremlin Nob","ascension_level":20}