{"gold_per_floor":[115,131,131,151,165,205,205,240,240,289,308,329,404,404],"floor_reached":14,"playtime":384,"items_purged":[],"score":204,"play_id":"a9e4a147-744f-40df-b96d-f7c6c25b01c9","local_time":"20190315004950","is_ascension_mode":true,"campfire_choices":[{"floor":7.0,"key":"REST"}],"neow_cost":"NONE","seed_source_timestamp":3885960120761,"circlet_count":0,"master_deck":["AscendersBane","Strike_R","Strike_R","Strike_R","Strike_R","Strike_R","Defend_R","Defend_R","Defend_R","Defend_R","Bash+1","Wild Strike","Spot Weakness","Metallicize","Battle Trance","Shrug It Off","Battle Trance"],"special_seed":0,"relics":["Burning Blood","Golden Idol","Shuriken","Smiling Mask","The Courier","Bag of Preparation"],"potions_floor_usage":[14],"damage_taken":[{"damage":1.0,"enemies":"Cultist","floor":1.0,"turns":3.0},{"damage":6.0,"enemies":"Jaw Worm","floor":2.0,"turns":6.0},{"damage":9.0,"enemies":"Small Slimes","floor":4.0,"turns":4.0},{"damage":26.0,"enemies":"Exordium Thugs","floor":5.0,"turns":6.0},{"damage":36.0,"enemies":"3 Sentries","floor":6.0,"turns":11.0},{"damage":32.0,"enemies":"Gremlin Nob","floor":8.0,"turns":4.0},{"damage":0.0,"enemies":"Looter","floor":11.0,"turns":4.0},{"damage":0.0,"enemies":"3 Louse","floor":12.0,"turns":1.0},{"damage":0,"enemies":"Exordium Wildlife","floor":14,"turns":1}],"seed_played":"3154524725252556432","potions_obtained":[{"floor":1.0,"key":"SpeedPotion"},{"floor":5.0,"key":"GamblersBrew"},{"floor":6.0,"key":"Explosive Potion"},{"floor":12.0,"key":"Poison Potion"}],"is_trial":false,"path_per_floor":["M","M","?","M","M","E","R","E","T","T","M","M","?","M"],"character_chosen":"IRONCLAD","items_purchased":[],"campfire_rested":1,"item_purchase_floors":[],"current_hp_per_floor":[73,73,68,65,45,15,35,9,9,9,15,21,10,10],"gold":404,"neow_bonus":"UPGRADE_CARD","is_prod":false,"is_daily":false,"chose_seed":false,"campfire_upgraded":0,"win_rate":0,"timestamp":1552636190,"path_taken":["M","?","?","M","M","E","R","E","T","?","?","M","?","M"],"build_version":"2019-02-06","purchased_purges":0,"victory":false,"max_hp_per_floor":[75,75,68,68,68,68,68,68,68,68,68,68,68,68],"card_choices":[{"not_picked":["Ghostly Armor","Bloodletting","Perfected Strike"],"picked":"SKIP","floor":1.0},{"not_picked":["Corruption","Body Slam"],"picked":"Wild Strike","floor":2.0},{"not_picked":["Perfected Strike","Corruption"],"picked":"Spot Weakness","floor":4.0},{"not_picked":["Metallicize","Heavy Blade","Havoc"],"picked":"SKIP","floor":5.0},{"not_picked":["Heavy Blade","Havoc"],"picked":"Metallicize","floor":5.0},{"not_picked":["Armaments","Clash"],"picked":"Battle Trance","floor":6.0},{"not_picked":["Anger","Cleave"],"picked":"Shrug It Off","floor":8.0},{"not_picked":["Blood for Blood","Warcry","Bludgeon"],"picked":"SKIP","floor":11.0},{"not_picked":["Cleave","Wild Strike"],"picked":"Battle Trance","floor":12.0}],"player_experience":1361782,"relics_obtained":[{"floor":6.0,"key":"Shuriken"},{"floor":8.0,"key":"Smiling Mask"},{"floor":9.0,"key":"The Courier"},{"floor":10.0,"key":"Bag of Preparation"}],"event_choices":[{"damage_healed":0.0,"max_hp_gain":0.0,"max_hp_loss":7.0,"gold_gain":0.0,"event_name":"Golden Idol","player_choice":"Lose Max HP","floor":3.0,"gold_loss":0.0,"damage_taken":0.0,"relics_obtained":["Golden Idol"]},{"damage_healed":0.0,"max_hp_gain":0.0,"max_hp_loss":0.0,"gold_gain":75.0,"event_name":"World of Goop","player_choice":"Gather Gold","floor":13.0,"gold_loss":0.0,"damage_taken":11.0}],"is_beta":true,"boss_relics":[],"items_purged_floors":[],"is_endless":false,"potions_floor_spawned":[1,5,6,12],"killed_by":"Exordium Wildlife","ascension_level":20}