{"gold_per_floor":[115,115,130,147,147,182,201,201,201,235,235,6,34,54,54,131,131,151,34,44,64,92,92,123,123,123,123,123,123,134,34,34,111,111,121,121,121,42,42,67,67,67,137,137,149,149,371,386,386,386,386,386,386,152,152],"floor_reached":55,"playtime":1727,"items_purged":["Strike_R","Strike_R","Strike_R"],"score":1858,"play_id":"8950d96d-d275-4484-ae6f-a18e80d7efa8","local_time":"20181114025215","is_ascension_mode":true,"campfire_choices":[{"data":"Rampage","floor":8.0,"key":"SMITH"},{"floor":11.0,"key":"REST"},{"data":"Immolate","floor":15.0,"key":"SMITH"},{"data":"Heavy Blade","floor":23.0,"key":"SMITH"},{"floor":25.0,"key":"REST"},{"data":"Spot Weakness","floor":27.0,"key":"SMITH"},{"floor":32.0,"key":"REST"},{"data":"Limit Break","floor":41.0,"key":"SMITH"},{"data":"Shrug It Off","floor":44.0,"key":"SMITH"},{"floor":46.0,"key":"RECALL"},{"data":"Shrug It Off","floor":49.0,"key":"SMITH"},{"data":"Heavy Blade","floor":53.0,"key":"SMITH"}],"neow_cost":"NONE","seed_source_timestamp":214381327183741,"circlet_count":0,"master_deck":["AscendersBane","Strike_R","Defend_R","Defend_R+1","Defend_R+1","Defend_R","Bash","Shrug It Off+1","Cleave","Shrug It Off+1","Rampage+1","Spot Weakness+1","Immolate+1","Limit Break+1","Heavy Blade+1","Inflame+1","Headbutt+1","Inflame+1","Bludgeon","Heavy Blade+1","Clothesline"],"special_seed":0,"relics":["Burning Blood","NeowsBlessing","War Paint","Mango","Pocketwatch","Frozen Egg 2","Snecko Eye","Red Mask","Prayer Wheel","Mercury Hourglass","Busted Crown","Kunai","Ornamental Fan"],"potions_floor_usage":[],"damage_taken":[{"damage":0.0,"enemies":"Cultist","floor":1.0,"turns":1.0},{"damage":0.0,"enemies":"Jaw Worm","floor":3.0,"turns":1.0},{"damage":0.0,"enemies":"Small Slimes","floor":4.0,"turns":1.0},{"damage":56.0,"enemies":"Gremlin Nob","floor":6.0,"turns":5.0},{"damage":4.0,"enemies":"Looter","floor":7.0,"turns":4.0},{"damage":33.0,"enemies":"Lagavulin","floor":10.0,"turns":10.0},{"damage":0.0,"enemies":"3 Sentries","floor":13.0,"turns":2.0},{"damage":0.0,"enemies":"Gremlin Gang","floor":14.0,"turns":1.0},{"damage":15.0,"enemies":"Slime Boss","floor":16.0,"turns":7.0},{"damage":15.0,"enemies":"Spheric Guardian","floor":18.0,"turns":5.0},{"damage":17.0,"enemies":"2 Thieves","floor":20.0,"turns":2.0},{"damage":4.0,"enemies":"3 Cultists","floor":21.0,"turns":3.0},{"damage":0.0,"enemies":"Masked Bandits","floor":22.0,"turns":2.0},{"damage":70.0,"enemies":"Book of Stabbing","floor":24.0,"turns":5.0},{"damage":24.0,"enemies":"Snake Plant","floor":30.0,"turns":3.0},{"damage":21.0,"enemies":"Collector","floor":33.0,"turns":6.0},{"damage":7.0,"enemies":"3 Darklings","floor":35.0,"turns":3.0},{"damage":13.0,"enemies":"Giant Head","floor":40.0,"turns":4.0},{"damage":0.0,"enemies":"Orb Walker","floor":45.0,"turns":2.0},{"damage":7.0,"enemies":"Transient","floor":48.0,"turns":6.0},{"damage":37.0,"enemies":"Donu and Deca","floor":50.0,"turns":6.0},{"damage":38.0,"enemies":"Time Eater","floor":51.0,"turns":7.0},{"damage":52,"enemies":"Shield and Spear","floor":55,"turns":3}],"seed_played":"-8429491960277669360","potions_obtained":[{"floor":1.0,"key":"Fire Potion"},{"floor":5.0,"key":"SteroidPotion"},{"floor":5.0,"key":"SpeedPotion"},{"floor":7.0,"key":"Explosive Potion"},{"floor":13.0,"key":"LiquidBronze"},{"floor":21.0,"key":"Regen Potion"},{"floor":30.0,"key":"Regen Potion"},{"floor":33.0,"key":"SkillPotion"}],"is_trial":false,"path_per_floor":["M","?","M","M","?","E","M","R","T","E","R","$","E","M","R","B",null,"M","$","M","M","?","R","E","R","T","R","?","?","M","$","R","B",null,"M","?","?","$","?","E","R","$","T","R","M","R","?","M","R","B","B",null,"R","$","E"],"character_chosen":"IRONCLAD","items_purchased":["Immolate","Heavy Blade","Inflame+1","Regen Potion","Ancient Potion","Clothesline"],"campfire_rested":3,"item_purchase_floors":[12,19,19,38,54,54],"current_hp_per_floor":[74,74,75,75,75,39,41,41,41,14,40,40,46,52,52,43,78,69,69,58,60,66,66,16,42,42,42,42,42,24,24,50,50,79,78,78,78,78,78,71,71,71,71,71,77,77,77,76,76,45,28,71,71,71,19],"gold":152,"neow_bonus":"THREE_ENEMY_KILL","is_prod":false,"is_daily":false,"chose_seed":false,"campfire_upgraded":8,"win_rate":0,"timestamp":1542192735,"path_taken":["M","?","M","?","?","E","M","R","T","E","R","$","E","M","R","BOSS","M","$","?","M","?","R","E","R","T","R","?","?","?","$","R","BOSS","M","?","?","$","?","E","R","?","T","R","M","R","?","M","R","BOSS","BOSS","R","$","E"],"build_version":"2018-11-13","purchased_purges":3,"victory":false,"max_hp_per_floor":[75,75,75,75,75,89,89,89,89,89,89,89,89,89,89,89,89,89,89,89,89,89,89,89,89,89,89,89,89,89,89,89,89,89,89,89,85,85,85,85,85,85,85,85,85,85,85,85,85,85,85,85,85,85,85],"card_choices":[{"not_picked":["Shockwave","Flex"],"picked":"Shrug It Off","floor":1.0},{"not_picked":["Pummel","Clash"],"picked":"Cleave","floor":3.0},{"not_picked":["Pommel Strike","Havoc","Dual Wield"],"picked":"SKIP","floor":4.0},{"not_picked":["Infernal Blade","Headbutt"],"picked":"Shrug It Off","floor":6.0},{"not_picked":["Iron Wave","Blood for Blood"],"picked":"Rampage","floor":7.0},{"not_picked":["Reaper","Armaments"],"picked":"Spot Weakness","floor":10.0},{"not_picked":["Sever Soul","Infernal Blade","Havoc"],"picked":"SKIP","floor":13.0},{"not_picked":["Perfected Strike","Seeing Red","Iron Wave"],"picked":"SKIP","floor":14.0},{"not_picked":["Fiend Fire","Impervious"],"picked":"Limit Break","floor":16.0},{"not_picked":["Iron Wave","Cleave","Perfected Strike"],"picked":"SKIP","floor":18.0},{"not_picked":["Sword Boomerang","Iron Wave"],"picked":"Headbutt+1","floor":20.0},{"not_picked":["Shockwave","Body Slam"],"picked":"Inflame+1","floor":21.0},{"not_picked":["Thunderclap","Dual Wield","Rupture+1"],"picked":"SKIP","floor":24.0},{"not_picked":["Brutality+1","Wild Strike","Warcry"],"picked":"SKIP","floor":30.0},{"not_picked":["Flex","Wild Strike","Sword Boomerang"],"picked":"SKIP","floor":30.0},{"not_picked":["Limit Break","Barricade+1"],"picked":"Bludgeon","floor":33.0},{"not_picked":["Warcry"],"picked":"SKIP","floor":35.0},{"not_picked":["Iron Wave"],"picked":"SKIP","floor":35.0},{"not_picked":["Warcry"],"picked":"SKIP","floor":35.0},{"not_picked":["Iron Wave"],"picked":"SKIP","floor":35.0},{"not_picked":["Cleave+1"],"picked":"SKIP","floor":40.0},{"not_picked":[],"picked":"Heavy Blade","floor":45.0},{"not_picked":["Rage"],"picked":"SKIP","floor":45.0},{"not_picked":["True Grit"],"picked":"SKIP","floor":48.0},{"not_picked":["Clash+1"],"picked":"SKIP","floor":48.0}],"player_experience":913488,"relics_obtained":[{"floor":6.0,"key":"Mango"},{"floor":10.0,"key":"Pocketwatch"},{"floor":13.0,"key":"Frozen Egg 2"},{"floor":22.0,"key":"Red Mask"},{"floor":24.0,"key":"Prayer Wheel"},{"floor":26.0,"key":"Mercury Hourglass"},{"floor":40.0,"key":"Kunai"},{"floor":43.0,"key":"Ornamental Fan"}],"event_choices":[{"damage_healed":0.0,"max_hp_gain":0.0,"max_hp_loss":0.0,"gold_gain":0.0,"event_name":"WeMeetAgain","player_choice":"Gave Potion","floor":2.0,"gold_loss":0.0,"damage_taken":0.0,"relics_obtained":["War Paint"]},{"damage_healed":0.0,"max_hp_gain":0.0,"max_hp_loss":0.0,"gold_gain":0.0,"event_name":"Lab","player_choice":"Got Potions","floor":5.0,"gold_loss":0.0,"damage_taken":0.0},{"damage_healed":0.0,"max_hp_gain":0.0,"max_hp_loss":0.0,"gold_gain":0.0,"event_name":"Masked Bandits","player_choice":"Fought Bandits","floor":22.0,"gold_loss":0.0,"damage_taken":0.0},{"cards_removed":["Strike_R"],"damage_healed":0.0,"max_hp_gain":0.0,"max_hp_loss":0.0,"gold_gain":0.0,"event_name":"Back to Basics","player_choice":"Elegance","floor":28.0,"gold_loss":0.0,"damage_taken":0.0},{"damage_healed":0.0,"max_hp_gain":0.0,"max_hp_loss":0.0,"gold_gain":0.0,"event_name":"Match and Keep!","player_choice":"0 cards matched","floor":29.0,"gold_loss":0.0,"damage_taken":0.0,"cards_obtained":[]},{"damage_healed":0.0,"max_hp_gain":0.0,"max_hp_loss":0.0,"gold_gain":0.0,"event_name":"SensoryStone","player_choice":"Memory 1","floor":36.0,"gold_loss":0.0,"damage_taken":0.0},{"damage_healed":0.0,"max_hp_gain":0.0,"max_hp_loss":4.0,"gold_gain":0.0,"event_name":"Winding Halls","player_choice":"Max HP","floor":37.0,"gold_loss":0.0,"damage_taken":0.0},{"damage_healed":0.0,"max_hp_gain":0.0,"max_hp_loss":0.0,"gold_gain":0.0,"event_name":"Mysterious Sphere","player_choice":"Ignored","floor":39.0,"gold_loss":0.0,"damage_taken":0.0},{"damage_healed":0.0,"max_hp_gain":0.0,"max_hp_loss":0.0,"gold_gain":222.0,"event_name":"Tomb of Lord Red Mask","player_choice":"Wore Mask","floor":47.0,"gold_loss":0.0,"damage_taken":0.0}],"is_beta":true,"boss_relics":[{"not_picked":["Runic Dome","Fusion Hammer"],"picked":"Snecko Eye"},{"not_picked":["Black Star","Calling Bell"],"picked":"Busted Crown"}],"items_purged_floors":[12,31,54],"is_endless":false,"potions_floor_spawned":[1,7,13,21,22,30,33,45],"killed_by":"Shield and Spear","ascension_level":20}