{"gold_per_floor":[112,187,203,203,223,223,261,261,261,185,185,125,125,158,158,158],"floor_reached":16,"playtime":397,"items_purged":["Strike_B"],"score":212,"play_id":"83bee96f-3e56-4a52-be1a-9ea9295124a0","local_time":"20190304021135","is_ascension_mode":true,"campfire_choices":[{"data":"Streamline","floor":6.0,"key":"SMITH"},{"data":"Hologram","floor":8.0,"key":"SMITH"},{"data":"Consume","floor":13,"key":"SMITH"},{"floor":15,"key":"REST"}],"neow_cost":"NONE","seed_source_timestamp":2842275077421171,"circlet_count":0,"master_deck":["AscendersBane","Strike_B","Strike_B","Strike_B","Defend_B","Defend_B","Defend_B","Defend_B","Zap+1","Dualcast","Streamline+1","Rebound","Hologram+1","Hologram","Consume+1","Ball Lightning"],"special_seed":0,"relics":["Cracked Core","Golden Idol","Du-Vu Doll","The Courier","Lantern"],"potions_floor_usage":[14,16,16],"damage_taken":[{"damage":10.0,"enemies":"Small Slimes","floor":1.0,"turns":3.0},{"damage":4.0,"enemies":"Jaw Worm","floor":3.0,"turns":3.0},{"damage":1.0,"enemies":"Cultist","floor":5.0,"turns":3.0},{"damage":20.0,"enemies":"Lagavulin","floor":7.0,"turns":7.0},{"damage":18,"enemies":"3 Sentries","floor":14,"turns":5},{"damage":33,"enemies":"Slime Boss","floor":16,"turns":8}],"seed_played":"-8845179146537985678","potions_obtained":[{"floor":1.0,"key":"EssenceOfSteel"},{"floor":3.0,"key":"SneckoOil"},{"floor":14,"key":"Explosive Potion"}],"is_trial":false,"path_per_floor":["M","?","M","?","M","R","E","R","T","$","?","$","R","E","R","B"],"character_chosen":"DEFECT","items_purchased":["Hologram","Consume"],"campfire_rested":1,"item_purchase_floors":[10,10],"current_hp_per_floor":[54,43,39,39,38,38,18,18,18,18,23,23,23,5,25,0],"gold":158,"neow_bonus":"UPGRADE_CARD","is_prod":false,"is_daily":false,"chose_seed":false,"campfire_upgraded":3,"win_rate":0,"timestamp":1551694295,"path_taken":["M","?","M","?","M","R","E","R","T","$","?","?","R","E","R","BOSS"],"build_version":"2019-02-06","purchased_purges":1,"victory":false,"max_hp_per_floor":[71,71,71,64,64,64,64,64,64,64,69,69,69,69,69,69],"card_choices":[{"not_picked":["Force Field","Stack","Rebound"],"picked":"SKIP","floor":1.0},{"not_picked":["Recycle","Go for the Eyes"],"picked":"Streamline","floor":3.0},{"not_picked":["Capacitor","Gash"],"picked":"Rebound","floor":5.0},{"not_picked":["Barrage","Rainbow"],"picked":"Hologram","floor":7.0},{"not_picked":["Undo","Go for the Eyes"],"picked":"Ball Lightning","floor":14}],"player_experience":1308788,"relics_obtained":[{"floor":7.0,"key":"Du-Vu Doll"},{"floor":9.0,"key":"The Courier"},{"floor":14,"key":"Lantern"}],"event_choices":[{"damage_healed":0.0,"max_hp_gain":0.0,"max_hp_loss":0.0,"gold_gain":75.0,"event_name":"World of Goop","player_choice":"Gather Gold","floor":2.0,"gold_loss":0.0,"damage_taken":11.0},{"damage_healed":0.0,"max_hp_gain":0.0,"max_hp_loss":7.0,"gold_gain":0.0,"event_name":"Golden Idol","player_choice":"Lose Max HP","floor":4.0,"gold_loss":0.0,"damage_taken":0.0,"relics_obtained":["Golden Idol"]},{"damage_healed":0,"gold_gain":0,"player_choice":"Donut","damage_taken":0,"max_hp_gain":5,"max_hp_loss":0,"event_name":"Big Fish","floor":11,"gold_loss":0}],"is_beta":true,"boss_relics":[],"items_purged_floors":[12],"is_endless":false,"potions_floor_spawned":[1,3,14],"killed_by":"Slime Boss","ascension_level":20}