{"gold_per_floor":[109,109,109,127,142,142,177,194,221,252,262,262,281,311,311,389,389,404,404,418,418,437,437,466,386,386,386,436,85,103,3,3,74,74,85,185,197,24,38,68,68,80,134,134,81,113,38,52,52,52,52,52,52,0,31,31],"floor_reached":57,"playtime":3486,"items_purged":["Strike_R","Strike_R"],"score":2875,"play_id":"929072ee-a3ad-442d-9ed1-95d518af4e25","local_time":"20190418043012","is_ascension_mode":true,"campfire_choices":[{"data":"Rupture","floor":6.0,"key":"SMITH"},{"floor":12.0,"key":"REST"},{"floor":15.0,"key":"REST"},{"floor":23.0,"key":"REST"},{"floor":32.0,"key":"REST"},{"data":"Ghostly","floor":41.0,"key":"SMITH"},{"data":"Ghostly","floor":44.0,"key":"SMITH"},{"floor":49,"key":"RECALL"},{"floor":53,"key":"DIG"}],"neow_cost":"NONE","seed_source_timestamp":39108007262475,"circlet_count":0,"master_deck":["AscendersBane","Bash","Shrug It Off","Pain","Shockwave","Rupture+1","Rupture","Twin Strike","Bloodletting","Feed","Anger","Feel No Pain","True Grit","Shrug It Off","Ghostly+1","Ghostly+1","Ghostly","Corruption","Juggernaut","Corruption+1","Spot Weakness","Battle Trance","Reaper","Demon Form","Exhume","Twin Strike","Shockwave","Shrug It Off","Dual Wield"],"special_seed":0,"relics":["Burning Blood","NeowsBlessing","WarpedTongs","Juzu Bracelet","Blood Vial","Bronze Scales","Bag of Marbles","Runic Pyramid","Pen Nib","Pocketwatch","Pear","Ornamental Fan","Pandora\u0027s Box","Shovel","PreservedInsect","Nunchaku","Anchor","Bottled Tornado","Happy Flower"],"potions_floor_usage":[56],"damage_taken":[{"damage":0.0,"enemies":"Cultist","floor":1.0,"turns":1.0},{"damage":1.0,"enemies":"Small Slimes","floor":4.0,"turns":2.0},{"damage":0.0,"enemies":"2 Louse","floor":5.0,"turns":1.0},{"damage":46.0,"enemies":"Gremlin Nob","floor":7.0,"turns":5.0},{"damage":7.0,"enemies":"2 Fungi Beasts","floor":8.0,"turns":3.0},{"damage":35.0,"enemies":"3 Sentries","floor":10.0,"turns":7.0},{"damage":11.0,"enemies":"Exordium Thugs","floor":11.0,"turns":4.0},{"damage":9.0,"enemies":"Exordium Wildlife","floor":13.0,"turns":4.0},{"damage":12.0,"enemies":"Gremlin Nob","floor":14.0,"turns":3.0},{"damage":29.0,"enemies":"The Guardian","floor":16.0,"turns":9.0},{"damage":32.0,"enemies":"2 Thieves","floor":18.0,"turns":4.0},{"damage":7.0,"enemies":"Chosen","floor":20.0,"turns":4.0},{"damage":45.0,"enemies":"Shelled Parasite and Fungi","floor":22.0,"turns":4.0},{"damage":42.0,"enemies":"Book of Stabbing","floor":24.0,"turns":4.0},{"damage":12.0,"enemies":"Snecko","floor":30.0,"turns":4.0},{"damage":19.0,"enemies":"Automaton","floor":33.0,"turns":7.0},{"damage":14.0,"enemies":"3 Darklings","floor":35.0,"turns":5.0},{"damage":8.0,"enemies":"Mind Bloom Boss Battle","floor":36.0,"turns":6.0},{"damage":7.0,"enemies":"3 Shapes","floor":37.0,"turns":4.0},{"damage":14.0,"enemies":"Transient","floor":39.0,"turns":6.0},{"damage":12.0,"enemies":"Nemesis","floor":40.0,"turns":5.0},{"damage":8.0,"enemies":"Spire Growth","floor":42.0,"turns":5.0},{"damage":18.0,"enemies":"Giant Head","floor":46.0,"turns":6.0},{"damage":28.0,"enemies":"3 Darklings","floor":48.0,"turns":6.0},{"damage":60,"enemies":"Time Eater","floor":50,"turns":9},{"damage":70,"enemies":"Awakened One","floor":51,"turns":8},{"damage":3,"enemies":"Shield and Spear","floor":55,"turns":8},{"damage":77,"enemies":"The Heart","floor":56,"turns":9}],"seed_played":"2395835514675117029","potions_obtained":[{"floor":5.0,"key":"Strength Potion"},{"floor":7.0,"key":"Poison Potion"},{"floor":11.0,"key":"LiquidBronze"},{"floor":14.0,"key":"Swift Potion"},{"floor":16.0,"key":"Dexterity Potion"},{"floor":22.0,"key":"PowerPotion"},{"floor":24.0,"key":"Strength Potion"},{"floor":37.0,"key":"SkillPotion"},{"floor":55,"key":"GamblersBrew"}],"is_trial":false,"path_per_floor":["M","?","?","M","M","R","E","M","T","E","M","R","M","E","R","B",null,"M","?","M","?","M","R","E","?","T","?","?","$","M","$","R","B",null,"M","?","M","$","M","E","R","M","T","R","$","E","?","M","R","B","B",null,"R","$","E","B",null],"character_chosen":"IRONCLAD","items_purchased":["Ornamental Fan","PreservedInsect","Weak Potion","Shrug It Off"],"campfire_rested":4,"item_purchase_floors":[29,38,45,54],"current_hp_per_floor":[74,79,79,80,80,80,40,39,39,12,9,33,32,28,52,31,68,47,47,52,52,18,45,11,11,21,21,21,21,20,20,35,28,50,48,52,57,57,51,50,50,54,54,54,54,80,80,80,80,84,82,86,86,86,91,91],"gold":31,"neow_bonus":"THREE_ENEMY_KILL","is_prod":false,"is_daily":false,"chose_seed":false,"campfire_upgraded":3,"win_rate":0,"timestamp":1555587012,"path_taken":["M","?","?","M","?","R","E","M","T","E","M","R","M","E","R","BOSS","M","?","M","?","M","R","E","?","T","?","?","$","M","$","R","BOSS","M","?","M","$","M","E","R","M","T","R","$","E","?","M","R","BOSS","BOSS","R","$","E","BOSS"],"build_version":"2019-04-04","purchased_purges":2,"victory":true,"max_hp_per_floor":[75,80,80,80,80,80,80,80,80,80,80,80,80,80,80,80,80,83,83,87,87,90,90,90,90,100,50,50,50,53,53,53,57,57,61,65,69,69,69,72,72,76,76,76,76,80,80,80,80,84,87,87,87,87,91,91],"card_choices":[{"not_picked":["Armaments","Warcry"],"picked":"Shrug It Off","floor":1.0},{"not_picked":["Sword Boomerang","Reckless Charge"],"picked":"Shockwave","floor":4.0},{"not_picked":["Clash","Headbutt"],"picked":"Rupture","floor":5.0},{"not_picked":["Cleave","Havoc"],"picked":"Hemokinesis","floor":7.0},{"not_picked":["Sentinel","Shockwave"],"picked":"Rupture","floor":8.0},{"not_picked":["Clothesline","Flame Barrier"],"picked":"Twin Strike","floor":10.0},{"not_picked":["Fiend Fire","Shrug It Off"],"picked":"Blood for Blood","floor":11.0},{"not_picked":["Uppercut","Havoc","Armaments"],"picked":"SKIP","floor":13.0},{"not_picked":["Cleave","Iron Wave"],"picked":"Bloodletting","floor":14.0},{"not_picked":["Dark Embrace","Juggernaut"],"picked":"Feed","floor":16.0},{"not_picked":["Wild Strike+1","Cleave","Perfected Strike"],"picked":"SKIP","floor":18.0},{"not_picked":["Flex","Thunderclap"],"picked":"Anger","floor":20.0},{"not_picked":["Clothesline","Rampage","True Grit"],"picked":"SKIP","floor":22.0},{"not_picked":["Clothesline","Rampage"],"picked":"True Grit","floor":22.0},{"not_picked":["Juggernaut","Anger+1"],"picked":"Shrug It Off","floor":24.0},{"not_picked":["Cleave","Wild Strike"],"picked":"Corruption","floor":30.0},{"not_picked":["Feed","Bludgeon"],"picked":"Juggernaut","floor":33.0},{"not_picked":["Corruption+1","Carnage","Inflame"],"picked":"SKIP","floor":35.0},{"not_picked":["Carnage","Inflame"],"picked":"Corruption+1","floor":35.0},{"not_picked":["Clothesline","Thunderclap"],"picked":"Spot Weakness","floor":37.0},{"not_picked":["Intimidate","Wild Strike","Body Slam"],"picked":"SKIP","floor":39.0},{"not_picked":["Reckless Charge+1","Warcry"],"picked":"Battle Trance","floor":40.0},{"not_picked":["Heavy Blade","Cleave"],"picked":"Reaper","floor":42.0},{"not_picked":["Clash","Shockwave+1"],"picked":"Demon Form","floor":46.0},{"not_picked":["Cleave","Shrug It Off"],"picked":"Shockwave","floor":48.0},{"not_picked":["Combust","Clash+1"],"picked":"Dual Wield","floor":55}],"player_experience":1416288,"relics_obtained":[{"floor":7.0,"key":"Juzu Bracelet"},{"floor":9.0,"key":"Blood Vial"},{"floor":10.0,"key":"Bronze Scales"},{"floor":14.0,"key":"Bag of Marbles"},{"floor":24.0,"key":"Pen Nib"},{"floor":26.0,"key":"Pear"},{"floor":36.0,"key":"Shovel"},{"floor":40.0,"key":"Nunchaku"},{"floor":46.0,"key":"Anchor"},{"floor":53,"key":"Bottled Tornado"},{"floor":55,"key":"Happy Flower"}],"event_choices":[{"damage_healed":0.0,"max_hp_gain":5.0,"max_hp_loss":0.0,"gold_gain":0.0,"event_name":"Big Fish","player_choice":"Donut","floor":2.0,"gold_loss":0.0,"damage_taken":0.0},{"damage_healed":0.0,"max_hp_gain":0.0,"max_hp_loss":0.0,"gold_gain":0.0,"event_name":"Accursed Blacksmith","player_choice":"Rummage","floor":3.0,"gold_loss":0.0,"damage_taken":0.0,"relics_obtained":["WarpedTongs"],"cards_obtained":["Pain"]},{"damage_healed":0.0,"max_hp_gain":0.0,"max_hp_loss":0.0,"gold_gain":0.0,"event_name":"Cursed Tome","player_choice":"Ignored","floor":19.0,"gold_loss":0.0,"damage_taken":0.0},{"damage_healed":0.0,"max_hp_gain":0.0,"max_hp_loss":0.0,"gold_gain":0.0,"event_name":"The Library","player_choice":"Read","floor":21.0,"gold_loss":0.0,"damage_taken":0.0,"cards_obtained":["Feel No Pain"]},{"damage_healed":0.0,"max_hp_gain":0.0,"max_hp_loss":0.0,"gold_gain":0.0,"event_name":"WeMeetAgain","player_choice":"Paid Gold","floor":25.0,"gold_loss":80.0,"damage_taken":0.0,"relics_obtained":["Pocketwatch"]},{"damage_healed":0.0,"max_hp_gain":0.0,"max_hp_loss":50.0,"gold_gain":0.0,"event_name":"Ghosts","player_choice":"Became a Ghost","floor":27.0,"gold_loss":0.0,"damage_taken":0.0,"cards_obtained":["Ghostly","Ghostly","Ghostly"]},{"damage_healed":0.0,"max_hp_gain":0.0,"max_hp_loss":0.0,"gold_gain":50.0,"event_name":"Nest","player_choice":"Stole From Cult","floor":28.0,"gold_loss":0.0,"damage_taken":0.0},{"damage_healed":0.0,"max_hp_gain":0.0,"max_hp_loss":0.0,"gold_gain":0.0,"event_name":"MindBloom","player_choice":"Fight","floor":36.0,"gold_loss":0.0,"damage_taken":0.0},{"damage_healed":0.0,"max_hp_gain":0.0,"max_hp_loss":0.0,"gold_gain":0.0,"cards_transformed":["Blood for Blood","Hemokinesis"],"event_name":"Designer","player_choice":"Transformed Cards","floor":47.0,"gold_loss":75.0,"damage_taken":0.0,"cards_obtained":["Exhume","Twin Strike"]}],"is_beta":true,"boss_relics":[{"not_picked":["Ectoplasm","Coffee Dripper"],"picked":"Runic Pyramid"},{"not_picked":["Busted Crown","Black Blood"],"picked":"Pandora\u0027s Box"}],"items_purged_floors":[29,31],"is_endless":false,"potions_floor_spawned":[5,7,11,14,16,22,24,33,37,39,46,48,55],"ascension_level":20}