{"gold_per_floor":[114,189,37,2,13,48,48,79,79,79,110,110],"floor_reached":12,"playtime":654,"items_purged":[],"score":99,"play_id":"3af3fb91-35b2-4718-8aae-47fbf992ea6f","local_time":"20190420140506","is_ascension_mode":true,"campfire_choices":[{"data":"Bash","floor":7,"key":"SMITH"},{"floor":10,"key":"REST"}],"neow_cost":"NONE","seed_source_timestamp":350745351252752,"circlet_count":0,"master_deck":["Strike_R","Strike_R","Strike_R","Strike_R","Strike_R","Defend_R","Defend_R","Defend_R","Defend_R","Bash+1","Carnage","Rampage","Pommel Strike","Clothesline","True Grit"],"relics":["Burning Blood","Bronze Scales","Incense Burner","Letter Opener","Gremlin Horn","Thread and Needle"],"potions_floor_usage":[],"damage_taken":[{"damage":8,"enemies":"Jaw Worm","floor":1,"turns":3},{"damage":3,"enemies":"Small Slimes","floor":5,"turns":3},{"damage":36,"enemies":"3 Sentries","floor":6,"turns":6},{"damage":37,"enemies":"Lagavulin","floor":8,"turns":7},{"damage":21,"enemies":"3 Sentries","floor":11,"turns":7},{"damage":43,"enemies":"Lagavulin Event","floor":12,"turns":6}],"seed_played":"-8817022063084474376","potions_obtained":[{"floor":5,"key":"Dexterity Potion"}],"is_trial":false,"path_per_floor":["M","?","$","?","M","E","R","E","T","R","E","?"],"character_chosen":"IRONCLAD","items_purchased":["Bronze Scales"],"campfire_rested":1,"item_purchase_floors":[3],"current_hp_per_floor":[86,75,75,88,88,58,58,27,27,53,38,0],"gold":110,"neow_bonus":"TEN_PERCENT_HP_BONUS","is_prod":false,"is_daily":false,"chose_seed":false,"campfire_upgraded":1,"win_rate":0,"timestamp":1555749306,"path_taken":["M","?","$","?","M","E","R","E","T","R","E","?"],"build_version":"2019-01-23","purchased_purges":0,"victory":false,"max_hp_per_floor":[88,88,88,88,88,88,88,88,88,88,88,88],"card_choices":[{"not_picked":["Shrug It Off","Armaments"],"picked":"Carnage","floor":1},{"not_picked":["Clothesline","Metallicize"],"picked":"Rampage","floor":5},{"not_picked":["Twin Strike","Evolve"],"picked":"Pommel Strike","floor":6},{"not_picked":["Twin Strike","Carnage"],"picked":"Clothesline","floor":8},{"not_picked":["Barricade","Rampage"],"picked":"True Grit","floor":11}],"player_experience":83414,"relics_obtained":[{"floor":6,"key":"Incense Burner"},{"floor":8,"key":"Letter Opener"},{"floor":9,"key":"Gremlin Horn"},{"floor":11,"key":"Thread and Needle"}],"event_choices":[{"damage_healed":0,"gold_gain":75,"player_choice":"Gather Gold","damage_taken":11,"max_hp_gain":0,"max_hp_loss":0,"event_name":"World of Goop","floor":2,"gold_loss":0},{"damage_healed":22,"gold_gain":0,"player_choice":"Healed","damage_taken":0,"max_hp_gain":0,"max_hp_loss":0,"event_name":"The Cleric","floor":4,"gold_loss":35},{"damage_healed":0,"gold_gain":0,"player_choice":"Searched \u00271\u0027 times","damage_taken":0,"max_hp_gain":0,"max_hp_loss":0,"event_name":"Dead Adventurer","floor":12,"gold_loss":0}],"is_beta":false,"boss_relics":[],"items_purged_floors":[],"is_endless":false,"potions_floor_spawned":[5],"killed_by":"Lagavulin Event","ascension_level":1}