{"gold_per_floor":[117,128,128,146,96,96,146,21,72,72,103,103,134,147,147,147],"floor_reached":16,"playtime":635,"items_purged":["Regret","Strike_R"],"score":216,"play_id":"0dc810eb-4d21-4c75-a521-e47eab07bb00","local_time":"20190228012953","is_ascension_mode":true,"campfire_choices":[{"data":"Bash","floor":6.0,"key":"SMITH"},{"data":"Flame Barrier","floor":12.0,"key":"SMITH"},{"data":"Spot Weakness","floor":15.0,"key":"SMITH"}],"neow_cost":"NONE","seed_source_timestamp":2598153436535067,"circlet_count":0,"master_deck":["AscendersBane","Strike_R","Strike_R","Strike_R","Strike_R+1","Defend_R","Defend_R","Defend_R","Defend_R","Bash+1","Feel No Pain","Flame Barrier+1","Shrug It Off","Hemokinesis+1","Thunderclap","Spot Weakness+1","Headbutt"],"special_seed":0,"relics":["Burning Blood","Smiling Mask","Whetstone","Shuriken","Strawberry"],"potions_floor_usage":[16],"damage_taken":[{"damage":6.0,"enemies":"2 Louse","floor":1.0,"turns":5.0},{"damage":11.0,"enemies":"Small Slimes","floor":2.0,"turns":5.0},{"damage":12.0,"enemies":"Jaw Worm","floor":4.0,"turns":4.0},{"damage":34.0,"enemies":"Lagavulin","floor":11.0,"turns":7.0},{"damage":7.0,"enemies":"3 Sentries","floor":13.0,"turns":11.0},{"damage":0.0,"enemies":"3 Louse","floor":14.0,"turns":3.0},{"damage":66,"enemies":"Hexaghost","floor":16,"turns":9}],"seed_played":"-3158578137199955334","potions_obtained":[{"floor":2.0,"key":"Fruit Juice"},{"floor":4.0,"key":"Ancient Potion"},{"floor":11.0,"key":"BloodPotion"}],"is_trial":false,"path_per_floor":["M","M","?","M","$","R","?","$","T","?","E","R","E","M","R","B"],"character_chosen":"IRONCLAD","items_purchased":["Hemokinesis"],"campfire_rested":0,"item_purchase_floors":[8],"current_hp_per_floor":[75,70,70,64,64,64,64,69,69,69,41,41,47,53,53,0],"gold":147,"neow_bonus":"TEN_PERCENT_HP_BONUS","is_prod":false,"is_daily":false,"chose_seed":false,"campfire_upgraded":3,"win_rate":0,"timestamp":1551346193,"path_taken":["M","M","?","M","$","R","?","$","T","?","E","R","E","M","R","BOSS"],"build_version":"2019-02-06","purchased_purges":2,"victory":false,"max_hp_per_floor":[82,82,82,82,82,82,82,87,87,87,87,87,94,94,94,94],"card_choices":[{"not_picked":["Sword Boomerang","Armaments"],"picked":"Feel No Pain","floor":1.0},{"not_picked":["Sever Soul","Iron Wave"],"picked":"Flame Barrier","floor":2.0},{"not_picked":["Iron Wave","Rampage"],"picked":"Shrug It Off","floor":4.0},{"not_picked":["Burning Pact","Fire Breathing"],"picked":"Thunderclap","floor":11.0},{"not_picked":["Warcry","Twin Strike"],"picked":"Spot Weakness","floor":13.0},{"not_picked":["Pommel Strike","Combust"],"picked":"Headbutt","floor":14.0}],"player_experience":1279527,"relics_obtained":[{"floor":9.0,"key":"Whetstone"},{"floor":11.0,"key":"Shuriken"},{"floor":13.0,"key":"Strawberry"}],"event_choices":[{"damage_healed":0.0,"max_hp_gain":0.0,"max_hp_loss":0.0,"gold_gain":0.0,"event_name":"Big Fish","player_choice":"Box","floor":3.0,"gold_loss":0.0,"damage_taken":0.0,"relics_obtained":["Smiling Mask"],"cards_obtained":["Regret"]},{"damage_healed":0.0,"max_hp_gain":0.0,"max_hp_loss":0.0,"gold_gain":50.0,"event_name":"Golden Wing","player_choice":"Gained Gold","floor":7.0,"gold_loss":0.0,"damage_taken":0.0},{"damage_healed":0.0,"max_hp_gain":0.0,"max_hp_loss":0.0,"gold_gain":0.0,"event_name":"The Cleric","player_choice":"Leave","floor":10.0,"gold_loss":0.0,"damage_taken":0.0}],"is_beta":true,"boss_relics":[],"items_purged_floors":[5,8],"is_endless":false,"potions_floor_spawned":[2,4,11],"killed_by":"Hexaghost","ascension_level":20}