{"gold_per_floor":[111,111,127,127,127,127,166,178,190,218,245,272,284,296,308,413,425,457,164,164,9,9,42,58,58,85,125,125,125],"floor_reached":29,"playtime":913,"items_purged":["Strike_B","Strike_B"],"score":528,"play_id":"fdb62f72-7909-4d89-934b-436e5ad69e19","local_time":"20181027041028","is_ascension_mode":true,"campfire_choices":[{"data":"Go for the Eyes","floor":6,"key":"SMITH"},{"data":"Beam Cell","floor":8,"key":"SMITH"},{"data":"Zap","floor":13,"key":"SMITH"},{"floor":15,"key":"REST"},{"floor":25,"key":"REST"}],"neow_cost":"NONE","seed_source_timestamp":65662375531887,"circlet_count":0,"master_deck":["Defend_B","Defend_B+1","Defend_B+1","Zap+1","Dualcast","AscendersBane","Rebound","Go for the Eyes+1","Beam Cell+1","Core Surge","Sweeping Beam","Core Surge","Barrage","Defragment","Gash","Static Discharge","Electrodynamics","Static Discharge","Coolheaded"],"relics":["Cracked Core","NeowsBlessing","Golden Idol","MawBank","Matryoshka","Sozu","Membership Card","PreservedInsect","DataDisk","Pen Nib","Bag of Preparation","Red Mask","Lantern","Meat on the Bone"],"potions_floor_usage":[16,18],"damage_taken":[{"damage":0,"enemies":"Small Slimes","floor":1,"turns":1},{"damage":0,"enemies":"Jaw Worm","floor":3,"turns":1},{"damage":0,"enemies":"Lagavulin","floor":7,"turns":1},{"damage":0,"enemies":"2 Louse","floor":10,"turns":2},{"damage":0,"enemies":"Red Slaver","floor":11,"turns":2},{"damage":12,"enemies":"Exordium Wildlife","floor":12,"turns":3},{"damage":13,"enemies":"The Guardian","floor":16,"turns":8},{"damage":6,"enemies":"3 Byrds","floor":18,"turns":5},{"damage":35,"enemies":"Book of Stabbing","floor":23,"turns":3},{"damage":22,"enemies":"2 Thieves","floor":24,"turns":2},{"damage":15,"enemies":"Masked Bandits","floor":27,"turns":3},{"damage":13,"enemies":"Snecko","floor":29,"turns":3}],"seed_played":"-8252792463772714882","potions_obtained":[{"floor":1,"key":"FairyPotion"},{"floor":10,"key":"PowerPotion"},{"floor":16,"key":"Swift Potion"}],"is_trial":false,"path_per_floor":["M","?","M","?","?","R","E","R","T","M","M","M","R","?","R","B",null,"M","$","?","$","?","E","M","R","T","?","T"],"character_chosen":"DEFECT","items_purchased":["Membership Card","Defragment","Gash","PreservedInsect","Static Discharge"],"campfire_rested":2,"item_purchase_floors":[19,19,19,21,21],"current_hp_per_floor":[64,43,43,43,43,43,43,43,43,43,43,31,31,24,43,30,56,50,50,50,50,50,15,6,25,25,10,10,0],"gold":125,"neow_bonus":"THREE_ENEMY_KILL","is_prod":false,"is_daily":false,"chose_seed":false,"campfire_upgraded":3,"win_rate":0,"timestamp":1540638628,"path_taken":["M","?","?","?","?","R","E","R","T","?","M","M","R","?","R","BOSS","M","$","?","$","?","E","M","R","T","?","?","M"],"build_version":"2018-10-25v2","purchased_purges":2,"victory":false,"max_hp_per_floor":[71,71,71,64,64,64,64,64,64,64,64,64,64,64,64,64,64,64,64,64,64,64,64,64,64,64,64,64,64],"card_choices":[{"not_picked":["Reinforced Body","Barrage"],"picked":"Rebound","floor":1},{"not_picked":["Melter","Blizzard"],"picked":"Go for the Eyes","floor":3},{"not_picked":["Creative AI","Steam"],"picked":"Beam Cell","floor":7},{"not_picked":["Rebound","Cold Snap"],"picked":"Core Surge","floor":10},{"not_picked":["Ball Lightning","Compile Driver"],"picked":"Sweeping Beam","floor":11},{"not_picked":["Steam Power","Leap","Barrage"],"picked":"SKIP","floor":12},{"not_picked":["Echo Form","Fission"],"picked":"Core Surge","floor":16},{"not_picked":["Beam Cell","Hello World"],"picked":"Barrage","floor":18},{"not_picked":["Hologram","Gash"],"picked":"Electrodynamics","floor":23},{"not_picked":["Hologram","Sweeping Beam"],"picked":"Static Discharge","floor":24},{"not_picked":["Ball Lightning","Thunder Strike"],"picked":"Coolheaded","floor":27}],"player_experience":663182,"relics_obtained":[{"floor":7,"key":"MawBank"},{"floor":9,"key":"Matryoshka"},{"floor":23,"key":"DataDisk"},{"floor":26,"key":"Pen Nib"},{"floor":26,"key":"Bag of Preparation"},{"floor":27,"key":"Red Mask"},{"floor":28,"key":"Lantern"},{"floor":28,"key":"Meat on the Bone"}],"event_choices":[{"damage_healed":0,"gold_gain":0,"player_choice":"Entered Light","damage_taken":21,"max_hp_gain":0,"max_hp_loss":0,"event_name":"Shining Light","floor":2,"gold_loss":0,"cards_upgraded":["Defend_B","Defend_B"]},{"damage_healed":0,"gold_gain":0,"player_choice":"Lose Max HP","damage_taken":0,"relics_obtained":["Golden Idol"],"max_hp_gain":0,"max_hp_loss":7,"event_name":"Golden Idol","floor":4,"gold_loss":0},{"cards_removed":["Strike_B"],"damage_healed":0,"gold_gain":0,"player_choice":"Purged","damage_taken":0,"max_hp_gain":0,"max_hp_loss":0,"event_name":"Purifier","floor":5,"gold_loss":0},{"cards_removed":["Strike_B"],"damage_healed":0,"gold_gain":0,"player_choice":"Card Removal","damage_taken":7,"max_hp_gain":0,"max_hp_loss":0,"event_name":"Golden Wing","floor":14,"gold_loss":0},{"damage_healed":0,"gold_gain":0,"player_choice":"Ignored","damage_taken":0,"max_hp_gain":0,"max_hp_loss":0,"event_name":"Ghosts","floor":20,"gold_loss":0},{"cards_removed":["Defend_B"],"damage_healed":0,"gold_gain":0,"player_choice":"Elegance","damage_taken":0,"max_hp_gain":0,"max_hp_loss":0,"event_name":"Back to Basics","floor":22,"gold_loss":0},{"damage_healed":0,"gold_gain":0,"player_choice":"Fought Bandits","damage_taken":0,"max_hp_gain":0,"max_hp_loss":0,"event_name":"Masked Bandits","floor":27,"gold_loss":0}],"is_beta":false,"boss_relics":[{"not_picked":["Empty Cage","Cursed Key"],"picked":"Sozu"}],"items_purged_floors":[19,21],"is_endless":false,"potions_floor_spawned":[1,10,16,18],"killed_by":"Snecko","ascension_level":20}