{"gold_per_floor":[113,113,188,201,32,32,58,58,107,136,147,70,99,122,134,146],"floor_reached":16,"playtime":449,"items_purged":[],"score":286,"play_id":"51727edd-a385-4033-9b3d-a01684380b89","local_time":"20190405021044","is_ascension_mode":true,"campfire_choices":[{"data":"Zap","floor":6,"key":"SMITH"},{"data":"Coolheaded","floor":8,"key":"SMITH"},{"data":"Strike_B","floor":15,"key":"PURGE"}],"neow_cost":"NONE","seed_source_timestamp":18278859234410,"circlet_count":0,"master_deck":["AscendersBane","Strike_B","Strike_B","Strike_B","Defend_B","Defend_B","Defend_B","Defend_B","Zap+1","Dualcast","Chill","Static Discharge+1","Loop+1","Coolheaded+1","Self Repair+1","Glacier","Gash"],"relics":["Cracked Core","NeowsBlessing","Frozen Egg 2","Peace Pipe","Ancient Tea Set","Cables","MawBank"],"potions_floor_usage":[10,16,16],"damage_taken":[{"damage":0,"enemies":"Cultist","floor":1,"turns":1},{"damage":0,"enemies":"Jaw Worm","floor":4,"turns":1},{"damage":0,"enemies":"Lagavulin","floor":7,"turns":1},{"damage":24,"enemies":"Gremlin Nob","floor":10,"turns":3},{"damage":4,"enemies":"2 Louse","floor":11,"turns":3},{"damage":3,"enemies":"3 Sentries","floor":13,"turns":13},{"damage":3,"enemies":"Blue Slaver","floor":14,"turns":5},{"damage":0,"enemies":"Slime Boss","floor":16,"turns":5}],"seed_played":"-2230482803567775405","potions_obtained":[{"floor":7,"key":"Explosive Potion"},{"floor":11,"key":"FearPotion"},{"floor":13,"key":"AttackPotion"}],"is_trial":false,"path_per_floor":["M","?","?","M","$","R","E","R","T","E","M","$","E","M","R","B"],"character_chosen":"DEFECT","items_purchased":["Loop+1","FocusPotion","Glacier"],"campfire_rested":0,"item_purchase_floors":[5,5,12],"current_hp_per_floor":[64,53,42,42,42,42,42,42,42,18,14,14,21,28,28,28],"gold":146,"neow_bonus":"THREE_ENEMY_KILL","is_prod":false,"is_daily":false,"chose_seed":false,"campfire_upgraded":2,"win_rate":0,"timestamp":1554455444,"path_taken":["M","?","?","M","$","R","E","R","T","E","?","?","E","M","R","BOSS"],"build_version":"2019-04-04","purchased_purges":0,"victory":false,"max_hp_per_floor":[71,71,71,71,71,71,71,71,71,71,71,71,71,71,71,71],"card_choices":[{"not_picked":["Go for the Eyes","Beam Cell"],"picked":"Chill","floor":1},{"not_picked":["Rebound","Cold Snap"],"picked":"Static Discharge+1","floor":4},{"not_picked":["Self Repair+1","Conserve Battery"],"picked":"Coolheaded","floor":7},{"not_picked":["Heatsinks+1","Leap","Redo"],"picked":"SKIP","floor":10},{"not_picked":["Conserve Battery","Sunder"],"picked":"Self Repair+1","floor":11},{"not_picked":["Reboot","Conserve Battery"],"picked":"Gash","floor":13},{"not_picked":["Hello World+1","Coolheaded","Barrage"],"picked":"SKIP","floor":14}],"player_experience":1389980,"relics_obtained":[{"floor":7,"key":"Peace Pipe"},{"floor":9,"key":"Ancient Tea Set"},{"floor":10,"key":"Cables"},{"floor":13,"key":"MawBank"}],"event_choices":[{"damage_healed":0,"gold_gain":0,"player_choice":"Success","damage_taken":11,"relics_obtained":["Frozen Egg 2"],"max_hp_gain":0,"max_hp_loss":0,"event_name":"Scrap Ooze","floor":2,"gold_loss":0},{"damage_healed":0,"gold_gain":75,"player_choice":"Gather Gold","damage_taken":11,"max_hp_gain":0,"max_hp_loss":0,"event_name":"World of Goop","floor":3,"gold_loss":0}],"is_beta":true,"boss_relics":[],"items_purged_floors":[],"is_endless":false,"potions_floor_spawned":[7,11,13],"killed_by":"Slime Boss","ascension_level":20}