{"gold_per_floor":[113,113,113,187,201,245,245,280,280,280,105,65,83,101,101,196,196,215,37,37,43,43],"floor_reached":22,"playtime":731,"items_purged":[],"score":534,"play_id":"a5b9625b-6e18-47b1-90d6-a513174d000e","local_time":"20190218022804","is_ascension_mode":true,"campfire_choices":[{"data":"Zap","floor":7.0,"key":"SMITH"},{"floor":10.0,"key":"REST"},{"data":"Defragment","floor":15.0,"key":"SMITH"}],"neow_cost":"NONE","seed_source_timestamp":1995041590411578,"circlet_count":0,"master_deck":["AscendersBane","Strike_B","Strike_B","Strike_B","Defend_B+1","Defend_B","Defend_B","Defend_B+1","Zap+1","Dualcast","Compile Driver","Ball Lightning","Self Repair","Defragment","Coolheaded","Consume","Defragment+1","Coolheaded","Creative AI","Capacitor","Defragment","Panacea","Seek"],"special_seed":0,"relics":["Cracked Core","NeowsBlessing","Golden Idol","Kunai","Bag of Preparation","Mummified Hand","Turnip","Inserter"],"potions_floor_usage":[22],"damage_taken":[{"damage":0.0,"enemies":"Jaw Worm","floor":1.0,"turns":1.0},{"damage":0.0,"enemies":"Small Slimes","floor":5.0,"turns":1.0},{"damage":0.0,"enemies":"Gremlin Nob","floor":6.0,"turns":1.0},{"damage":32.0,"enemies":"3 Sentries","floor":8.0,"turns":6.0},{"damage":0.0,"enemies":"Cultist","floor":13.0,"turns":3.0},{"damage":15.0,"enemies":"3 Louse","floor":14.0,"turns":3.0},{"damage":0.0,"enemies":"The Guardian","floor":16.0,"turns":13.0},{"damage":13.0,"enemies":"Shell Parasite","floor":18.0,"turns":12.0},{"damage":17.0,"enemies":"2 Thieves","floor":21.0,"turns":4.0},{"damage":52,"enemies":"Masked Bandits","floor":22,"turns":4}],"seed_played":"1085763418419607645","potions_obtained":[{"floor":1.0,"key":"GamblersBrew"},{"floor":13.0,"key":"Poison Potion"},{"floor":16.0,"key":"Swift Potion"},{"floor":21.0,"key":"Ancient Potion"}],"is_trial":false,"path_per_floor":["M","?","?","T","M","E","R","E","T","R","$","$","M","M","R","B",null,"M","$","?","M","?"],"character_chosen":"DEFECT","items_purchased":["Defragment","Coolheaded","Consume","Defragment","Defragment","Panacea"],"campfire_rested":1,"item_purchase_floors":[11,11,11,12,19,19],"current_hp_per_floor":[64,43,43,43,43,43,43,11,11,30,30,30,37,29,29,36,57,58,58,58,48,0],"gold":43,"neow_bonus":"THREE_ENEMY_KILL","is_prod":false,"is_daily":false,"chose_seed":false,"campfire_upgraded":2,"win_rate":0,"timestamp":1550485684,"path_taken":["M","?","?","?","M","E","R","E","T","R","?","$","M","?","R","BOSS","M","$","?","?","?"],"build_version":"2019-02-06","purchased_purges":0,"victory":false,"max_hp_per_floor":[71,71,64,64,64,64,64,64,64,64,64,64,64,64,64,64,64,64,64,64,64,64],"card_choices":[{"not_picked":["Hello World","Tempest","Gash"],"picked":"SKIP","floor":1.0},{"not_picked":["Beam Cell","Conserve Battery"],"picked":"Compile Driver","floor":5.0},{"not_picked":["Barrage","Self Repair"],"picked":"Ball Lightning","floor":6.0},{"not_picked":["Redo","Force Field"],"picked":"Self Repair","floor":8.0},{"not_picked":["Steam","Redo"],"picked":"Coolheaded","floor":13.0},{"not_picked":["Cold Snap","Steam","Melter"],"picked":"SKIP","floor":14.0},{"not_picked":["Core Surge","Meteor Strike"],"picked":"Creative AI","floor":16.0},{"not_picked":["Consume","Ball Lightning"],"picked":"Capacitor","floor":18.0},{"not_picked":["Turbo","Darkness","Coolheaded"],"picked":"SKIP","floor":21.0}],"player_experience":1204073,"relics_obtained":[{"floor":4.0,"key":"Kunai"},{"floor":6.0,"key":"Bag of Preparation"},{"floor":8.0,"key":"Mummified Hand"},{"floor":9.0,"key":"Turnip"}],"event_choices":[{"damage_healed":0.0,"max_hp_gain":0.0,"max_hp_loss":0.0,"gold_gain":0.0,"event_name":"Shining Light","player_choice":"Entered Light","floor":2.0,"gold_loss":0.0,"damage_taken":21.0,"cards_upgraded":["Defend_B","Defend_B"]},{"damage_healed":0.0,"max_hp_gain":0.0,"max_hp_loss":7.0,"gold_gain":0.0,"event_name":"Golden Idol","player_choice":"Lose Max HP","floor":3.0,"gold_loss":0.0,"damage_taken":0.0,"relics_obtained":["Golden Idol"]},{"damage_healed":0.0,"max_hp_gain":0.0,"max_hp_loss":0.0,"gold_gain":0.0,"cards_transformed":["Strike_B"],"event_name":"Transmorgrifier","player_choice":"Transformed","floor":20.0,"gold_loss":0.0,"damage_taken":0.0,"cards_obtained":["Seek"]},{"damage_healed":0,"gold_gain":0,"player_choice":"Fought Bandits","damage_taken":0,"max_hp_gain":0,"max_hp_loss":0,"event_name":"Masked Bandits","floor":22,"gold_loss":0}],"is_beta":true,"boss_relics":[{"not_picked":["Ectoplasm","Runic Pyramid"],"picked":"Inserter"}],"items_purged_floors":[],"is_endless":false,"potions_floor_spawned":[1,13,16,21],"killed_by":"Masked Bandits","ascension_level":20}