{"gold_per_floor":[119,7,7,24,38,70,80,95,118,118,137,137,153,172,172,172],"floor_reached":16,"playtime":3781,"items_purged":["Defend_G"],"score":106,"play_id":"943154d3-1593-4207-b03b-952b35060872","local_time":"20190417234421","is_ascension_mode":false,"campfire_choices":[{"floor":10,"key":"REST"},{"floor":12,"key":"REST"},{"floor":15,"key":"REST"}],"neow_cost":"NONE","seed_source_timestamp":700104614702284,"circlet_count":0,"master_deck":["Defend_G","Defend_G","Defend_G","Defend_G","Strike_G+1","Strike_G","Strike_G+1","Strike_G","Strike_G","Survivor","Neutralize","Poisoned Stab","Backstab","Backflip","Flying Knee","Heel Hook","Prepared","Sucker Punch","Flying Knee","Dagger Spray"],"relics":["Ring of the Snake","NeowsBlessing","Regal Pillow","Ancient Tea Set"],"potions_floor_usage":[],"damage_taken":[{"damage":0,"enemies":"2 Louse","floor":1,"turns":1},{"damage":0,"enemies":"Small Slimes","floor":4,"turns":1},{"damage":0,"enemies":"Jaw Worm","floor":5,"turns":1},{"damage":34,"enemies":"Lagavulin","floor":6,"turns":7},{"damage":7,"enemies":"Blue Slaver","floor":7,"turns":4},{"damage":5,"enemies":"Lots of Slimes","floor":8,"turns":4},{"damage":0,"enemies":"2 Fungi Beasts","floor":11,"turns":2},{"damage":15,"enemies":"Large Slime","floor":13,"turns":4},{"damage":7,"enemies":"Exordium Thugs","floor":14,"turns":4},{"damage":71,"enemies":"Hexaghost","floor":16,"turns":14}],"seed_played":"-2238101158249393897","potions_obtained":[{"floor":1,"key":"AttackPotion"},{"floor":4,"key":"GhostInAJar"},{"floor":13,"key":"EssenceOfSteel"},{"floor":14,"key":"Fire Potion"}],"is_trial":false,"path_per_floor":["M","$","?","M","M","E","M","M","T","R","M","R","M","M","R","B"],"character_chosen":"THE_SILENT","items_purchased":["Backstab"],"campfire_rested":3,"item_purchase_floors":[2],"current_hp_per_floor":[70,70,56,56,56,22,15,10,10,46,46,70,55,48,70,0],"gold":172,"neow_bonus":"THREE_ENEMY_KILL","is_prod":false,"is_daily":false,"chose_seed":false,"campfire_upgraded":0,"win_rate":0.0,"timestamp":1555559061,"path_taken":["M","$","?","M","M","E","M","M","T","R","M","R","M","M","R","BOSS"],"build_version":"2019-01-23","purchased_purges":1,"victory":false,"max_hp_per_floor":[70,70,70,70,70,70,70,70,70,70,70,70,70,70,70,70],"card_choices":[{"not_picked":["Expertise","Dodge and Roll"],"picked":"Poisoned Stab","floor":1},{"not_picked":["Outmaneuver","Deflect"],"picked":"Backflip","floor":4},{"not_picked":["Adrenaline","Dodge and Roll","Blur"],"picked":"SKIP","floor":5},{"not_picked":["Slice","Acrobatics"],"picked":"Flying Knee","floor":6},{"not_picked":["Dodge and Roll","Deadly Poison"],"picked":"Heel Hook","floor":7},{"not_picked":["Underhanded Strike","Outmaneuver"],"picked":"Prepared","floor":8},{"not_picked":["Blade Dance","Deadly Poison"],"picked":"Sucker Punch","floor":11},{"not_picked":["Deadly Poison","Bouncing Flask"],"picked":"Flying Knee","floor":13},{"not_picked":["Backflip","Reflex"],"picked":"Dagger Spray","floor":14}],"player_experience":12406,"relics_obtained":[{"floor":6,"key":"Regal Pillow"},{"floor":9,"key":"Ancient Tea Set"}],"event_choices":[{"damage_healed":0,"gold_gain":0,"player_choice":"Entered Light","damage_taken":14,"max_hp_gain":0,"max_hp_loss":0,"event_name":"Shining Light","floor":3,"gold_loss":0,"cards_upgraded":["Strike_G","Strike_G"]}],"is_beta":false,"boss_relics":[],"items_purged_floors":[2],"is_endless":false,"potions_floor_spawned":[1,4,13,14],"killed_by":"Hexaghost","ascension_level":0}