{"gold_per_floor":[109,109,124,54,84,124,62,62,88,88,108,108,138,150,150,150],"floor_reached":16,"playtime":735,"items_purged":[],"score":220,"play_id":"f091c47b-1c26-4693-9615-09a4ca49253a","local_time":"20190220233112","is_ascension_mode":true,"campfire_choices":[{"floor":8.0,"key":"REST"},{"data":"Defragment","floor":10.0,"key":"SMITH"},{"data":"Zap","floor":12.0,"key":"SMITH"},{"data":"Consume","floor":15.0,"key":"SMITH"}],"neow_cost":"NONE","seed_source_timestamp":0,"circlet_count":0,"master_deck":["AscendersBane","Strike_B","Strike_B","Strike_B","Strike_B","Defend_B","Defend_B","Defend_B","Defend_B","Zap+1","Dualcast","Ball Lightning","Capacitor","Genetic Algorithm","Defragment+1","Glacier","Consume+1","Seek"],"special_seed":0,"relics":["Cracked Core","MawBank","Girya","Blood Vial"],"potions_floor_usage":[16],"damage_taken":[{"damage":2.0,"enemies":"2 Louse","floor":1.0,"turns":3.0},{"damage":7.0,"enemies":"Small Slimes","floor":3.0,"turns":3.0},{"damage":0.0,"enemies":"Cultist","floor":5.0,"turns":2.0},{"damage":54.0,"enemies":"3 Sentries","floor":6.0,"turns":8.0},{"damage":9.0,"enemies":"Red Slaver","floor":11.0,"turns":4.0},{"damage":12.0,"enemies":"Gremlin Nob","floor":13.0,"turns":3.0},{"damage":10.0,"enemies":"Gremlin Gang","floor":14.0,"turns":3.0},{"damage":36,"enemies":"The Guardian","floor":16,"turns":2}],"seed_played":"7171111190163276350","potions_obtained":[{"floor":6.0,"key":"PowerPotion"},{"floor":11.0,"key":"Strength Potion"},{"floor":13.0,"key":"Poison Potion"},{"floor":14.0,"key":"SteroidPotion"}],"is_trial":false,"path_per_floor":["M","?","M","?","M","E","$","R","T","R","M","R","E","M","R","B"],"character_chosen":"DEFECT","items_purchased":["Glacier"],"campfire_rested":1,"item_purchase_floors":[7],"current_hp_per_floor":[69,74,67,67,67,13,13,37,37,37,28,28,16,8,8,0],"gold":150,"neow_bonus":"TEN_PERCENT_HP_BONUS","is_prod":false,"is_daily":false,"chose_seed":false,"campfire_upgraded":3,"win_rate":0,"timestamp":1550734272,"path_taken":["M","?","M","?","?","E","?","R","T","R","M","R","E","M","R","BOSS"],"build_version":"2019-02-06","purchased_purges":0,"victory":false,"max_hp_per_floor":[78,83,83,83,83,83,83,83,83,83,83,83,83,83,83,83],"card_choices":[{"not_picked":["Turbo","Redo"],"picked":"Ball Lightning","floor":1.0},{"not_picked":["Barrage","Static Discharge"],"picked":"Capacitor","floor":3.0},{"not_picked":["Redo","Tempest"],"picked":"Genetic Algorithm","floor":5.0},{"not_picked":["Beam Cell","Auto Shields"],"picked":"Defragment","floor":6.0},{"not_picked":["Chaos","Skim"],"picked":"Consume","floor":11.0},{"not_picked":["Stack","Hologram"],"picked":"Seek","floor":13.0},{"not_picked":["Beam Cell","Force Field","Sweeping Beam"],"picked":"SKIP","floor":14.0}],"player_experience":1212092,"relics_obtained":[{"floor":6.0,"key":"Girya"},{"floor":13.0,"key":"Blood Vial"}],"event_choices":[{"damage_healed":0.0,"max_hp_gain":5.0,"max_hp_loss":0.0,"gold_gain":0.0,"event_name":"Big Fish","player_choice":"Donut","floor":2.0,"gold_loss":0.0,"damage_taken":0.0},{"damage_healed":0.0,"max_hp_gain":0.0,"max_hp_loss":0.0,"gold_gain":0.0,"event_name":"WeMeetAgain","player_choice":"Paid Gold","floor":4.0,"gold_loss":70.0,"damage_taken":0.0,"relics_obtained":["MawBank"]}],"is_beta":true,"boss_relics":[],"items_purged_floors":[],"is_endless":false,"potions_floor_spawned":[6,11,13,14],"killed_by":"The Guardian","ascension_level":20}