{"gold_per_floor":[362,210,227,55,74,108,108,125,125,125,157,157,482,532,532,532],"floor_reached":16,"playtime":489,"items_purged":["Strike_B"],"score":236,"play_id":"62eb0884-250f-407b-8752-6a373d41ca07","local_time":"20190206024300","is_ascension_mode":true,"campfire_choices":[{"data":"Coolheaded","floor":10.0,"key":"SMITH"},{"data":"Ball Lightning","floor":12.0,"key":"SMITH"},{"data":"Conserve Battery","floor":15.0,"key":"SMITH"}],"neow_cost":"TEN_PERCENT_HP_LOSS","seed_source_timestamp":1195742755267529,"circlet_count":0,"master_deck":["AscendersBane","Strike_B","Strike_B","Strike_B","Defend_B","Defend_B","Defend_B","Defend_B","Zap+1","Dualcast","Cold Snap","Self Repair","Ball Lightning+1","Conserve Battery+1","Conserve Battery","Coolheaded+1","Hologram"],"special_seed":0,"relics":["Cracked Core","PreservedInsect","Molten Egg 2","Matryoshka","Singing Bowl","Old Coin"],"potions_floor_usage":[16],"damage_taken":[{"damage":5.0,"enemies":"Small Slimes","floor":1.0,"turns":3.0},{"damage":1.0,"enemies":"Cultist","floor":3.0,"turns":3.0},{"damage":7.0,"enemies":"Jaw Worm","floor":5.0,"turns":3.0},{"damage":12.0,"enemies":"Gremlin Nob","floor":6.0,"turns":3.0},{"damage":11.0,"enemies":"Exordium Wildlife","floor":8.0,"turns":5.0},{"damage":8.0,"enemies":"3 Sentries","floor":11.0,"turns":6.0},{"damage":3.0,"enemies":"Gremlin Nob","floor":13.0,"turns":3.0},{"damage":41,"enemies":"Hexaghost","floor":16,"turns":9}],"seed_played":"-439646763007098494","potions_obtained":[{"floor":3.0,"key":"Strength Potion"},{"floor":5.0,"key":"LiquidBronze"}],"is_trial":false,"path_per_floor":["M","$","M","$","M","E","?","M","T","R","E","R","E","?","R","B"],"character_chosen":"DEFECT","items_purchased":["Self Repair","PreservedInsect"],"campfire_rested":0,"item_purchase_floors":[2,4],"current_hp_per_floor":[59,59,64,64,64,59,59,55,55,55,49,49,53,53,53,12],"gold":532,"neow_bonus":"TWO_FIFTY_GOLD","is_prod":false,"is_daily":false,"chose_seed":false,"campfire_upgraded":3,"win_rate":0,"timestamp":1549449780,"path_taken":["M","$","M","$","M","E","?","?","T","R","E","R","E","?","R","BOSS"],"build_version":"2019-01-23","purchased_purges":1,"victory":false,"max_hp_per_floor":[64,64,64,64,64,64,64,64,64,64,66,66,66,66,66,66],"card_choices":[{"not_picked":["Barrage","Beam Cell"],"picked":"Cold Snap","floor":1.0},{"not_picked":["Hologram","Darkness"],"picked":"Ball Lightning","floor":3.0},{"not_picked":["Streamline","Chaos"],"picked":"Conserve Battery","floor":5.0},{"not_picked":["Reboot","Heatsinks"],"picked":"Conserve Battery","floor":6.0},{"not_picked":["Hologram","Scrape+1"],"picked":"Coolheaded","floor":8.0},{"not_picked":["Amplify","Conserve Battery","Beam Cell+1"],"picked":"Singing Bowl","floor":11.0},{"not_picked":["All For One+1","Auto Shields"],"picked":"Hologram","floor":13.0}],"player_experience":1086109,"relics_obtained":[{"floor":6.0,"key":"Molten Egg 2"},{"floor":9.0,"key":"Matryoshka"},{"floor":11.0,"key":"Singing Bowl"},{"floor":13.0,"key":"Old Coin"}],"event_choices":[{"damage_healed":0.0,"max_hp_gain":0.0,"max_hp_loss":0.0,"gold_gain":0.0,"event_name":"Upgrade Shrine","player_choice":"Upgraded","floor":7.0,"gold_loss":0.0,"damage_taken":0.0,"cards_upgraded":["Zap"]},{"damage_healed":0.0,"max_hp_gain":0.0,"max_hp_loss":0.0,"gold_gain":50.0,"event_name":"Golden Shrine","player_choice":"Pray","floor":14.0,"gold_loss":0.0,"damage_taken":0.0}],"is_beta":true,"boss_relics":[],"items_purged_floors":[2],"is_endless":false,"potions_floor_spawned":[3,5],"killed_by":"Hexaghost","ascension_level":20}