{"gold_per_floor":[18,18,30,45,45,45,118,143,192,203,238,251,251,42,42,119,119,133,133,133],"floor_reached":20,"playtime":846,"items_purged":[],"score":364,"play_id":"8a3fbfbc-0443-4a96-9c21-5d3d1cc77b35","local_time":"20190212000158","is_ascension_mode":true,"campfire_choices":[{"data":"Zap","floor":6.0,"key":"SMITH"},{"data":"Reinforced Body","floor":13,"key":"SMITH"},{"data":"Doom and Gloom","floor":15,"key":"SMITH"}],"neow_cost":"NO_GOLD","seed_source_timestamp":1589774972261479,"circlet_count":0,"master_deck":["AscendersBane","Zap+1","Dualcast","Machine Learning","Leap","Doom and Gloom+1","Undo+1","Cold Snap","Reinforced Body+1","Genetic Algorithm","Echo Form","Turbo","Genetic Algorithm","Electrodynamics","Fusion","Rebound","Reboot","Turbo+1","Consume"],"special_seed":0,"relics":["Cracked Core","PreservedInsect","War Paint","Potion Belt","Bronze Scales","Pandora\u0027s Box"],"potions_floor_usage":[11,16,20],"damage_taken":[{"damage":3.0,"enemies":"Small Slimes","floor":1.0,"turns":5.0},{"damage":2.0,"enemies":"Jaw Worm","floor":3.0,"turns":4.0},{"damage":3.0,"enemies":"2 Louse","floor":4.0,"turns":3.0},{"damage":23.0,"enemies":"3 Sentries","floor":8.0,"turns":7.0},{"damage":13.0,"enemies":"Large Slime","floor":10.0,"turns":6.0},{"damage":11,"enemies":"Gremlin Nob","floor":11,"turns":3},{"damage":0,"enemies":"3 Louse","floor":12,"turns":3},{"damage":16,"enemies":"The Guardian","floor":16,"turns":11},{"damage":6,"enemies":"Spheric Guardian","floor":18,"turns":6},{"damage":49,"enemies":"Colosseum Slavers","floor":20,"turns":4},{"damage":0,"enemies":"Colosseum Nobs","floor":20,"turns":2}],"seed_played":"-8780464928015511567","potions_obtained":[{"floor":1.0,"key":"Strength Potion"},{"floor":4.0,"key":"FearPotion"},{"floor":10.0,"key":"Dexterity Potion"},{"floor":12,"key":"Regen Potion"}],"is_trial":false,"path_per_floor":["M","?","M","M","?","R","?","E","T","M","E","M","R","$","R","B",null,"M","?","?"],"character_chosen":"DEFECT","items_purchased":["Genetic Algorithm","Bronze Scales"],"campfire_rested":0,"item_purchase_floors":[14,14],"current_hp_per_floor":[61,66,64,61,61,61,61,38,38,25,14,14,14,14,14,13,60,54,54,5],"gold":133,"neow_bonus":"TRANSFORM_TWO_CARDS","is_prod":false,"is_daily":false,"chose_seed":false,"campfire_upgraded":3,"win_rate":0,"timestamp":1549958518,"path_taken":["M","?","M","M","?","R","?","E","T","M","E","M","R","$","R","BOSS","M","?","?"],"build_version":"2019-02-06","purchased_purges":0,"victory":false,"max_hp_per_floor":[71,76,76,76,76,76,76,76,76,76,76,76,76,76,76,76,76,76,76,76],"card_choices":[{"not_picked":["Compile Driver","Redo"],"picked":"Doom and Gloom","floor":1.0},{"not_picked":["Static Discharge","Force Field","Storm"],"picked":"SKIP","floor":3.0},{"not_picked":["Chill","Leap"],"picked":"Undo","floor":4.0},{"not_picked":["Leap","Chaos","Beam Cell"],"picked":"SKIP","floor":8.0},{"not_picked":["Melter","Compile Driver"],"picked":"Cold Snap","floor":10.0},{"not_picked":["Streamline","Melter","Rip and Tear"],"picked":"SKIP","floor":11},{"not_picked":["Gash","Rip and Tear"],"picked":"Reinforced Body","floor":12},{"not_picked":["Biased Cognition","All For One"],"picked":"Echo Form","floor":16},{"not_picked":["Heatsinks","Hologram"],"picked":"Turbo+1","floor":18}],"player_experience":1135364,"relics_obtained":[{"floor":8.0,"key":"PreservedInsect"},{"floor":9.0,"key":"War Paint"},{"floor":11,"key":"Potion Belt"}],"event_choices":[{"damage_healed":0.0,"max_hp_gain":5.0,"max_hp_loss":0.0,"gold_gain":0.0,"event_name":"Big Fish","player_choice":"Donut","floor":2.0,"gold_loss":0.0,"damage_taken":0.0},{"damage_healed":0.0,"max_hp_gain":0.0,"max_hp_loss":0.0,"gold_gain":0.0,"event_name":"The Cleric","player_choice":"Leave","floor":5.0,"gold_loss":0.0,"damage_taken":0.0},{"damage_healed":0.0,"max_hp_gain":0.0,"max_hp_loss":0.0,"gold_gain":73.0,"event_name":"Golden Wing","player_choice":"Gained Gold","floor":7.0,"gold_loss":0.0,"damage_taken":0.0},{"damage_healed":0,"gold_gain":0,"player_choice":"Read","damage_taken":0,"max_hp_gain":0,"max_hp_loss":0,"event_name":"The Library","floor":19,"gold_loss":0,"cards_obtained":["Consume"]},{"damage_healed":0,"gold_gain":0,"player_choice":"Fight","damage_taken":0,"max_hp_gain":0,"max_hp_loss":0,"event_name":"Colosseum","floor":20,"gold_loss":0},{"damage_healed":0,"gold_gain":0,"player_choice":"Fought Nobs","damage_taken":0,"max_hp_gain":0,"max_hp_loss":0,"event_name":"Colosseum","floor":20,"gold_loss":0}],"is_beta":true,"boss_relics":[{"not_picked":["Velvet Choker","Calling Bell"],"picked":"Pandora\u0027s Box"}],"items_purged_floors":[],"is_endless":false,"potions_floor_spawned":[1,4,10,12,20],"killed_by":"Colosseum Nobs","ascension_level":20}