{"gold_per_floor":[114,129,144,144,144,144,158,158,158,233,233,256,34,52,52,175,175,191,209,222,297,310,310,360,396,421,421],"floor_reached":27,"playtime":2967,"items_purged":["Strike_R"],"score":261,"play_id":"f1b237e4-1db2-4c68-97a2-cbbcfedc1b65","local_time":"20190423180747","is_ascension_mode":true,"campfire_choices":[{"data":"Uppercut","floor":6,"key":"SMITH"},{"floor":8,"key":"REST"},{"data":"Bash","floor":11,"key":"SMITH"},{"data":"Reaper","floor":15,"key":"SMITH"},{"floor":23,"key":"REST"}],"neow_cost":"NONE","seed_source_timestamp":10847880078200,"circlet_count":0,"master_deck":["Strike_R","Strike_R+1","Strike_R","Strike_R","Defend_R","Defend_R","Defend_R","Defend_R+1","Bash+1","Iron Wave","Ghostly Armor","Uppercut+1","Exhume","Sword Boomerang","Reaper+1","Pommel Strike","Feed","Disarm","Flex","Rampage","Body Slam","Perfected Strike","Blood for Blood+1","Spot Weakness+1","Metallicize+1","Heavy Blade+1","Juggernaut"],"relics":["Burning Blood","Golden Idol","Letter Opener","Orrery","Kunai","Anchor"],"potions_floor_usage":[14,16,16,18,22,25,27],"damage_taken":[{"damage":5,"enemies":"Jaw Worm","floor":1,"turns":6},{"damage":5,"enemies":"Small Slimes","floor":2,"turns":3},{"damage":5,"enemies":"2 Louse","floor":3,"turns":3},{"damage":15,"enemies":"Gremlin Gang","floor":7,"turns":6},{"damage":7,"enemies":"2 Fungi Beasts","floor":12,"turns":4},{"damage":18,"enemies":"Lots of Slimes","floor":14,"turns":2},{"damage":51,"enemies":"The Guardian","floor":16,"turns":11},{"damage":10,"enemies":"Chosen","floor":18,"turns":4},{"damage":25,"enemies":"Spheric Guardian","floor":19,"turns":6},{"damage":29,"enemies":"Centurion and Healer","floor":20,"turns":5},{"damage":16,"enemies":"Snake Plant","floor":22,"turns":4},{"damage":40,"enemies":"Slavers","floor":25,"turns":6},{"damage":42,"enemies":"Book of Stabbing","floor":27,"turns":5}],"seed_played":"6024147883407105489","potions_obtained":[{"floor":2,"key":"BloodPotion"},{"floor":3,"key":"Strength Potion"},{"floor":7,"key":"Weak Potion"},{"floor":14,"key":"Energy Potion"},{"floor":16,"key":"AttackPotion"},{"floor":20,"key":"Dexterity Potion"},{"floor":22,"key":"Weak Potion"}],"is_trial":false,"path_per_floor":["M","M","M","?","?","R","M","R","T","?","R","M","$","M","R","B",null,"M","M","M","?","M","R","?","E","T","E"],"character_chosen":"IRONCLAD","items_purchased":["Reaper"],"campfire_rested":2,"item_purchase_floors":[13],"current_hp_per_floor":[88,88,88,70,48,48,39,65,65,54,54,53,53,84,84,46,88,84,68,45,36,29,57,57,29,29,0],"gold":421,"neow_bonus":"TEN_PERCENT_HP_BONUS","is_prod":false,"is_daily":false,"chose_seed":false,"campfire_upgraded":3,"win_rate":0,"timestamp":1556035667,"path_taken":["M","M","M","?","?","R","M","R","T","?","R","M","$","?","R","BOSS","M","M","M","?","?","R","?","E","T","E"],"build_version":"2019-01-23","purchased_purges":1,"victory":false,"max_hp_per_floor":[88,88,88,88,88,88,88,88,88,88,88,88,88,88,88,88,88,88,91,91,91,94,94,94,100,100,100],"card_choices":[{"not_picked":["Warcry","Pommel Strike"],"picked":"Iron Wave","floor":1},{"not_picked":["Seeing Red","Pummel"],"picked":"Ghostly Armor","floor":2},{"not_picked":["Anger","Bloodletting"],"picked":"Uppercut","floor":3},{"not_picked":["Clash","Rupture"],"picked":"Exhume","floor":7},{"not_picked":["Reckless Charge","Heavy Blade"],"picked":"Sword Boomerang","floor":12},{"not_picked":["Corruption","Flex"],"picked":"Pommel Strike","floor":14},{"not_picked":["Fiend Fire","Brutality"],"picked":"Feed","floor":16},{"not_picked":["Rupture","Clash"],"picked":"Disarm","floor":17},{"not_picked":["Clash","Twin Strike"],"picked":"Flex","floor":17},{"not_picked":["Clothesline","Wild Strike"],"picked":"Rampage","floor":17},{"not_picked":["Clash","Evolve"],"picked":"Body Slam","floor":17},{"not_picked":["Limit Break","Wild Strike"],"picked":"Perfected Strike","floor":17},{"not_picked":["Pommel Strike","True Grit"],"picked":"Blood for Blood+1","floor":18},{"not_picked":["Shockwave","Disarm"],"picked":"Spot Weakness+1","floor":19},{"not_picked":["Second Wind","Flex"],"picked":"Metallicize+1","floor":20},{"not_picked":["Body Slam","Pommel Strike"],"picked":"Heavy Blade+1","floor":22},{"not_picked":["Pommel Strike","Second Wind"],"picked":"Juggernaut","floor":25}],"player_experience":129219,"relics_obtained":[{"floor":9,"key":"Letter Opener"},{"floor":25,"key":"Kunai"},{"floor":26,"key":"Anchor"}],"event_choices":[{"damage_healed":0,"gold_gain":0,"player_choice":"Entered Light","damage_taken":18,"max_hp_gain":0,"max_hp_loss":0,"event_name":"Shining Light","floor":4,"gold_loss":0,"cards_upgraded":["Strike_R","Defend_R"]},{"damage_healed":0,"gold_gain":0,"player_choice":"Take Damage","damage_taken":22,"relics_obtained":["Golden Idol"],"max_hp_gain":0,"max_hp_loss":0,"event_name":"Golden Idol","floor":5,"gold_loss":0},{"damage_healed":0,"gold_gain":75,"player_choice":"Gather Gold","damage_taken":11,"max_hp_gain":0,"max_hp_loss":0,"event_name":"World of Goop","floor":10,"gold_loss":0},{"damage_healed":0,"gold_gain":75,"player_choice":"Touch","damage_taken":9,"max_hp_gain":0,"max_hp_loss":0,"event_name":"FaceTrader","floor":21,"gold_loss":0},{"damage_healed":0,"gold_gain":100,"player_choice":"Bet on Murderer","damage_taken":0,"max_hp_gain":0,"max_hp_loss":0,"event_name":"The Joust","floor":24,"gold_loss":50}],"is_beta":false,"boss_relics":[{"not_picked":["Runic Cube","Runic Dome"],"picked":"Orrery"}],"items_purged_floors":[13],"is_endless":false,"potions_floor_spawned":[2,3,7,14,16,20,22],"killed_by":"Book of Stabbing","ascension_level":1}