{"gold_per_floor":[112,112,131,48,59,84,84,109,109,109,49,60,60,60,60,137,137,154,108,208,102,120,120,145,60,141,167,185,185,214,233,233,308,308,323,251,251,251,29,29,60,79,79,94,127,127,44,64,64,64,64],"floor_reached":51,"playtime":2229,"items_purged":["Strike_B","Pain"],"score":1738,"play_id":"c16393a7-07a5-4d91-a63d-640b3a86fd04","local_time":"20190213200018","is_ascension_mode":true,"campfire_choices":[{"floor":7.0,"key":"REST"},{"data":"Defragment","floor":10.0,"key":"SMITH"},{"data":"Creative AI","floor":13.0,"key":"SMITH"},{"data":"Ball Lightning","floor":15.0,"key":"SMITH"},{"floor":23.0,"key":"REST"},{"floor":29.0,"key":"REST"},{"floor":32.0,"key":"REST"},{"data":"Loop","floor":40.0,"key":"SMITH"},{"floor":49.0,"key":"RECALL"}],"neow_cost":"NONE","seed_source_timestamp":1692965849422353,"circlet_count":0,"master_deck":["AscendersBane","Defend_B","Defend_B","Defend_B","Defend_B","Zap+1","Dualcast","Ball Lightning+1","Defragment+1","Genetic Algorithm","Hologram","Creative AI+1","Electrodynamics","Multi-Cast+1","Amplify+1","Stack+1","Conserve Battery","Reinforced Body","Consume+1","Loop+1","Glacier","Cold Snap","Biased Cognition","Dark Shackles","Coolheaded","Coolheaded","Storm","Static Discharge+1","Loop"],"special_seed":0,"relics":["Cracked Core","PreservedInsect","Letter Opener","Bag of Marbles","The Courier","Bottled Tornado","Astrolabe","Incense Burner","Meat on the Bone","Strawberry","Anchor","Tiny Chest","StoneCalendar","Bottled Lightning","Cursed Key","Mummified Hand","Smiling Mask","Regal Pillow"],"potions_floor_usage":[],"damage_taken":[{"damage":0.0,"enemies":"Small Slimes","floor":1.0,"turns":2.0},{"damage":10.0,"enemies":"2 Louse","floor":3.0,"turns":2.0},{"damage":9.0,"enemies":"Jaw Worm","floor":5.0,"turns":3.0},{"damage":15.0,"enemies":"3 Sentries","floor":6.0,"turns":4.0},{"damage":15.0,"enemies":"Lagavulin","floor":8.0,"turns":5.0},{"damage":6.0,"enemies":"2 Fungi Beasts","floor":12.0,"turns":3.0},{"damage":12.0,"enemies":"The Guardian","floor":16.0,"turns":8.0},{"damage":0.0,"enemies":"Chosen","floor":18.0,"turns":4.0},{"damage":14.0,"enemies":"Colosseum Slavers","floor":20.0,"turns":4.0},{"damage":26.0,"enemies":"Colosseum Nobs","floor":20.0,"turns":3.0},{"damage":10.0,"enemies":"Spheric Guardian","floor":22.0,"turns":4.0},{"damage":24.0,"enemies":"Slavers","floor":24.0,"turns":3.0},{"damage":21.0,"enemies":"Book of Stabbing","floor":27.0,"turns":4.0},{"damage":19.0,"enemies":"Cultist and Chosen","floor":28.0,"turns":5.0},{"damage":0.0,"enemies":"Gremlin Leader","floor":30.0,"turns":4.0},{"damage":16.0,"enemies":"Chosen and Byrds","floor":31.0,"turns":5.0},{"damage":0.0,"enemies":"Champ","floor":33.0,"turns":19.0},{"damage":16.0,"enemies":"3 Darklings","floor":35.0,"turns":7.0},{"damage":14.0,"enemies":"Nemesis","floor":41.0,"turns":7.0},{"damage":0.0,"enemies":"3 Shapes","floor":42.0,"turns":2.0},{"damage":15.0,"enemies":"3 Darklings","floor":44.0,"turns":3.0},{"damage":0.0,"enemies":"Reptomancer","floor":45.0,"turns":4.0},{"damage":0.0,"enemies":"4 Shapes","floor":48.0,"turns":3.0},{"damage":0.0,"enemies":"Time Eater","floor":50.0,"turns":22.0},{"damage":0,"enemies":"Awakened One","floor":51,"turns":1}],"seed_played":"-4551814110550083773","potions_obtained":[{"floor":5.0,"key":"SpeedPotion"},{"floor":6.0,"key":"Strength Potion"},{"floor":28.0,"key":"Block Potion"},{"floor":30.0,"key":"Ancient Potion"},{"floor":31.0,"key":"Energy Potion"},{"floor":38.0,"key":"Fruit Juice"},{"floor":38.0,"key":"FearPotion"},{"floor":42.0,"key":"Explosive Potion"},{"floor":44.0,"key":"SpeedPotion"}],"is_trial":false,"path_per_floor":["M","?","M","$","M","E","R","E","T","R","$","M","R","?","R","B",null,"M","$","?","$","M","R","E","?","T","E","M","R","E","M","R","B",null,"M","$","?","?","$","R","E","M","T","M","E","?","$","M","R","B","B"],"character_chosen":"DEFECT","items_purchased":["Defragment","Dexterity Potion","PowerPotion","GamblersBrew","Dark Shackles","Mummified Hand","Loop"],"campfire_rested":4,"item_purchase_floors":[4,19,21,21,36,39,47],"current_hp_per_floor":[64,53,43,43,34,19,40,25,25,25,25,19,19,19,19,7,55,55,55,15,15,17,38,33,33,33,24,17,40,40,36,59,59,73,57,57,57,62,62,62,48,48,48,45,45,45,45,45,45,45,45],"gold":64,"neow_bonus":"RANDOM_COMMON_RELIC","is_prod":false,"is_daily":false,"chose_seed":false,"campfire_upgraded":4,"win_rate":0,"timestamp":1550116818,"path_taken":["M","?","M","$","M","E","R","E","T","R","$","M","R","?","R","BOSS","M","$","?","$","M","R","E","?","T","E","M","R","E","M","R","BOSS","M","$","?","?","$","R","E","?","T","M","E","?","$","M","R","BOSS","BOSS"],"build_version":"2019-02-06","purchased_purges":2,"victory":false,"max_hp_per_floor":[71,71,71,71,71,71,71,71,71,71,71,71,71,71,71,71,71,71,71,71,71,71,71,78,78,78,78,78,78,78,78,78,78,78,78,78,74,79,79,79,79,79,79,79,79,79,79,79,79,79,79],"card_choices":[{"not_picked":["Rebound","Go for the Eyes"],"picked":"Ball Lightning","floor":1.0},{"not_picked":["Rebound","Gash","Steam Power"],"picked":"SKIP","floor":3.0},{"not_picked":["Skim","Consume"],"picked":"Genetic Algorithm","floor":5.0},{"not_picked":["Beam Cell","Undo"],"picked":"Hologram","floor":6.0},{"not_picked":["Gash","Recycle","Turbo"],"picked":"SKIP","floor":8.0},{"not_picked":["Turbo","Recycle"],"picked":"Creative AI","floor":12.0},{"not_picked":["Amplify","Seek"],"picked":"Electrodynamics","floor":16.0},{"not_picked":["Self Repair","Go for the Eyes"],"picked":"Conserve Battery","floor":18.0},{"not_picked":["Conserve Battery","Sunder"],"picked":"Reinforced Body","floor":22.0},{"not_picked":["Barrage+1","Steam+1"],"picked":"Consume+1","floor":24.0},{"not_picked":["Go for the Eyes","Steam"],"picked":"Loop","floor":27.0},{"not_picked":["Barrage","White Noise","Leap"],"picked":"SKIP","floor":28.0},{"not_picked":["Multi-Cast","Force Field"],"picked":"Glacier","floor":30.0},{"not_picked":["Sweeping Beam","Scrape"],"picked":"Cold Snap","floor":31.0},{"not_picked":["Electrodynamics","Rainbow"],"picked":"Biased Cognition","floor":33.0},{"not_picked":["Chill+1","Cold Snap","Melter"],"picked":"SKIP","floor":35.0},{"not_picked":["Doom and Gloom","Coolheaded","Streamline"],"picked":"SKIP","floor":41.0},{"not_picked":["Doom and Gloom","Streamline"],"picked":"Coolheaded","floor":41.0},{"not_picked":["Aggregate+1","Compile Driver+1"],"picked":"Coolheaded","floor":42.0},{"not_picked":["Melter","Reprogram+1"],"picked":"Storm","floor":44.0},{"not_picked":["Sunder","Self Repair"],"picked":"Static Discharge+1","floor":45.0},{"not_picked":["Hello World","Sunder","Beam Cell"],"picked":"SKIP","floor":48.0}],"player_experience":1156053,"relics_obtained":[{"floor":6.0,"key":"Bag of Marbles"},{"floor":8.0,"key":"The Courier"},{"floor":9.0,"key":"Bottled Tornado"},{"floor":20.0,"key":"Incense Burner"},{"floor":20.0,"key":"Meat on the Bone"},{"floor":24.0,"key":"Strawberry"},{"floor":26.0,"key":"Tiny Chest"},{"floor":27.0,"key":"StoneCalendar"},{"floor":30.0,"key":"Bottled Lightning"},{"floor":41.0,"key":"Smiling Mask"},{"floor":45.0,"key":"Regal Pillow"}],"event_choices":[{"damage_healed":0.0,"max_hp_gain":0.0,"max_hp_loss":0.0,"gold_gain":0.0,"event_name":"Scrap Ooze","player_choice":"Success","floor":2.0,"gold_loss":0.0,"damage_taken":11.0,"relics_obtained":["Letter Opener"]},{"damage_healed":0.0,"max_hp_gain":0.0,"max_hp_loss":0.0,"gold_gain":0.0,"event_name":"Living Wall","player_choice":"Grow","floor":14.0,"gold_loss":0.0,"damage_taken":0.0,"cards_upgraded":["Zap"]},{"damage_healed":0.0,"max_hp_gain":0.0,"max_hp_loss":0.0,"gold_gain":0.0,"event_name":"Colosseum","player_choice":"Fight","floor":20.0,"gold_loss":0.0,"damage_taken":0.0},{"damage_healed":0.0,"max_hp_gain":0.0,"max_hp_loss":0.0,"gold_gain":0.0,"event_name":"Colosseum","player_choice":"Fought Nobs","floor":20.0,"gold_loss":0.0,"damage_taken":0.0},{"damage_healed":0.0,"max_hp_gain":0.0,"max_hp_loss":0.0,"gold_gain":0.0,"event_name":"Addict","player_choice":"Obtained Relic","floor":25.0,"gold_loss":85.0,"damage_taken":0.0,"relics_obtained":["Anchor"]},{"damage_healed":0.0,"max_hp_gain":0.0,"max_hp_loss":4.0,"gold_gain":0.0,"event_name":"Winding Halls","player_choice":"Max HP","floor":37.0,"gold_loss":0.0,"damage_taken":0.0},{"damage_healed":0.0,"max_hp_gain":0.0,"max_hp_loss":0.0,"gold_gain":0.0,"event_name":"Lab","player_choice":"Got Potions","floor":38.0,"gold_loss":0.0,"damage_taken":0.0},{"damage_healed":0.0,"max_hp_gain":0.0,"max_hp_loss":0.0,"gold_gain":0.0,"event_name":"Tomb of Lord Red Mask","player_choice":"Ignored","floor":46.0,"gold_loss":0.0,"damage_taken":0.0}],"is_beta":true,"boss_relics":[{"not_picked":["Orrery","Calling Bell"],"picked":"Astrolabe"},{"not_picked":["Sozu","Philosopher\u0027s Stone"],"picked":"Cursed Key"}],"items_purged_floors":[11,47],"is_endless":false,"potions_floor_spawned":[5,6,8,20,24,28,30,31,42,44,48],"killed_by":"Awakened One","ascension_level":20}