{"gold_per_floor":[113,263,263,263,282,320,320,358,358,358,383,383,419,432,432,432],"floor_reached":16,"playtime":470,"items_purged":[],"score":286,"play_id":"d6476d39-1bca-44cc-8107-eb21d03ece61","local_time":"20190315010157","is_ascension_mode":true,"campfire_choices":[{"data":"Whirlwind","floor":7.0,"key":"SMITH"},{"data":"Bash","floor":12.0,"key":"SMITH"},{"data":"Inflame","floor":15.0,"key":"SMITH"}],"neow_cost":"NONE","seed_source_timestamp":4327084767700,"circlet_count":0,"master_deck":["AscendersBane","Strike_R","Strike_R","Strike_R","Strike_R","Strike_R","Defend_R","Defend_R","Defend_R","Defend_R","Bash+1","True Grit+1","Doubt","Whirlwind+1","Inflame+1","Clothesline","Havoc","Reaper"],"special_seed":0,"relics":["Burning Blood","NeowsBlessing","Golden Idol","Dead Branch","Charon\u0027s Ashes","Ornamental Fan","Dream Catcher","Bag of Marbles"],"potions_floor_usage":[16,16],"damage_taken":[{"damage":0.0,"enemies":"Jaw Worm","floor":1.0,"turns":1.0},{"damage":0.0,"enemies":"2 Louse","floor":5.0,"turns":1.0},{"damage":0.0,"enemies":"Gremlin Nob","floor":6.0,"turns":1.0},{"damage":31.0,"enemies":"Lagavulin","floor":8.0,"turns":8.0},{"damage":0.0,"enemies":"Small Slimes","floor":11.0,"turns":3.0},{"damage":16.0,"enemies":"3 Sentries","floor":13.0,"turns":5.0},{"damage":6.0,"enemies":"2 Fungi Beasts","floor":14.0,"turns":3.0},{"damage":46,"enemies":"Hexaghost","floor":16,"turns":9}],"seed_played":"3034544330700382017","potions_obtained":[{"floor":1.0,"key":"Dexterity Potion"},{"floor":13.0,"key":"AttackPotion"},{"floor":14.0,"key":"Swift Potion"}],"is_trial":false,"path_per_floor":["M","?","?","?","M","E","R","E","T","?","M","R","E","M","R","B"],"character_chosen":"IRONCLAD","items_purchased":[],"campfire_rested":0,"item_purchase_floors":[],"current_hp_per_floor":[74,74,74,48,54,60,60,35,35,30,36,36,26,38,38,0],"gold":432,"neow_bonus":"THREE_ENEMY_KILL","is_prod":false,"is_daily":false,"chose_seed":false,"campfire_upgraded":3,"win_rate":0,"timestamp":1552636917,"path_taken":["M","?","?","?","M","E","R","E","T","?","M","R","E","M","R","BOSS"],"build_version":"2019-02-06","purchased_purges":0,"victory":false,"max_hp_per_floor":[75,75,75,75,75,75,75,75,75,75,75,75,75,75,75,75],"card_choices":[{"not_picked":["Dropkick","Cleave","True Grit"],"picked":"SKIP","floor":1.0},{"not_picked":["Dropkick","Cleave"],"picked":"True Grit","floor":1.0},{"not_picked":["Shrug It Off","Headbutt"],"picked":"Whirlwind","floor":5.0},{"not_picked":["Intimidate","Warcry"],"picked":"Inflame","floor":6.0},{"not_picked":["Iron Wave","Pommel Strike"],"picked":"Clothesline","floor":8.0},{"not_picked":["Iron Wave","Metallicize"],"picked":"Havoc","floor":11.0},{"not_picked":["Armaments","Body Slam"],"picked":"Reaper","floor":13.0},{"not_picked":["Twin Strike","Dropkick","Flex"],"picked":"SKIP","floor":14.0}],"player_experience":1362166,"relics_obtained":[{"floor":6.0,"key":"Dead Branch"},{"floor":8.0,"key":"Charon\u0027s Ashes"},{"floor":9.0,"key":"Ornamental Fan"},{"floor":13.0,"key":"Bag of Marbles"}],"event_choices":[{"damage_healed":0.0,"max_hp_gain":0.0,"max_hp_loss":0.0,"gold_gain":150.0,"event_name":"Liars Game","player_choice":"AGREE","floor":2.0,"gold_loss":0.0,"damage_taken":0.0,"cards_obtained":["Doubt"]},{"damage_healed":0.0,"max_hp_gain":0.0,"max_hp_loss":0.0,"gold_gain":0.0,"event_name":"Living Wall","player_choice":"Grow","floor":3.0,"gold_loss":0.0,"damage_taken":0.0,"cards_upgraded":["True Grit"]},{"damage_healed":0.0,"max_hp_gain":0.0,"max_hp_loss":0.0,"gold_gain":0.0,"event_name":"Golden Idol","player_choice":"Take Damage","floor":4.0,"gold_loss":0.0,"damage_taken":26.0,"relics_obtained":["Golden Idol"]},{"damage_healed":0.0,"max_hp_gain":0.0,"max_hp_loss":0.0,"gold_gain":0.0,"event_name":"Scrap Ooze","player_choice":"Success","floor":10.0,"gold_loss":0.0,"damage_taken":5.0,"relics_obtained":["Dream Catcher"]}],"is_beta":true,"boss_relics":[],"items_purged_floors":[],"is_endless":false,"potions_floor_spawned":[1,13,14],"killed_by":"Hexaghost","ascension_level":20}