{"gold_per_floor":[113,130,130,130,130,156,26,41,121,138,138,172,189,221,221,295,295,269,285,23,42,42,42],"floor_reached":23,"playtime":810,"items_purged":["Pain","Strike_G"],"score":522,"play_id":"f7e20aac-5ac4-492f-a3d6-33f1a18a7eab","local_time":"20190213005200","is_ascension_mode":true,"campfire_choices":[{"data":"Envenom","floor":11.0,"key":"SMITH"},{"floor":15.0,"key":"REST"}],"neow_cost":"NONE","seed_source_timestamp":1668618221390158,"circlet_count":0,"master_deck":["AscendersBane","Defend_G","Defend_G","Defend_G","Defend_G","Defend_G","Strike_G","Survivor","Neutralize","Dodge and Roll","Footwork","Corpse Explosion","Backflip","Envenom+1","PiercingWail","Dagger Spray","Malaise","Deadly Poison","Cloak And Dagger","Decay"],"special_seed":0,"relics":["Ring of the Snake","NeowsBlessing","WarpedTongs","Snake Skull","Pear","Matryoshka","Gremlin Horn","Empty Cage","Art of War"],"potions_floor_usage":[23],"damage_taken":[{"damage":0.0,"enemies":"2 Louse","floor":1.0,"turns":1.0},{"damage":0.0,"enemies":"Small Slimes","floor":2.0,"turns":1.0},{"damage":0.0,"enemies":"Lagavulin","floor":6.0,"turns":1.0},{"damage":1.0,"enemies":"Jaw Worm","floor":8.0,"turns":4.0},{"damage":5.0,"enemies":"Gremlin Gang","floor":10.0,"turns":2.0},{"damage":28.0,"enemies":"Gremlin Nob","floor":12.0,"turns":4.0},{"damage":15.0,"enemies":"Exordium Thugs","floor":13.0,"turns":4.0},{"damage":0.0,"enemies":"Lagavulin","floor":14.0,"turns":8.0},{"damage":25.0,"enemies":"The Guardian","floor":16.0,"turns":11.0},{"damage":18.0,"enemies":"2 Thieves","floor":18.0,"turns":5.0},{"damage":5,"enemies":"Shell Parasite","floor":19,"turns":11},{"damage":14,"enemies":"Centurion and Healer","floor":21,"turns":8},{"damage":9,"enemies":"Slavers","floor":23,"turns":3}],"seed_played":"1953772587814600531","potions_obtained":[{"floor":8.0,"key":"SneckoOil"},{"floor":10.0,"key":"SkillPotion"},{"floor":12.0,"key":"AttackPotion"},{"floor":14.0,"key":"Ancient Potion"},{"floor":18,"key":"FairyPotion"},{"floor":21,"key":"SkillPotion"}],"is_trial":false,"path_per_floor":["M","M","?","?","?","E","$","M","T","M","R","E","M","E","R","B",null,"M","M","$","M","?","E"],"character_chosen":"THE_SILENT","items_purchased":["Poison Potion","Art of War"],"campfire_rested":1,"item_purchase_floors":[7,20],"current_hp_per_floor":[59,59,64,57,57,57,57,56,66,61,61,33,18,18,42,17,65,47,42,42,28,28,19],"gold":42,"neow_bonus":"THREE_ENEMY_KILL","is_prod":false,"is_daily":false,"chose_seed":false,"campfire_upgraded":1,"win_rate":0,"timestamp":1550047920,"path_taken":["M","M","?","?","?","E","$","M","T","M","R","E","?","E","R","BOSS","M","M","$","?","?","E"],"build_version":"2019-02-06","purchased_purges":2,"victory":false,"max_hp_per_floor":[66,66,71,71,71,71,71,71,81,81,81,81,81,81,81,81,81,81,81,81,81,81,81],"card_choices":[{"not_picked":["Underhanded Strike","Outmaneuver"],"picked":"Dodge and Roll","floor":1.0},{"not_picked":["Deflect","Heel Hook"],"picked":"Footwork","floor":2.0},{"not_picked":["Deadly Poison","Poisoned Stab"],"picked":"Corpse Explosion","floor":6.0},{"not_picked":["Poisoned Stab","Bane"],"picked":"Backflip","floor":8.0},{"not_picked":["Cloak And Dagger","Calculated Gamble"],"picked":"Envenom","floor":10.0},{"not_picked":["Distraction","Flying Knee","Setup"],"picked":"SKIP","floor":12.0},{"not_picked":["Dagger Throw","Cloak And Dagger"],"picked":"PiercingWail","floor":13.0},{"not_picked":["Riddle With Holes","Reflex"],"picked":"Dagger Spray","floor":14.0},{"not_picked":["Envenom","After Image"],"picked":"Malaise","floor":16.0},{"not_picked":["Caltrops","Flechettes"],"picked":"Deadly Poison","floor":18},{"not_picked":["Quick Slash","Blade Dance"],"picked":"Cloak And Dagger","floor":19},{"not_picked":["Sucker Punch","Outmaneuver","Underhanded Strike"],"picked":"SKIP","floor":21}],"player_experience":1150991,"relics_obtained":[{"floor":6.0,"key":"Snake Skull"},{"floor":9.0,"key":"Pear"},{"floor":12.0,"key":"Matryoshka"},{"floor":14.0,"key":"Gremlin Horn"}],"event_choices":[{"damage_healed":0.0,"max_hp_gain":5.0,"max_hp_loss":0.0,"gold_gain":0.0,"event_name":"Big Fish","player_choice":"Donut","floor":3.0,"gold_loss":0.0,"damage_taken":0.0},{"cards_removed":["Strike_G"],"damage_healed":0.0,"max_hp_gain":0.0,"max_hp_loss":0.0,"gold_gain":0.0,"event_name":"Golden Wing","player_choice":"Card Removal","floor":4.0,"gold_loss":0.0,"damage_taken":7.0},{"damage_healed":0.0,"max_hp_gain":0.0,"max_hp_loss":0.0,"gold_gain":0.0,"event_name":"Accursed Blacksmith","player_choice":"Rummage","floor":5.0,"gold_loss":0.0,"damage_taken":0.0,"relics_obtained":["WarpedTongs"],"cards_obtained":["Pain"]},{"damage_healed":0,"gold_gain":0,"player_choice":"Smashed Altar","damage_taken":0,"max_hp_gain":0,"max_hp_loss":0,"event_name":"Forgotten Altar","floor":22,"gold_loss":0,"cards_obtained":["Decay"]}],"is_beta":true,"boss_relics":[{"not_picked":["White Beast Statue","WristBlade"],"picked":"Empty Cage"}],"items_purged_floors":[7,20],"is_endless":false,"potions_floor_spawned":[8,10,12,14,18,21],"killed_by":"Slavers","ascension_level":20}