{"gold_per_floor":[110,110,129,145,158,193,210,226,300,330,330,357,357,357,357,435,435,445,445],"floor_reached":19,"playtime":723,"items_purged":[],"score":378,"play_id":"17b09f09-3f64-48d0-9dc6-c37d62f58551","local_time":"20190315004232","is_ascension_mode":true,"campfire_choices":[{"data":"Limit Break","floor":11.0,"key":"SMITH"},{"floor":15.0,"key":"REST"}],"neow_cost":"TEN_PERCENT_HP_LOSS","seed_source_timestamp":3085612848476,"circlet_count":0,"master_deck":["AscendersBane","Strike_R","Strike_R","Strike_R","Strike_R","Strike_R","Defend_R","Defend_R","Defend_R","Defend_R","Bash+1","Cleave+1","Anger","Rage","Spot Weakness","Feel No Pain","Combust+1","Disarm","Limit Break+1","Feed","Anger"],"special_seed":0,"relics":["Burning Blood","Unceasing Top","Strawberry","Meat on the Bone","Orichalcum","Gambling Chip","Black Star"],"potions_floor_usage":[19],"damage_taken":[{"damage":14.0,"enemies":"Small Slimes","floor":1.0,"turns":5.0},{"damage":1.0,"enemies":"Cultist","floor":3.0,"turns":3.0},{"damage":1.0,"enemies":"2 Louse","floor":4.0,"turns":2.0},{"damage":2.0,"enemies":"Looter","floor":5.0,"turns":4.0},{"damage":32.0,"enemies":"Gremlin Nob","floor":6.0,"turns":4.0},{"damage":8.0,"enemies":"3 Louse","floor":7.0,"turns":3.0},{"damage":9.0,"enemies":"2 Fungi Beasts","floor":8.0,"turns":3.0},{"damage":19.0,"enemies":"3 Sentries","floor":10.0,"turns":10.0},{"damage":28.0,"enemies":"Lagavulin","floor":12.0,"turns":8.0},{"damage":19.0,"enemies":"Hexaghost","floor":16.0,"turns":9.0},{"damage":25.0,"enemies":"3 Byrds","floor":18.0,"turns":4.0},{"damage":58,"enemies":"Masked Bandits","floor":19,"turns":3}],"seed_played":"-3655068555261403645","potions_obtained":[{"floor":3.0,"key":"EssenceOfSteel"},{"floor":4.0,"key":"Energy Potion"},{"floor":6.0,"key":"Poison Potion"},{"floor":8.0,"key":"Energy Potion"},{"floor":12.0,"key":"Swift Potion"}],"is_trial":false,"path_per_floor":["M","?","M","M","M","E","M","M","T","E","R","E","?","?","R","B",null,"M","?"],"character_chosen":"IRONCLAD","items_purchased":[],"campfire_rested":1,"item_purchase_floors":[],"current_hp_per_floor":[60,60,65,68,68,49,47,44,44,43,43,33,10,10,32,31,64,48,0],"gold":445,"neow_bonus":"ONE_RARE_RELIC","is_prod":false,"is_daily":false,"chose_seed":false,"campfire_upgraded":1,"win_rate":0,"timestamp":1552635752,"path_taken":["M","?","M","?","M","E","M","M","T","E","R","E","?","?","R","BOSS","M","?"],"build_version":"2019-02-06","purchased_purges":0,"victory":false,"max_hp_per_floor":[68,68,68,68,68,75,75,75,75,75,75,75,75,75,75,75,75,78,81],"card_choices":[{"not_picked":["Cleave","Sword Boomerang","Warcry"],"picked":"SKIP","floor":1.0},{"not_picked":["Sword Boomerang","Warcry"],"picked":"Cleave","floor":1.0},{"not_picked":["Pummel","Corruption"],"picked":"Anger","floor":3.0},{"not_picked":["Shrug It Off","Body Slam"],"picked":"Rage","floor":4.0},{"not_picked":["Heavy Blade","Thunderclap"],"picked":"Spot Weakness","floor":5.0},{"not_picked":["Searing Blow","Sever Soul"],"picked":"Feel No Pain","floor":6.0},{"not_picked":["Hemokinesis","Headbutt"],"picked":"Combust","floor":7.0},{"not_picked":["Havoc","Clothesline"],"picked":"Disarm","floor":8.0},{"not_picked":["Bloodletting","Entrench"],"picked":"Limit Break","floor":10.0},{"not_picked":["Twin Strike","Thunderclap","Pommel Strike"],"picked":"SKIP","floor":12.0},{"not_picked":["Berserk","Double Tap"],"picked":"Feed","floor":16.0},{"not_picked":["Entrench","Sword Boomerang+1"],"picked":"Anger","floor":18.0}],"player_experience":1361059,"relics_obtained":[{"floor":6.0,"key":"Strawberry"},{"floor":9.0,"key":"Meat on the Bone"},{"floor":10.0,"key":"Orichalcum"},{"floor":12.0,"key":"Gambling Chip"}],"event_choices":[{"damage_healed":0.0,"max_hp_gain":0.0,"max_hp_loss":0.0,"gold_gain":0.0,"event_name":"Upgrade Shrine","player_choice":"Upgraded","floor":2.0,"gold_loss":0.0,"damage_taken":0.0,"cards_upgraded":["Bash"]},{"damage_healed":0.0,"max_hp_gain":0.0,"max_hp_loss":0.0,"gold_gain":0.0,"event_name":"Shining Light","player_choice":"Entered Light","floor":13.0,"gold_loss":0.0,"damage_taken":23.0,"cards_upgraded":["Combust","Cleave"]},{"damage_healed":0.0,"max_hp_gain":0.0,"max_hp_loss":0.0,"gold_gain":0.0,"event_name":"Dead Adventurer","player_choice":"Searched \u00270\u0027 times","floor":14.0,"gold_loss":0.0,"damage_taken":0.0},{"damage_healed":0,"gold_gain":0,"player_choice":"Fought Bandits","damage_taken":0,"max_hp_gain":0,"max_hp_loss":0,"event_name":"Masked Bandits","floor":19,"gold_loss":0}],"is_beta":true,"boss_relics":[{"not_picked":["Snecko Eye","Black Blood"],"picked":"Black Star"}],"items_purged_floors":[],"is_endless":false,"potions_floor_spawned":[3,4,6,8,12],"killed_by":"Masked Bandits","ascension_level":20}