{"gold_per_floor":[112,112,112,262,277,277,277,314,326,350,362],"floor_reached":11,"playtime":102,"items_purged":[],"score":192,"play_id":"f4adf5ba-c2c2-471f-964a-bdb24c8a03a4","local_time":"20190410212624","is_ascension_mode":true,"campfire_choices":[{"data":"Zap","floor":6.0,"key":"SMITH"}],"neow_cost":"NONE","seed_source_timestamp":16738649279395,"circlet_count":0,"master_deck":["AscendersBane","Strike_B","Strike_B","Strike_B","Strike_B","Defend_B","Defend_B","Defend_B","Defend_B","Zap+1","Dualcast+1","Ball Lightning+1","Doubt","Conserve Battery","Hologram"],"special_seed":0,"relics":["Cracked Core","NeowsBlessing","MawBank","The Courier","Gremlin Horn"],"potions_floor_usage":[],"damage_taken":[{"damage":0.0,"enemies":"Jaw Worm","floor":1.0,"turns":1.0},{"damage":0.0,"enemies":"2 Louse","floor":5.0,"turns":1.0},{"damage":0.0,"enemies":"Lagavulin","floor":8.0,"turns":1.0},{"damage":7.0,"enemies":"Small Slimes","floor":10.0,"turns":2.0},{"damage":0,"enemies":"Exordium Thugs","floor":11,"turns":1}],"seed_played":"7829515710414235150","potions_obtained":[{"floor":8.0,"key":"FocusPotion"}],"is_trial":false,"path_per_floor":["M","?","?","?","M","R","?","E","T","M","M"],"character_chosen":"DEFECT","items_purchased":[],"campfire_rested":0,"item_purchase_floors":[],"current_hp_per_floor":[64,69,46,46,46,46,20,20,20,13,13],"gold":362,"neow_bonus":"THREE_ENEMY_KILL","is_prod":false,"is_daily":false,"chose_seed":false,"campfire_upgraded":1,"win_rate":0,"timestamp":1554956784,"path_taken":["M","?","?","?","M","R","?","E","T","M","?"],"build_version":"2019-04-04","purchased_purges":0,"victory":false,"max_hp_per_floor":[71,76,76,76,76,76,76,76,76,76,76],"card_choices":[{"not_picked":["Barrage","Undo"],"picked":"Ball Lightning","floor":1.0},{"not_picked":["Stack","Steam Power"],"picked":"Conserve Battery","floor":5.0},{"not_picked":["Turbo","Recycle"],"picked":"Hologram","floor":8.0},{"not_picked":["Compile Driver","Aggregate","Conserve Battery"],"picked":"SKIP","floor":10.0}],"player_experience":1398736,"relics_obtained":[{"floor":8.0,"key":"The Courier"},{"floor":9.0,"key":"Gremlin Horn"}],"event_choices":[{"damage_healed":0.0,"max_hp_gain":5.0,"max_hp_loss":0.0,"gold_gain":0.0,"event_name":"Big Fish","player_choice":"Donut","floor":2.0,"gold_loss":0.0,"damage_taken":0.0},{"damage_healed":0.0,"max_hp_gain":0.0,"max_hp_loss":0.0,"gold_gain":0.0,"event_name":"Shining Light","player_choice":"Entered Light","floor":3.0,"gold_loss":0.0,"damage_taken":23.0,"cards_upgraded":["Dualcast","Ball Lightning"]},{"damage_healed":0.0,"max_hp_gain":0.0,"max_hp_loss":0.0,"gold_gain":150.0,"event_name":"Liars Game","player_choice":"AGREE","floor":4.0,"gold_loss":0.0,"damage_taken":0.0,"cards_obtained":["Doubt"]},{"damage_healed":0.0,"max_hp_gain":0.0,"max_hp_loss":0.0,"gold_gain":0.0,"event_name":"Scrap Ooze","player_choice":"Success","floor":7.0,"gold_loss":0.0,"damage_taken":26.0,"relics_obtained":["MawBank"]}],"is_beta":true,"boss_relics":[],"items_purged_floors":[],"is_endless":false,"potions_floor_spawned":[8],"killed_by":"Exordium Thugs","ascension_level":20}