{"gold_per_floor":[12,23,98,108,126,156,156,187,232,232,232,251,251,261,261,338,338,357,87,87,87,107,134,134,164,234,234,252,267,182,81,81,157,157,177,157,170,189,54,54,88,88,88,121,136,166,185,185,185,185,185,185,185,1,28,28],"floor_reached":56,"playtime":3126,"items_purged":["Strike_R","Decay","Strike_R+1","Strike_R+1"],"score":2040,"play_id":"28456233-8a5e-4674-8a64-9a2620bc122b","local_time":"20190209024920","is_ascension_mode":true,"campfire_choices":[{"data":"Demon Form","floor":7.0,"key":"SMITH"},{"data":"Combust","floor":11.0,"key":"SMITH"},{"data":"Inflame","floor":15.0,"key":"SMITH"},{"floor":24.0,"key":"REST"},{"data":"Heavy Blade","floor":27.0,"key":"SMITH"},{"floor":32.0,"key":"REST"},{"data":"Bash","floor":40.0,"key":"SMITH"},{"data":"True Grit","floor":42.0,"key":"SMITH"},{"floor":49.0,"key":"RECALL"},{"data":"Corruption","floor":53.0,"key":"SMITH"}],"neow_cost":"NO_GOLD","seed_source_timestamp":1412043141685130,"circlet_count":0,"master_deck":["AscendersBane","Strike_R+1","Strike_R+1","Defend_R+1","Defend_R+1","Defend_R+1","Defend_R+1","Bash+1","Combust+1","Inflame+1","Demon Form+1","Pummel","Feed","True Grit+1","Heavy Blade+1","Battle Trance","Flame Barrier+1","Shrug It Off","Reaper","Corruption+1","Dual Wield+1","Battle Trance","Shrug It Off","Evolve","True Grit","Entrench"],"special_seed":0,"relics":["Burning Blood","Thread and Needle","Smiling Mask","Pear","Velvet Choker","Vajra","Ice Cream","Centennial Puzzle","Mummified Hand","Magic Flower","Coffee Dripper","Kunai","Lantern","Dodecahedron","Ornamental Fan"],"potions_floor_usage":[56,56],"damage_taken":[{"damage":11.0,"enemies":"Jaw Worm","floor":1.0,"turns":5.0},{"damage":4.0,"enemies":"Cultist","floor":2.0,"turns":3.0},{"damage":4.0,"enemies":"Small Slimes","floor":4.0,"turns":5.0},{"damage":14.0,"enemies":"Looter","floor":5.0,"turns":4.0},{"damage":34.0,"enemies":"Gremlin Nob","floor":6.0,"turns":4.0},{"damage":11.0,"enemies":"Lagavulin","floor":8.0,"turns":6.0},{"damage":4.0,"enemies":"Blue Slaver","floor":12.0,"turns":5.0},{"damage":0.0,"enemies":"Gremlin Nob","floor":13.0,"turns":1.0},{"damage":20.0,"enemies":"Gremlin Gang","floor":14.0,"turns":5.0},{"damage":27.0,"enemies":"The Guardian","floor":16.0,"turns":10.0},{"damage":38.0,"enemies":"Shell Parasite","floor":18.0,"turns":4.0},{"damage":6.0,"enemies":"Chosen","floor":22.0,"turns":5.0},{"damage":15.0,"enemies":"Book of Stabbing","floor":23.0,"turns":4.0},{"damage":50.0,"enemies":"Gremlin Leader","floor":25.0,"turns":6.0},{"damage":7.0,"enemies":"Snecko","floor":28.0,"turns":5.0},{"damage":12.0,"enemies":"Snake Plant","floor":29.0,"turns":2.0},{"damage":47.0,"enemies":"Automaton","floor":33.0,"turns":8.0},{"damage":43.0,"enemies":"3 Darklings","floor":35.0,"turns":13.0},{"damage":11.0,"enemies":"3 Shapes","floor":37.0,"turns":5.0},{"damage":27.0,"enemies":"Writhing Mass","floor":38.0,"turns":7.0},{"damage":48.0,"enemies":"Nemesis","floor":41.0,"turns":5.0},{"damage":147.0,"enemies":"Reptomancer","floor":44.0,"turns":9.0},{"damage":40.0,"enemies":"Spire Growth","floor":45.0,"turns":5.0},{"damage":50.0,"enemies":"Giant Head","floor":46.0,"turns":6.0},{"damage":30.0,"enemies":"3 Darklings","floor":47.0,"turns":16.0},{"damage":249.0,"enemies":"Awakened One","floor":50.0,"turns":19.0},{"damage":36.0,"enemies":"Time Eater","floor":51.0,"turns":8.0},{"damage":84.0,"enemies":"Shield and Spear","floor":55.0,"turns":6.0},{"damage":122,"enemies":"The Heart","floor":56,"turns":8}],"seed_played":"5827712140977318262","potions_obtained":[{"floor":1.0,"key":"SpeedPotion"},{"floor":2.0,"key":"Strength Potion"},{"floor":8.0,"key":"SmokeBomb"},{"floor":14.0,"key":"Explosive Potion"},{"floor":22.0,"key":"Ancient Potion"},{"floor":23.0,"key":"SteroidPotion"},{"floor":44.0,"key":"SpeedPotion"}],"is_trial":false,"path_per_floor":["M","M","?","M","M","E","R","E","T","T","R","M","E","M","R","B",null,"M","$","?","?","M","E","R","E","T","R","M","M","?","$","R","B",null,"M","?","M","M","$","R","E","R","T","E","M","E","M","?","R","B","B",null,"R","$","E","B"],"character_chosen":"IRONCLAD","items_purchased":["Energy Potion","Vajra","Shrug It Off","Corruption","Evolve","True Grit"],"campfire_rested":2,"item_purchase_floors":[19,19,31,39,54,54],"current_hp_per_floor":[77,79,68,70,62,34,34,29,29,39,39,41,47,33,33,12,77,45,45,45,45,48,39,69,28,28,28,30,24,24,24,56,18,86,108,108,111,111,111,111,77,77,77,114,88,47,117,111,111,114,117,117,117,117,114,16],"gold":28,"neow_bonus":"TWENTY_PERCENT_HP_BONUS","is_prod":false,"is_daily":false,"chose_seed":false,"campfire_upgraded":7,"win_rate":0,"timestamp":1549709360,"path_taken":["M","M","?","M","M","E","R","E","T","?","R","M","E","?","R","BOSS","M","$","?","?","M","E","R","E","T","R","M","M","?","?","R","BOSS","M","?","?","M","$","R","E","R","T","E","M","E","M","?","R","BOSS","BOSS","R","$","E","BOSS"],"build_version":"2019-02-06","purchased_purges":4,"victory":false,"max_hp_per_floor":[89,89,89,89,89,89,89,89,89,99,99,99,99,99,99,99,99,99,99,99,99,102,102,102,105,105,105,108,108,108,108,108,108,108,108,108,111,111,111,111,114,114,114,114,117,117,117,111,111,114,117,117,117,117,117,117],"card_choices":[{"not_picked":["Whirlwind","Iron Wave"],"picked":"Combust","floor":1.0},{"not_picked":["Headbutt","Iron Wave","Cleave"],"picked":"SKIP","floor":2.0},{"not_picked":["Body Slam","Warcry","Anger"],"picked":"SKIP","floor":4.0},{"not_picked":["Bloodletting","Power Through"],"picked":"Inflame","floor":5.0},{"not_picked":["True Grit","Intimidate"],"picked":"Demon Form","floor":6.0},{"not_picked":["Headbutt","Rampage"],"picked":"Pummel","floor":8.0},{"not_picked":["Dropkick","Havoc","Warcry"],"picked":"SKIP","floor":12.0},{"not_picked":["Pommel Strike","Headbutt","Intimidate"],"picked":"SKIP","floor":14.0},{"not_picked":["Exhume","Fiend Fire"],"picked":"Feed","floor":16.0},{"not_picked":["Warcry","Wild Strike"],"picked":"True Grit","floor":18.0},{"not_picked":["Headbutt+1","Blood for Blood","Searing Blow"],"picked":"SKIP","floor":22.0},{"not_picked":["Headbutt+1","Blood for Blood","Searing Blow"],"picked":"SKIP","floor":22.0},{"not_picked":["Burning Pact","True Grit"],"picked":"Heavy Blade","floor":23.0},{"not_picked":["Rage","Intimidate"],"picked":"Battle Trance","floor":25.0},{"not_picked":["Armaments+1","Twin Strike","Body Slam"],"picked":"SKIP","floor":28.0},{"not_picked":["Flex","Uppercut"],"picked":"Flame Barrier+1","floor":29.0},{"not_picked":["Limit Break","Exhume"],"picked":"Reaper","floor":33.0},{"not_picked":["Heavy Blade+1","Searing Blow","Thunderclap"],"picked":"SKIP","floor":35.0},{"not_picked":["Cleave","Searing Blow","Clash"],"picked":"SKIP","floor":37.0},{"not_picked":["Anger+1","Havoc","Immolate"],"picked":"SKIP","floor":38.0},{"not_picked":["Anger+1","Havoc","Immolate"],"picked":"SKIP","floor":38.0},{"not_picked":["Clothesline","Intimidate"],"picked":"Dual Wield+1","floor":41.0},{"not_picked":["Body Slam","Sword Boomerang"],"picked":"Battle Trance","floor":44.0},{"not_picked":["Pommel Strike","Anger+1","Entrench"],"picked":"SKIP","floor":45.0},{"not_picked":["Warcry+1","Clash"],"picked":"Shrug It Off","floor":46.0},{"not_picked":["Perfected Strike","Flex+1","Carnage"],"picked":"SKIP","floor":47.0},{"not_picked":["Corruption+1","Brutality"],"picked":"Entrench","floor":55.0}],"player_experience":1117259,"relics_obtained":[{"floor":6.0,"key":"Thread and Needle"},{"floor":9.0,"key":"Smiling Mask"},{"floor":10.0,"key":"Pear"},{"floor":23.0,"key":"Ice Cream"},{"floor":25.0,"key":"Centennial Puzzle"},{"floor":26.0,"key":"Mummified Hand"},{"floor":41.0,"key":"Kunai"},{"floor":44.0,"key":"Lantern"},{"floor":46.0,"key":"Dodecahedron"},{"floor":55.0,"key":"Ornamental Fan"}],"event_choices":[{"damage_healed":0.0,"max_hp_gain":0.0,"max_hp_loss":0.0,"gold_gain":75.0,"event_name":"World of Goop","player_choice":"Gather Gold","floor":3.0,"gold_loss":0.0,"damage_taken":11.0},{"damage_healed":0.0,"max_hp_gain":0.0,"max_hp_loss":0.0,"gold_gain":0.0,"event_name":"Forgotten Altar","player_choice":"Smashed Altar","floor":20.0,"gold_loss":0.0,"damage_taken":0.0,"cards_obtained":["Decay"]},{"damage_healed":0.0,"max_hp_gain":0.0,"max_hp_loss":0.0,"gold_gain":0.0,"event_name":"Back to Basics","player_choice":"Simplicity","floor":21.0,"gold_loss":0.0,"damage_taken":0.0,"cards_upgraded":["Strike_R","Strike_R","Strike_R","Strike_R","Defend_R","Defend_R","Defend_R","Defend_R"]},{"damage_healed":0.0,"max_hp_gain":0.0,"max_hp_loss":0.0,"gold_gain":0.0,"event_name":"Addict","player_choice":"Obtained Relic","floor":30.0,"gold_loss":85.0,"damage_taken":0.0,"relics_obtained":["Magic Flower"]},{"damage_healed":0.0,"max_hp_gain":0.0,"max_hp_loss":0.0,"gold_gain":0.0,"event_name":"The Woman in Blue","player_choice":"Bought 1 Potion","floor":36.0,"gold_loss":0.0,"damage_taken":0.0},{"damage_healed":0.0,"max_hp_gain":0.0,"max_hp_loss":6.0,"gold_gain":0.0,"event_name":"Winding Halls","player_choice":"Max HP","floor":48.0,"gold_loss":0.0,"damage_taken":0.0}],"is_beta":true,"boss_relics":[{"not_picked":["Cursed Key","Lizard Tail"],"picked":"Velvet Choker"},{"not_picked":["Runic Cube","Mark of Pain"],"picked":"Coffee Dripper"}],"items_purged_floors":[19,31,39,54],"is_endless":false,"potions_floor_spawned":[1,2,8,14,22,23,25,28,35,44,46,55],"killed_by":"The Heart","ascension_level":20}