{"gold_per_floor":[112,112,55,55,75,110,110,143,143,175,191,191,204,204,204,300,300,321,344,29,79,94,132,132,132],"floor_reached":25,"playtime":762,"items_purged":["Strike_B"],"score":528,"play_id":"ab06c64f-0e0d-46f9-a6cb-d78ce8001a3b","local_time":"20190409204950","is_ascension_mode":true,"campfire_choices":[{"data":"Static Discharge","floor":7.0,"key":"SMITH"},{"floor":15.0,"key":"REST"},{"floor":24,"key":"REST"}],"neow_cost":"NONE","seed_source_timestamp":15237875101962,"circlet_count":0,"master_deck":["AscendersBane","Strike_B","Strike_B","Defend_B","Defend_B","Defend_B","Defend_B","Zap+1","Dualcast","Ball Lightning+1","Cold Snap","Cold Snap","Static Discharge+1","Sweeping Beam","Thunder Strike","Glacier","Electrodynamics","Coolheaded","Consume","Loop","Echo Form"],"special_seed":0,"relics":["Cracked Core","NeowsBlessing","Centennial Puzzle","Regal Pillow","Golden Idol","Sozu","Anchor","Potion Belt"],"potions_floor_usage":[25],"damage_taken":[{"damage":0.0,"enemies":"Small Slimes","floor":1.0,"turns":1.0},{"damage":0.0,"enemies":"2 Louse","floor":5.0,"turns":1.0},{"damage":0.0,"enemies":"Lagavulin","floor":6.0,"turns":1.0},{"damage":8.0,"enemies":"Gremlin Nob","floor":8.0,"turns":3.0},{"damage":19.0,"enemies":"3 Sentries","floor":10.0,"turns":5.0},{"damage":0.0,"enemies":"Cultist","floor":11.0,"turns":3.0},{"damage":9.0,"enemies":"Exordium Wildlife","floor":13.0,"turns":4.0},{"damage":30.0,"enemies":"Hexaghost","floor":16.0,"turns":4.0},{"damage":7.0,"enemies":"Shell Parasite","floor":18.0,"turns":4.0},{"damage":10.0,"enemies":"Spheric Guardian","floor":19.0,"turns":4.0},{"damage":4.0,"enemies":"3 Cultists","floor":22.0,"turns":4.0},{"damage":23,"enemies":"Gremlin Leader","floor":23,"turns":7},{"damage":47,"enemies":"Slavers","floor":25,"turns":4}],"seed_played":"-1530896952189667056","potions_obtained":[{"floor":8.0,"key":"EssenceOfSteel"},{"floor":10.0,"key":"Swift Potion"},{"floor":16.0,"key":"FearPotion"}],"is_trial":false,"path_per_floor":["M","?","$","?","M","E","R","E","T","E","M","?","M","?","R","B",null,"M","M","$","?","M","E","R","E"],"character_chosen":"DEFECT","items_purchased":["Cold Snap","Loop","Anchor"],"campfire_rested":2,"item_purchase_floors":[3,20,20],"current_hp_per_floor":[64,64,64,64,64,64,64,56,56,37,37,37,28,28,62,32,56,49,39,39,39,35,12,46,0],"gold":132,"neow_bonus":"THREE_ENEMY_KILL","is_prod":false,"is_daily":false,"chose_seed":false,"campfire_upgraded":1,"win_rate":0,"timestamp":1554868190,"path_taken":["M","?","$","?","M","E","R","E","T","E","?","?","M","?","R","BOSS","M","M","?","?","M","E","R","E"],"build_version":"2019-04-04","purchased_purges":1,"victory":false,"max_hp_per_floor":[71,71,71,71,71,71,71,71,71,71,71,64,64,64,64,64,64,64,64,64,64,64,64,64,64],"card_choices":[{"not_picked":["Compile Driver","Hello World"],"picked":"Ball Lightning","floor":1.0},{"not_picked":["Conserve Battery","Tempest"],"picked":"Cold Snap","floor":5.0},{"not_picked":["Gash","Turbo"],"picked":"Static Discharge","floor":6.0},{"not_picked":["Aggregate","Leap","Barrage"],"picked":"SKIP","floor":8.0},{"not_picked":["Gash","Lockon"],"picked":"Sweeping Beam","floor":10.0},{"not_picked":["Beam Cell","Coolheaded"],"picked":"Thunder Strike","floor":11.0},{"not_picked":["Steam","Gash"],"picked":"Glacier","floor":13.0},{"not_picked":["Reboot","Multi-Cast"],"picked":"Electrodynamics","floor":16.0},{"not_picked":["Steam","Scrape"],"picked":"Coolheaded","floor":18.0},{"not_picked":["Stack","Sweeping Beam"],"picked":"Consume","floor":19.0},{"not_picked":["Redo","BootSequence","Sweeping Beam"],"picked":"SKIP","floor":22},{"not_picked":["Ball Lightning","Go for the Eyes"],"picked":"Echo Form","floor":23}],"player_experience":1391445,"relics_obtained":[{"floor":8.0,"key":"Centennial Puzzle"},{"floor":10.0,"key":"Regal Pillow"},{"floor":23,"key":"Potion Belt"}],"event_choices":[{"damage_healed":0.0,"max_hp_gain":0.0,"max_hp_loss":0.0,"gold_gain":0.0,"event_name":"Living Wall","player_choice":"Grow","floor":2.0,"gold_loss":0.0,"damage_taken":0.0,"cards_upgraded":["Zap"]},{"damage_healed":0.0,"max_hp_gain":0.0,"max_hp_loss":0.0,"gold_gain":0.0,"event_name":"Upgrade Shrine","player_choice":"Upgraded","floor":4.0,"gold_loss":0.0,"damage_taken":0.0,"cards_upgraded":["Ball Lightning"]},{"damage_healed":0.0,"max_hp_gain":0.0,"max_hp_loss":7.0,"gold_gain":0.0,"event_name":"Golden Idol","player_choice":"Lose Max HP","floor":12.0,"gold_loss":0.0,"damage_taken":0.0,"relics_obtained":["Golden Idol"]},{"cards_removed":["Strike_B"],"damage_healed":0.0,"max_hp_gain":0.0,"max_hp_loss":0.0,"gold_gain":0.0,"event_name":"Wheel of Change","player_choice":"Card Removal","floor":14.0,"gold_loss":0.0,"damage_taken":0.0},{"damage_healed":0.0,"max_hp_gain":0.0,"max_hp_loss":0.0,"gold_gain":50.0,"event_name":"Nest","player_choice":"Stole From Cult","floor":21.0,"gold_loss":0.0,"damage_taken":0.0}],"is_beta":true,"boss_relics":[{"not_picked":["Eternal Feather","Empty Cage"],"picked":"Sozu"}],"items_purged_floors":[20],"is_endless":false,"potions_floor_spawned":[8,10,11,16,22],"killed_by":"Slavers","ascension_level":20}