{"gold_per_floor":[211,229,247,44,44,82,82,117,117,117],"floor_reached":10,"playtime":410,"items_purged":["Strike_R"],"score":152,"play_id":"3d43abaf-4edc-4022-aa8f-162096dfe3a4","local_time":"20190216232618","is_ascension_mode":true,"campfire_choices":[{"data":"Inflame","floor":7.0,"key":"SMITH"}],"neow_cost":"NONE","seed_source_timestamp":0,"circlet_count":0,"master_deck":["AscendersBane","Strike_R","Strike_R","Strike_R","Strike_R","Defend_R","Defend_R","Defend_R","Defend_R","Bash","Thunderclap","Flame Barrier","Spot Weakness","Inflame+1","Battle Trance","Rage"],"special_seed":0,"relics":["Burning Blood","Golden Idol","Ancient Tea Set","Blue Candle","Molten Egg 2"],"potions_floor_usage":[],"damage_taken":[{"damage":10.0,"enemies":"Small Slimes","floor":1.0,"turns":6.0},{"damage":26.0,"enemies":"Jaw Worm","floor":2.0,"turns":5.0},{"damage":0.0,"enemies":"2 Louse","floor":3.0,"turns":2.0},{"damage":35.0,"enemies":"Lagavulin","floor":6.0,"turns":8.0},{"damage":18.0,"enemies":"3 Sentries","floor":8.0,"turns":10.0},{"damage":14,"enemies":"Gremlin Gang","floor":10,"turns":2}],"seed_played":"-3582109982537204756","potions_obtained":[{"floor":2.0,"key":"BloodPotion"},{"floor":6.0,"key":"EssenceOfSteel"}],"is_trial":false,"path_per_floor":["M","M","M","$","?","E","R","E","T","M"],"character_chosen":"IRONCLAD","items_purchased":["Spot Weakness","Inflame"],"campfire_rested":0,"item_purchase_floors":[4,4],"current_hp_per_floor":[64,44,50,50,50,27,27,15,15,1],"gold":117,"neow_bonus":"HUNDRED_GOLD","is_prod":false,"is_daily":false,"chose_seed":false,"campfire_upgraded":1,"win_rate":0,"timestamp":1550388378,"path_taken":["M","M","M","$","?","E","R","E","T","M"],"build_version":"2019-02-06","purchased_purges":1,"victory":false,"max_hp_per_floor":[75,75,75,75,68,68,68,68,68,68],"card_choices":[{"not_picked":["Clothesline","Wild Strike"],"picked":"Thunderclap","floor":1.0},{"not_picked":["Cleave","Thunderclap","Flex"],"picked":"SKIP","floor":2.0},{"not_picked":["Warcry","Dual Wield"],"picked":"Flame Barrier","floor":3.0},{"not_picked":["Uppercut","Cleave"],"picked":"Battle Trance","floor":6.0},{"not_picked":["Power Through","Carnage"],"picked":"Rage","floor":8.0}],"player_experience":1184982,"relics_obtained":[{"floor":6.0,"key":"Ancient Tea Set"},{"floor":8.0,"key":"Blue Candle"},{"floor":9.0,"key":"Molten Egg 2"}],"event_choices":[{"damage_healed":0.0,"max_hp_gain":0.0,"max_hp_loss":7.0,"gold_gain":0.0,"event_name":"Golden Idol","player_choice":"Lose Max HP","floor":5.0,"gold_loss":0.0,"damage_taken":0.0,"relics_obtained":["Golden Idol"]}],"is_beta":true,"boss_relics":[],"items_purged_floors":[4],"is_endless":false,"potions_floor_spawned":[2,6],"killed_by":"Gremlin Gang","ascension_level":20}