{"gold_per_floor":[110,130,130,148,73,73,148,183,208,36,36,56,56,70,70,142,142,154,173,190,37,54,54,84,84,84,118,118,135,135,135,135,210,210,226,226,226,236,286,316,316,83,159,174,174,174,191,206,206,206,206,206,206,26,26],"floor_reached":55,"playtime":2680,"items_purged":["Hyperbeam","Writhe"],"score":1920,"play_id":"9ac3a310-a116-4dcb-896c-aaec9eb7428a","local_time":"20190120193433","is_ascension_mode":true,"campfire_choices":[{"data":"Zap","floor":6.0,"key":"SMITH"},{"data":"Consume","floor":11.0,"key":"SMITH"},{"data":"Electrodynamics","floor":15.0,"key":"SMITH"},{"data":"Fission","floor":23.0,"key":"SMITH"},{"floor":25.0,"key":"REST"},{"floor":30.0,"key":"REST"},{"floor":32.0,"key":"REST"},{"data":"Capacitor","floor":46.0,"key":"SMITH"},{"floor":49,"key":"RECALL"},{"floor":53,"key":"REST"}],"neow_cost":"NONE","seed_source_timestamp":231306421846280,"circlet_count":0,"master_deck":["AscendersBane","Defend_B","Defend_B","Defend_B","Defend_B","Zap+1","Chaos+1","Compile Driver+1","Consume+1","Reinforced Body","Capacitor+1","Electrodynamics+1","Fission+1","Tempest","Glacier","Recycle","Echo Form","Core Surge","Reboot","Doom and Gloom","Thunder Strike","Coolheaded+1","Glacier+1","Hologram+1","Rainbow+1"],"special_seed":0,"relics":["Cracked Core","Juzu Bracelet","Regal Pillow","Snecko Eye","Dodecahedron","Bronze Scales","Inserter","Dream Catcher","Anchor","Toxic Egg 2"],"potions_floor_usage":[47],"damage_taken":[{"damage":8.0,"enemies":"2 Louse","floor":1.0,"turns":3.0},{"damage":3.0,"enemies":"Small Slimes","floor":2.0,"turns":3.0},{"damage":0.0,"enemies":"Cultist","floor":4.0,"turns":4.0},{"damage":15.0,"enemies":"Lagavulin","floor":8.0,"turns":6.0},{"damage":0.0,"enemies":"Blue Slaver","floor":12.0,"turns":3.0},{"damage":0.0,"enemies":"3 Louse","floor":14.0,"turns":3.0},{"damage":0.0,"enemies":"Slime Boss","floor":16.0,"turns":6.0},{"damage":11.0,"enemies":"2 Thieves","floor":18.0,"turns":3.0},{"damage":23.0,"enemies":"Shell Parasite","floor":19.0,"turns":9.0},{"damage":3.0,"enemies":"Centurion and Healer","floor":20.0,"turns":3.0},{"damage":3.0,"enemies":"Snake Plant","floor":22.0,"turns":4.0},{"damage":22.0,"enemies":"Book of Stabbing","floor":24.0,"turns":7.0},{"damage":29.0,"enemies":"Gremlin Leader","floor":27.0,"turns":8.0},{"damage":0.0,"enemies":"3 Cultists","floor":29.0,"turns":3.0},{"damage":21.0,"enemies":"Automaton","floor":33.0,"turns":8.0},{"damage":0.0,"enemies":"3 Shapes","floor":35.0,"turns":1.0},{"damage":0.0,"enemies":"3 Darklings","floor":38.0,"turns":2.0},{"damage":0.0,"enemies":"Giant Head","floor":40.0,"turns":7.0},{"damage":0.0,"enemies":"Spire Growth","floor":44.0,"turns":6.0},{"damage":1,"enemies":"Jaw Worm Horde","floor":47,"turns":4},{"damage":28,"enemies":"4 Shapes","floor":48,"turns":3},{"damage":3,"enemies":"Awakened One","floor":50,"turns":11},{"damage":25,"enemies":"Donu and Deca","floor":51,"turns":6},{"damage":72,"enemies":"Shield and Spear","floor":55,"turns":5}],"seed_played":"3090439201453632074","potions_obtained":[{"floor":1.0,"key":"Poison Potion"},{"floor":2.0,"key":"AttackPotion"},{"floor":16.0,"key":"PowerPotion"},{"floor":19.0,"key":"SkillPotion"},{"floor":20.0,"key":"SpeedPotion"},{"floor":22.0,"key":"Block Potion"},{"floor":27.0,"key":"AttackPotion"},{"floor":29.0,"key":"Ancient Potion"},{"floor":35.0,"key":"LiquidBronze"},{"floor":44.0,"key":"Block Potion"},{"floor":47,"key":"SteroidPotion"}],"is_trial":false,"path_per_floor":["M","M","?","M","?","R","?","E","T","$","R","M","?","M","R","B",null,"M","M","M","$","M","R","E","R","T","E","?","M","R","?","R","B",null,"M","?","?","M","?","E","?","$","T","M","?","R","M","M","R","B","B",null,"R","$","E"],"character_chosen":"DEFECT","items_purchased":["Capacitor","Core Surge","Hyperbeam","Anchor","LiquidBronze"],"campfire_rested":4,"item_purchase_floors":[10,10,21,42,54],"current_hp_per_floor":[56,53,32,32,32,32,32,17,17,17,17,17,40,40,40,40,63,52,29,26,26,23,23,1,37,37,8,8,8,44,44,71,50,66,66,66,66,66,59,59,59,59,59,59,71,71,70,42,42,39,14,57,71,71,0],"gold":26,"neow_bonus":"TRANSFORM_CARD","is_prod":false,"is_daily":false,"chose_seed":false,"campfire_upgraded":5,"win_rate":0,"timestamp":1548041673,"path_taken":["M","M","?","M","?","R","?","E","T","?","R","M","?","M","R","BOSS","M","M","M","$","M","R","E","R","T","E","?","M","R","?","R","BOSS","M","?","?","M","?","E","?","$","T","M","?","R","M","M","R","BOSS","BOSS","R","$","E"],"build_version":"2019-01-19","purchased_purges":2,"victory":false,"max_hp_per_floor":[71,71,71,71,71,71,71,71,71,71,71,71,71,71,71,71,71,71,71,71,71,71,71,71,71,71,71,71,71,71,71,71,71,71,71,71,71,71,71,71,71,71,71,71,71,71,71,71,71,71,71,71,71,71,71],"card_choices":[{"not_picked":["Coolheaded","Stack"],"picked":"Compile Driver","floor":1.0},{"not_picked":["Loop","Turbo"],"picked":"Consume","floor":2.0},{"not_picked":["Static Discharge","Steam"],"picked":"Reinforced Body","floor":4.0},{"not_picked":["Rebound","Rip and Tear","Doom and Gloom"],"picked":"SKIP","floor":8.0},{"not_picked":["Melter","Steam Power","Redo"],"picked":"SKIP","floor":12.0},{"not_picked":["Melter","Steam Power","Redo"],"picked":"SKIP","floor":12.0},{"not_picked":["Force Field","Sweeping Beam"],"picked":"Electrodynamics","floor":14.0},{"not_picked":["Hyperbeam","Machine Learning"],"picked":"Fission","floor":16.0},{"not_picked":["Melter+1","Leap","Darkness"],"picked":"SKIP","floor":18.0},{"not_picked":["Compile Driver","Sweeping Beam"],"picked":"Tempest","floor":19.0},{"not_picked":["Steam Power","Redo"],"picked":"Glacier","floor":20.0},{"not_picked":["Double Energy","Loop"],"picked":"Recycle","floor":22.0},{"not_picked":["Ball Lightning","Barrage","Loop"],"picked":"SKIP","floor":24.0},{"not_picked":["FTL","Redo+1"],"picked":"Echo Form","floor":27.0},{"not_picked":["Ball Lightning","Static Discharge","Doom and Gloom"],"picked":"SKIP","floor":29.0},{"not_picked":["Ball Lightning","Static Discharge"],"picked":"Doom and Gloom","floor":29.0},{"not_picked":["Fission","Amplify"],"picked":"Thunder Strike","floor":33.0},{"not_picked":["Barrage","Streamline"],"picked":"Coolheaded+1","floor":35.0},{"not_picked":["Ball Lightning","Rebound","Cold Snap+1"],"picked":"SKIP","floor":38.0},{"not_picked":["BootSequence","Steam+1","Redo"],"picked":"SKIP","floor":40.0},{"not_picked":["Blizzard","Steam+1"],"picked":"Glacier+1","floor":44.0},{"not_picked":["Redo+1","Beam Cell","Turbo+1"],"picked":"SKIP","floor":47},{"not_picked":["Beam Cell","Capacitor"],"picked":"Hologram+1","floor":48},{"not_picked":["Coolheaded+1","Skim+1"],"picked":"Rainbow+1","floor":53}],"player_experience":994141,"relics_obtained":[{"floor":8.0,"key":"Juzu Bracelet"},{"floor":9.0,"key":"Regal Pillow"},{"floor":24.0,"key":"Dodecahedron"},{"floor":27.0,"key":"Bronze Scales"},{"floor":40.0,"key":"Dream Catcher"},{"floor":43.0,"key":"Toxic Egg 2"}],"event_choices":[{"damage_healed":0.0,"max_hp_gain":0.0,"max_hp_loss":0.0,"gold_gain":0.0,"event_name":"Shining Light","player_choice":"Entered Light","floor":3.0,"gold_loss":0.0,"damage_taken":21.0,"cards_upgraded":["Compile Driver","Chaos"]},{"cards_removed":["Strike_B"],"damage_healed":0.0,"max_hp_gain":0.0,"max_hp_loss":0.0,"gold_gain":0.0,"event_name":"The Cleric","player_choice":"Card Removal","floor":5.0,"gold_loss":75.0,"damage_taken":0.0},{"damage_healed":0.0,"max_hp_gain":0.0,"max_hp_loss":0.0,"gold_gain":75.0,"event_name":"Golden Wing","player_choice":"Gained Gold","floor":7.0,"gold_loss":0.0,"damage_taken":0.0},{"damage_healed":23.0,"max_hp_gain":0.0,"max_hp_loss":0.0,"gold_gain":0.0,"event_name":"Big Fish","player_choice":"Banana","floor":13.0,"gold_loss":0.0,"damage_taken":0.0},{"damage_healed":0.0,"max_hp_gain":0.0,"max_hp_loss":0.0,"gold_gain":0.0,"cards_transformed":["Strike_B","Strike_B"],"event_name":"Drug Dealer","player_choice":"Became Test Subject","floor":28.0,"gold_loss":0.0,"damage_taken":0.0,"cards_obtained":["Core Surge","Reboot"]},{"cards_removed":["Dualcast"],"damage_healed":0.0,"max_hp_gain":0.0,"max_hp_loss":0.0,"gold_gain":0.0,"event_name":"Purifier","player_choice":"Purged","floor":31.0,"gold_loss":0.0,"damage_taken":0.0},{"damage_healed":0.0,"max_hp_gain":0.0,"max_hp_loss":0.0,"gold_gain":0.0,"event_name":"Tomb of Lord Red Mask","player_choice":"Ignored","floor":36.0,"gold_loss":0.0,"damage_taken":0.0},{"cards_removed":["Core Surge"],"damage_healed":0.0,"max_hp_gain":0.0,"max_hp_loss":0.0,"gold_gain":0.0,"event_name":"Falling","player_choice":"Removed Attack","floor":37.0,"gold_loss":0.0,"damage_taken":0.0},{"damage_healed":0.0,"max_hp_gain":0.0,"max_hp_loss":0.0,"gold_gain":50.0,"event_name":"FaceTrader","player_choice":"Touch","floor":39.0,"gold_loss":0.0,"damage_taken":7.0},{"damage_healed":0.0,"max_hp_gain":0.0,"max_hp_loss":0.0,"gold_gain":0.0,"event_name":"SensoryStone","player_choice":"Memory 1","floor":41.0,"gold_loss":0.0,"damage_taken":0.0},{"damage_healed":14.0,"max_hp_gain":0.0,"max_hp_loss":0.0,"gold_gain":0.0,"event_name":"Winding Halls","player_choice":"Writhe","floor":45.0,"gold_loss":0.0,"damage_taken":0.0,"cards_obtained":["Writhe"]}],"is_beta":true,"boss_relics":[{"not_picked":["Calling Bell","FrozenCore"],"picked":"Snecko Eye"},{"not_picked":["Fusion Hammer","Tiny House"],"picked":"Inserter"}],"items_purged_floors":[42,54],"is_endless":false,"potions_floor_spawned":[1,2,16,19,20,22,27,29,35,38,44,47],"killed_by":"Shield and Spear","ascension_level":20}