{"gold_per_floor":[118,118,133,153,153,153,181,181,181,24,24,54,54,64,64,160,160,171,182,282,292,302,335,347,378,468,480,504,516,628,652,664,776,788,819,251,261,278,297,297,316,316,316,331,350,350,350,350,350,350],"floor_reached":51,"playtime":4647,"items_purged":["Strike_B"],"score":696,"play_id":"69d3b77d-8f80-414c-a385-354f40cc8cf6","local_time":"20190419115942","is_ascension_mode":false,"campfire_choices":[{"data":"Coolheaded","floor":6,"key":"SMITH"},{"data":"Machine Learning","floor":8,"key":"SMITH"},{"data":"Compile Driver","floor":11,"key":"SMITH"},{"data":"Conserve Battery","floor":15,"key":"SMITH"},{"floor":24,"key":"REST"},{"floor":27,"key":"REST"},{"data":"Creative AI","floor":32,"key":"SMITH"},{"floor":40,"key":"REST"},{"data":"Steam","floor":42,"key":"SMITH"},{"data":"White Noise","floor":47,"key":"SMITH"},{"data":"Dualcast","floor":49,"key":"SMITH"}],"neow_cost":"NONE","seed_source_timestamp":252790501717376,"circlet_count":0,"master_deck":["Strike_B","Strike_B","Defend_B","Defend_B","Defend_B","Defend_B","Zap+1","Dualcast+1","Leap","Coolheaded+1","Hologram","Compile Driver+1","Machine Learning+1","Conserve Battery+1","Core Surge","Static Discharge+1","Steam+1","Darkness","White Noise+1","Creative AI+1","Beam Cell+1","Core Surge","Aggregate+1","Self Repair","Glacier","Ball Lightning+1","Self Repair+1","Melter+1","BootSequence+1"],"relics":["Cracked Core","Du-Vu Doll","StoneCalendar","DataDisk","Juzu Bracelet","Sozu","FossilizedHelix","Symbiotic Virus","MawBank","Mercury Hourglass","White Beast Statue","Incense Burner","OrangePellets","Blood Vial"],"potions_floor_usage":[],"damage_taken":[{"damage":6,"enemies":"Jaw Worm","floor":1,"turns":4},{"damage":0,"enemies":"Cultist","floor":3,"turns":3},{"damage":0,"enemies":"Small Slimes","floor":4,"turns":3},{"damage":20,"enemies":"3 Sentries","floor":7,"turns":9},{"damage":0,"enemies":"3 Louse","floor":14,"turns":4},{"damage":15,"enemies":"The Guardian","floor":16,"turns":8},{"damage":8,"enemies":"2 Thieves","floor":18,"turns":4},{"damage":0,"enemies":"Chosen","floor":19,"turns":5},{"damage":19,"enemies":"Colosseum Slavers","floor":20,"turns":3},{"damage":26,"enemies":"Colosseum Nobs","floor":20,"turns":5},{"damage":0,"enemies":"Sentry and Sphere","floor":21,"turns":5},{"damage":2,"enemies":"Chosen and Byrds","floor":22,"turns":5},{"damage":20,"enemies":"Slavers","floor":23,"turns":5},{"damage":0,"enemies":"Cultist and Chosen","floor":25,"turns":6},{"damage":0,"enemies":"Centurion and Healer","floor":28,"turns":4},{"damage":0,"enemies":"Snecko","floor":31,"turns":5},{"damage":0,"enemies":"Collector","floor":33,"turns":8},{"damage":11,"enemies":"3 Shapes","floor":35,"turns":4},{"damage":20,"enemies":"3 Darklings","floor":37,"turns":4},{"damage":20,"enemies":"Writhing Mass","floor":38,"turns":5},{"damage":0,"enemies":"Transient","floor":39,"turns":5},{"damage":27,"enemies":"3 Darklings","floor":41,"turns":6},{"damage":0,"enemies":"Maw","floor":44,"turns":7},{"damage":6,"enemies":"Spire Growth","floor":45,"turns":6},{"damage":60,"enemies":"Donu and Deca","floor":50,"turns":9}],"seed_played":"7590004899224485718","potions_obtained":[{"floor":14,"key":"Strength Potion"},{"floor":16,"key":"EssenceOfSteel"}],"is_trial":false,"path_per_floor":["M","?","M","M","?","R","E","R","T","$","R","?","$","M","R","B",null,"M","M","?","M","M","E","R","M","T","R","M","?","?","M","R","B",null,"M","$","M","M","M","R","M","R","T","M","M","?","R","?","R","B",null],"character_chosen":"DEFECT","items_purchased":["DataDisk","Incense Burner","OrangePellets"],"campfire_rested":3,"item_purchase_floors":[10,36,36],"current_hp_per_floor":[69,69,69,69,74,74,54,54,54,54,54,54,54,54,54,39,80,72,72,27,27,25,5,29,29,29,53,53,79,79,79,79,79,80,69,69,49,36,43,67,47,47,47,66,79,76,76,76,76,23],"gold":350,"neow_bonus":"TRANSFORM_CARD","is_prod":false,"is_daily":false,"chose_seed":false,"campfire_upgraded":8,"win_rate":0.0,"timestamp":1555655382,"path_taken":["M","?","M","?","?","R","E","R","T","$","R","?","?","M","R","BOSS","M","M","?","M","M","E","R","M","T","R","M","?","?","M","R","BOSS","M","$","M","M","M","R","M","R","T","M","M","?","R","?","R","BOSS"],"build_version":"2019-01-23","purchased_purges":1,"victory":true,"max_hp_per_floor":[75,75,75,75,80,80,80,80,80,80,80,80,80,80,80,80,80,80,80,80,80,80,80,80,80,80,80,80,80,80,80,80,80,80,80,80,80,80,80,80,80,80,80,80,80,76,76,76,76,76],"card_choices":[{"not_picked":["Streamline","Steam"],"picked":"Coolheaded","floor":1},{"not_picked":["Scrape","Gash"],"picked":"Hologram","floor":3},{"not_picked":["Steam","Sweeping Beam"],"picked":"Compile Driver","floor":4},{"not_picked":["Barrage","Turbo"],"picked":"Machine Learning","floor":7},{"not_picked":["Streamline","Glacier"],"picked":"Conserve Battery","floor":14},{"not_picked":["Machine Learning","Electrodynamics"],"picked":"Core Surge","floor":16},{"not_picked":["Rebound","Chaos+1"],"picked":"Static Discharge+1","floor":18},{"not_picked":["Coolheaded","Gash"],"picked":"Steam","floor":19},{"not_picked":["Reinforced Body","Rebound"],"picked":"Hologram","floor":20},{"not_picked":["Barrage","Leap"],"picked":"Darkness","floor":21},{"not_picked":["Hologram","Chaos"],"picked":"White Noise","floor":22},{"not_picked":["Chaos","Conserve Battery","Double Energy"],"picked":"SKIP","floor":23},{"not_picked":["Beam Cell","Hologram+1"],"picked":"Creative AI","floor":25},{"not_picked":["Rebound","Reprogram"],"picked":"Beam Cell+1","floor":28},{"not_picked":["Gash","Aggregate","Lockon+1"],"picked":"SKIP","floor":31},{"not_picked":["Biased Cognition","Multi-Cast"],"picked":"Core Surge","floor":33},{"not_picked":["Cold Snap","Hologram+1"],"picked":"Aggregate+1","floor":35},{"not_picked":["Recycle+1","Hologram"],"picked":"Self Repair","floor":37},{"not_picked":["Hello World+1","Sweeping Beam"],"picked":"Glacier","floor":38},{"not_picked":["Reprogram+1","Compile Driver"],"picked":"Ball Lightning+1","floor":39},{"not_picked":["Stack","Rebound+1"],"picked":"Self Repair+1","floor":41},{"not_picked":["Storm+1","Lockon"],"picked":"Melter+1","floor":44},{"not_picked":["Fusion+1","Go for the Eyes"],"picked":"BootSequence+1","floor":45}],"player_experience":59222,"relics_obtained":[{"floor":7,"key":"Du-Vu Doll"},{"floor":9,"key":"StoneCalendar"},{"floor":20,"key":"FossilizedHelix"},{"floor":20,"key":"Symbiotic Virus"},{"floor":23,"key":"MawBank"},{"floor":26,"key":"Mercury Hourglass"},{"floor":43,"key":"Blood Vial"}],"event_choices":[{"damage_healed":0,"gold_gain":0,"player_choice":"Upgraded","damage_taken":0,"max_hp_gain":0,"max_hp_loss":0,"event_name":"Upgrade Shrine","floor":2,"gold_loss":0,"cards_upgraded":["Zap"]},{"damage_healed":0,"gold_gain":0,"player_choice":"Donut","damage_taken":0,"max_hp_gain":5,"max_hp_loss":0,"event_name":"Big Fish","floor":5,"gold_loss":0},{"damage_healed":0,"gold_gain":30,"player_choice":"Searched \u00273\u0027 times","damage_taken":0,"relics_obtained":["Juzu Bracelet"],"max_hp_gain":0,"max_hp_loss":0,"event_name":"Dead Adventurer","floor":12,"gold_loss":0},{"damage_healed":0,"gold_gain":0,"player_choice":"Fight","damage_taken":0,"max_hp_gain":0,"max_hp_loss":0,"event_name":"Colosseum","floor":20,"gold_loss":0},{"damage_healed":0,"gold_gain":0,"player_choice":"Fought Nobs","damage_taken":0,"max_hp_gain":0,"max_hp_loss":0,"event_name":"Colosseum","floor":20,"gold_loss":0},{"damage_healed":26,"gold_gain":0,"player_choice":"Heal","damage_taken":0,"max_hp_gain":0,"max_hp_loss":0,"event_name":"The Library","floor":29,"gold_loss":0},{"damage_healed":0,"gold_gain":100,"player_choice":"Pray","damage_taken":0,"max_hp_gain":0,"max_hp_loss":0,"event_name":"Golden Shrine","floor":30,"gold_loss":0},{"damage_healed":0,"gold_gain":0,"player_choice":"Max HP","damage_taken":0,"max_hp_gain":0,"max_hp_loss":4,"event_name":"Winding Halls","floor":46,"gold_loss":0},{"cards_removed":["Hologram"],"damage_healed":0,"gold_gain":0,"player_choice":"Removed Skill","damage_taken":0,"max_hp_gain":0,"max_hp_loss":0,"event_name":"Falling","floor":48,"gold_loss":0}],"is_beta":false,"boss_relics":[{"not_picked":["Snecko Eye","Velvet Choker"],"picked":"Sozu"},{"not_picked":["Runic Dome","Coffee Dripper"],"picked":"White Beast Statue"}],"items_purged_floors":[36],"is_endless":false,"potions_floor_spawned":[14,16,19,22,25,31,33,35,37,38,39,41,44,45],"ascension_level":0}