{"gold_per_floor":[109,184,200,200,88,117,117,117,144,183,198,198,237,258,258,383,383,402,103,103,43,43,43,62,62,62,62,80,149,167,185,185,304,304,323,323,347,327,55,78,78,99,124,149,209,261,273,301,313,325],"floor_reached":51,"playtime":5061,"items_purged":["Defend_G","Strike_G","Strike_G"],"score":740,"play_id":"a5afb392-3542-4712-adbe-e3510f493aef","local_time":"20190418174321","is_ascension_mode":false,"campfire_choices":[{"data":"Footwork","floor":8,"key":"SMITH"},{"data":"Tactician","floor":12,"key":"SMITH"},{"floor":15,"key":"REST"},{"floor":23,"key":"REST"},{"floor":25,"key":"REST"},{"floor":27,"key":"REST"},{"data":"A Thousand Cuts","floor":32,"key":"SMITH"},{"data":"After Image","floor":47,"key":"SMITH"},{"data":"Envenom","floor":49,"key":"SMITH"}],"neow_cost":"NONE","seed_source_timestamp":186598219271312,"circlet_count":0,"master_deck":["Defend_G+1","Defend_G","Defend_G","Strike_G","Survivor+1","Neutralize","Bane","Endless Agony","Footwork+1","Distraction","Venomology","Tactician+1","Well Laid Plans","Deadly Poison","A Thousand Cuts+1","Leg Sweep+1","Dagger Throw+1","Flechettes","Masterful Stab+1","Prepared+1","Dagger Throw+1","Poisoned Stab","After Image+1","Bane+1","Distraction+1","Masterful Stab+1","Writhe","Blur+1","Envenom+1","Blade Dance+1"],"relics":["Ring of the Snake","NeowsBlessing","War Paint","Question Card","Golden Idol","Ancient Tea Set","Mummified Hand","Paper Crane","Empty Cage","TheAbacus","Enchiridion","Meat on the Bone","Tiny Chest","Coffee Dripper","Centennial Puzzle","MawBank","Bronze Scales","Unceasing Top"],"potions_floor_usage":[11,13,16,16,18,28,29,30,31,33,33,33,33,42,44,46,50],"damage_taken":[{"damage":0,"enemies":"Small Slimes","floor":1,"turns":1},{"damage":0,"enemies":"Jaw Worm","floor":3,"turns":1},{"damage":0,"enemies":"Lagavulin","floor":6,"turns":1},{"damage":16,"enemies":"Gremlin Nob","floor":10,"turns":6},{"damage":5,"enemies":"2 Louse","floor":11,"turns":6},{"damage":0,"enemies":"3 Sentries","floor":13,"turns":9},{"damage":1,"enemies":"Blue Slaver","floor":14,"turns":4},{"damage":16,"enemies":"Slime Boss","floor":16,"turns":15},{"damage":10,"enemies":"Shell Parasite","floor":18,"turns":8},{"damage":25,"enemies":"Colosseum Slavers","floor":20,"turns":5},{"damage":8,"enemies":"2 Thieves","floor":21,"turns":4},{"damage":10,"enemies":"Chosen and Byrds","floor":24,"turns":9},{"damage":12,"enemies":"Snake Plant","floor":28,"turns":5},{"damage":18,"enemies":"Slavers","floor":29,"turns":5},{"damage":0,"enemies":"Centurion and Healer","floor":30,"turns":8},{"damage":0,"enemies":"Snecko","floor":31,"turns":5},{"damage":37,"enemies":"Collector","floor":33,"turns":9},{"damage":7,"enemies":"Orb Walker","floor":35,"turns":4},{"damage":3,"enemies":"3 Shapes","floor":37,"turns":2},{"damage":10,"enemies":"Spire Growth","floor":40,"turns":5},{"damage":17,"enemies":"Maw","floor":42,"turns":8},{"damage":16,"enemies":"Sphere and 2 Shapes","floor":44,"turns":13},{"damage":2,"enemies":"Giant Head","floor":46,"turns":9},{"damage":0,"enemies":"4 Shapes","floor":48,"turns":2},{"damage":31,"enemies":"Donu and Deca","floor":50,"turns":11}],"seed_played":"-2258530751950011219","potions_obtained":[{"floor":6,"key":"Regen Potion"},{"floor":10,"key":"SteroidPotion"},{"floor":14,"key":"Poison Potion"},{"floor":24,"key":"EssenceOfSteel"},{"floor":31,"key":"GhostInAJar"},{"floor":38,"key":"Strength Potion"},{"floor":42,"key":"Dexterity Potion"},{"floor":48,"key":"PowerPotion"}],"is_trial":false,"path_per_floor":["M","?","M","?","$","E","?","R","T","E","M","R","E","M","R","B",null,"M","$","?","M","?","R","M","R","T","R","M","E","M","M","R","B",null,"M","?","M","?","$","M","?","M","T","M","T","E","R","M","R","B",null],"character_chosen":"THE_SILENT","items_purchased":["Footwork","TheAbacus","Centennial Puzzle"],"campfire_rested":4,"item_purchase_floors":[5,19,39],"current_hp_per_floor":[70,59,59,52,52,52,52,52,52,36,46,46,46,45,64,48,65,63,63,38,30,14,33,23,42,42,61,49,43,43,43,43,18,65,58,58,55,55,55,45,61,44,44,40,40,38,38,38,38,19],"gold":337,"neow_bonus":"THREE_ENEMY_KILL","is_prod":false,"is_daily":false,"chose_seed":false,"campfire_upgraded":5,"win_rate":0.0,"timestamp":1555589601,"path_taken":["M","?","M","?","$","E","?","R","T","E","M","R","E","M","R","BOSS","M","$","?","M","?","R","M","R","T","R","M","E","M","M","R","BOSS","M","?","M","?","$","?","?","M","T","M","?","E","R","M","R","BOSS"],"build_version":"2019-01-23","purchased_purges":3,"victory":true,"max_hp_per_floor":[70,70,70,70,70,70,65,65,65,65,65,65,65,65,65,65,65,65,65,65,65,65,65,65,65,65,65,65,65,65,65,65,65,65,65,65,65,65,65,65,65,65,65,65,65,65,65,65,65,65],"card_choices":[{"not_picked":["Blade Dance","Terror"],"picked":"Bane","floor":1},{"not_picked":["Sucker Punch","Backstab"],"picked":"Endless Agony","floor":3},{"not_picked":["Dash","Outmaneuver"],"picked":"Distraction","floor":6},{"not_picked":["Underhanded Strike","PiercingWail","Deflect"],"picked":"Venomology","floor":10},{"not_picked":["Dash","Acrobatics","Dagger Spray"],"picked":"Tactician","floor":11},{"not_picked":["Reflex","Deflect","Expertise"],"picked":"Well Laid Plans","floor":13},{"not_picked":["Bane","Slice","Dagger Spray"],"picked":"Deadly Poison","floor":14},{"not_picked":["Malaise","Bullet Time","Corpse Explosion"],"picked":"A Thousand Cuts","floor":16},{"not_picked":["Prepared","PiercingWail","Escape Plan"],"picked":"Leg Sweep+1","floor":18},{"not_picked":["Noxious Fumes","Backflip","Sucker Punch"],"picked":"Dagger Throw+1","floor":21},{"not_picked":["Backstab+1","Endless Agony","Outmaneuver"],"picked":"Flechettes","floor":24},{"not_picked":["Bane","Outmaneuver","Flying Knee"],"picked":"Masterful Stab+1","floor":28},{"not_picked":["Calculated Gamble","Underhanded Strike","Bouncing Flask"],"picked":"Prepared+1","floor":29},{"not_picked":["Corpse Explosion","Flying Knee","Bane"],"picked":"Dagger Throw+1","floor":30},{"not_picked":["Deflect","Backstab","Acrobatics"],"picked":"Poisoned Stab","floor":31},{"not_picked":["Burst","Glass Knife","Wraith Form v2"],"picked":"After Image","floor":33},{"not_picked":["Blade Dance+1","Dagger Spray","Deadly Poison+1"],"picked":"Bane+1","floor":35},{"not_picked":["PiercingWail","Dodge and Roll+1","Deflect"],"picked":"Distraction+1","floor":37},{"not_picked":["Underhanded Strike","Bane+1","Tools of the Trade"],"picked":"Masterful Stab+1","floor":40},{"not_picked":["Poisoned Stab+1","Distraction","Escape Plan","Expertise"],"picked":"SKIP","floor":42},{"not_picked":["Quick Slash","All Out Attack","Blade Dance+1"],"picked":"Blur+1","floor":44},{"not_picked":["Dash","Corpse Explosion","PiercingWail+1"],"picked":"Envenom","floor":46},{"not_picked":["Well Laid Plans","Prepared","Underhanded Strike+1"],"picked":"Blade Dance+1","floor":48}],"player_experience":43004,"relics_obtained":[{"floor":6,"key":"Question Card"},{"floor":9,"key":"Ancient Tea Set"},{"floor":10,"key":"Mummified Hand"},{"floor":13,"key":"Paper Crane"},{"floor":22,"key":"Enchiridion"},{"floor":26,"key":"Meat on the Bone"},{"floor":29,"key":"Tiny Chest"},{"floor":43,"key":"MawBank"},{"floor":45,"key":"Bronze Scales"},{"floor":46,"key":"Unceasing Top"}],"event_choices":[{"damage_healed":0,"gold_gain":75,"player_choice":"Gather Gold","damage_taken":11,"max_hp_gain":0,"max_hp_loss":0,"event_name":"World of Goop","floor":2,"gold_loss":0},{"damage_healed":0,"gold_gain":0,"player_choice":"Success","damage_taken":7,"relics_obtained":["War Paint"],"max_hp_gain":0,"max_hp_loss":0,"event_name":"Scrap Ooze","floor":4,"gold_loss":0},{"damage_healed":0,"gold_gain":0,"player_choice":"Lose Max HP","damage_taken":0,"relics_obtained":["Golden Idol"],"max_hp_gain":0,"max_hp_loss":5,"event_name":"Golden Idol","floor":7,"gold_loss":0},{"damage_healed":0,"gold_gain":0,"player_choice":"Fight","damage_taken":0,"max_hp_gain":0,"max_hp_loss":0,"event_name":"Colosseum","floor":20,"gold_loss":0},{"damage_healed":0,"gold_gain":0,"player_choice":"Fled From Nobs","damage_taken":0,"max_hp_gain":0,"max_hp_loss":0,"event_name":"Colosseum","floor":20,"gold_loss":0},{"damage_healed":0,"gold_gain":0,"player_choice":"Obtained Book","damage_taken":16,"max_hp_gain":0,"max_hp_loss":0,"event_name":"Cursed Tome","floor":22,"gold_loss":0},{"cards_removed":["Defend_G"],"damage_healed":0,"gold_gain":0,"player_choice":"Removed Skill","damage_taken":0,"max_hp_gain":0,"max_hp_loss":0,"event_name":"Falling","floor":36,"gold_loss":0},{"damage_healed":0,"gold_gain":0,"player_choice":"Bought 1 Potion","damage_taken":0,"max_hp_gain":0,"max_hp_loss":0,"event_name":"The Woman in Blue","floor":38,"gold_loss":0},{"damage_healed":16,"gold_gain":0,"player_choice":"Writhe","damage_taken":0,"max_hp_gain":0,"max_hp_loss":0,"event_name":"Winding Halls","floor":41,"gold_loss":0,"cards_obtained":["Writhe"]}],"is_beta":false,"boss_relics":[{"not_picked":["Lizard Tail","Sozu"],"picked":"Empty Cage"},{"not_picked":["White Beast Statue","HoveringKite"],"picked":"Coffee Dripper"}],"items_purged_floors":[5,19,39],"is_endless":false,"potions_floor_spawned":[6,10,14,24,30,31,42,46,48],"ascension_level":0}