{"gold_per_floor":[112,187,201,201,72,105,105,138,138,149,149,160,176,187,187,266,266,279,279,179,196,196,196,228,228,228,243,263,263,263],"floor_reached":30,"playtime":942,"items_purged":["Strike_B","Strike_B"],"score":570,"play_id":"4bca096a-995c-4048-959d-bbf721fa8c42","local_time":"20190222015212","is_ascension_mode":true,"campfire_choices":[{"data":"Ball Lightning","floor":7.0,"key":"SMITH"},{"data":"Coolheaded","floor":15,"key":"SMITH"},{"data":"Creative AI","floor":23,"key":"SMITH"},{"floor":25,"key":"REST"}],"neow_cost":"NONE","seed_source_timestamp":2252747398293007,"circlet_count":0,"master_deck":["AscendersBane","Strike_B","Defend_B","Defend_B","Defend_B","Defend_B","Zap+1","Dualcast","Ball Lightning+1","Coolheaded+1","Conserve Battery","Cold Snap","Ball Lightning","Ball Lightning","Creative AI+1","Glacier","Self Repair+1","Rainbow","Steam"],"special_seed":0,"relics":["Cracked Core","NeowsBlessing","Emotion Chip","Pen Nib","Prayer Wheel","Inserter","FaceOfCleric","Lantern","Regal Pillow"],"potions_floor_usage":[8,16,21,24],"damage_taken":[{"damage":0.0,"enemies":"Jaw Worm","floor":1.0,"turns":1.0},{"damage":0.0,"enemies":"Small Slimes","floor":3.0,"turns":1.0},{"damage":0.0,"enemies":"Gremlin Nob","floor":6.0,"turns":1.0},{"damage":15,"enemies":"Lagavulin","floor":8,"turns":7},{"damage":0,"enemies":"Cultist","floor":10,"turns":2},{"damage":1,"enemies":"2 Fungi Beasts","floor":12,"turns":3},{"damage":4,"enemies":"Red Slaver","floor":13,"turns":2},{"damage":1,"enemies":"Looter","floor":14,"turns":3},{"damage":6,"enemies":"Slime Boss","floor":16,"turns":5},{"damage":16,"enemies":"Shell Parasite","floor":18,"turns":5},{"damage":23,"enemies":"3 Byrds","floor":21,"turns":5},{"damage":24,"enemies":"Book of Stabbing","floor":24,"turns":5},{"damage":37,"enemies":"Shelled Parasite and Fungi","floor":27,"turns":15},{"damage":15,"enemies":"Snake Plant","floor":28,"turns":4},{"damage":3,"enemies":"Centurion and Healer","floor":30,"turns":6}],"seed_played":"5928444851717981322","potions_obtained":[{"floor":3.0,"key":"PowerPotion"},{"floor":6.0,"key":"Ancient Potion"},{"floor":10,"key":"FocusPotion"},{"floor":13,"key":"AttackPotion"},{"floor":18,"key":"Regen Potion"},{"floor":27,"key":"SteroidPotion"},{"floor":28,"key":"Fire Potion"}],"is_trial":false,"path_per_floor":["M","?","M","?","$","E","R","E","T","M","?","M","M","M","R","B",null,"M","?","$","M","?","R","E","R","T","M","M","?","M"],"character_chosen":"DEFECT","items_purchased":["Ball Lightning"],"campfire_rested":1,"item_purchase_floors":[5],"current_hp_per_floor":[64,53,53,53,53,53,53,38,38,38,31,30,26,25,25,19,58,42,42,42,33,33,33,20,41,41,25,11,11,8],"gold":263,"neow_bonus":"THREE_ENEMY_KILL","is_prod":false,"is_daily":false,"chose_seed":false,"campfire_upgraded":3,"win_rate":0,"timestamp":1550829132,"path_taken":["M","?","M","?","$","E","R","E","T","M","?","?","M","M","R","BOSS","M","?","$","M","?","R","E","R","T","M","?","?","?"],"build_version":"2019-02-06","purchased_purges":2,"victory":false,"max_hp_per_floor":[71,71,71,71,71,71,71,71,71,71,71,71,71,71,71,71,71,71,71,71,71,71,71,72,72,72,73,74,74,74],"card_choices":[{"not_picked":["Compile Driver","Redo","Steam"],"picked":"SKIP","floor":1.0},{"not_picked":["Aggregate","Steam","Hologram"],"picked":"SKIP","floor":3.0},{"not_picked":["Recycle","Heatsinks","All For One"],"picked":"SKIP","floor":6.0},{"not_picked":["Conserve Battery","Chaos"],"picked":"Coolheaded","floor":8},{"not_picked":["Steam","Sweeping Beam"],"picked":"Conserve Battery","floor":10},{"not_picked":["Streamline","Static Discharge"],"picked":"Cold Snap","floor":10},{"not_picked":["Leap","Chill"],"picked":"Ball Lightning","floor":12},{"not_picked":["Loop","Leap","Force Field"],"picked":"SKIP","floor":12},{"not_picked":["Loop","Leap","Force Field"],"picked":"SKIP","floor":12},{"not_picked":["Conserve Battery","Lockon","Chill"],"picked":"SKIP","floor":13},{"not_picked":["Stack","Streamline","Go for the Eyes"],"picked":"SKIP","floor":13},{"not_picked":["Auto Shields","Rebound"],"picked":"Ball Lightning","floor":14},{"not_picked":["Rebound","Leap","White Noise"],"picked":"SKIP","floor":14},{"not_picked":["Seek","Machine Learning"],"picked":"Creative AI","floor":16},{"not_picked":["Auto Shields","Steam"],"picked":"Glacier","floor":18},{"not_picked":["Lockon+1","Leap+1","Beam Cell"],"picked":"SKIP","floor":18},{"not_picked":["Gash","Cold Snap"],"picked":"Self Repair+1","floor":21},{"not_picked":["Compile Driver","Turbo","Tempest"],"picked":"SKIP","floor":21},{"not_picked":["Redo+1","Stack","Scrape"],"picked":"SKIP","floor":24},{"not_picked":["Rebound","Melter"],"picked":"Rainbow","floor":27},{"not_picked":["Barrage","Gash","Redo"],"picked":"SKIP","floor":27},{"not_picked":["Storm","Streamline"],"picked":"Steam","floor":28},{"not_picked":["Turbo","Scrape+1","Sweeping Beam"],"picked":"SKIP","floor":28}],"player_experience":1221836,"relics_obtained":[{"floor":6.0,"key":"Emotion Chip"},{"floor":8,"key":"Pen Nib"},{"floor":9,"key":"Prayer Wheel"},{"floor":24,"key":"Lantern"},{"floor":26,"key":"Regal Pillow"}],"event_choices":[{"damage_healed":0.0,"max_hp_gain":0.0,"max_hp_loss":0.0,"gold_gain":75.0,"event_name":"World of Goop","player_choice":"Gather Gold","floor":2.0,"gold_loss":0.0,"damage_taken":11.0},{"damage_healed":0.0,"max_hp_gain":0.0,"max_hp_loss":0.0,"gold_gain":0.0,"event_name":"Living Wall","player_choice":"Grow","floor":4.0,"gold_loss":0.0,"damage_taken":0.0,"cards_upgraded":["Zap"]},{"cards_removed":["Strike_B"],"damage_healed":0,"gold_gain":0,"player_choice":"Card Removal","damage_taken":7,"max_hp_gain":0,"max_hp_loss":0,"event_name":"Golden Wing","floor":11,"gold_loss":0},{"damage_healed":0,"gold_gain":0,"player_choice":"Ignored","damage_taken":0,"max_hp_gain":0,"max_hp_loss":0,"event_name":"Vampires","floor":19,"gold_loss":0},{"damage_healed":0,"gold_gain":0,"player_choice":"Trade","damage_taken":0,"relics_obtained":["FaceOfCleric"],"max_hp_gain":0,"max_hp_loss":0,"event_name":"FaceTrader","floor":22,"gold_loss":0},{"damage_healed":0,"gold_gain":0,"player_choice":"Ignored","damage_taken":0,"max_hp_gain":0,"max_hp_loss":0,"event_name":"N\u0027loth","floor":29,"gold_loss":0}],"is_beta":true,"boss_relics":[{"not_picked":["Empty Cage","Pandora\u0027s Box"],"picked":"Inserter"}],"items_purged_floors":[5,20],"is_endless":false,"potions_floor_spawned":[3,6,10,13,14,18,27,28],"killed_by":"Centurion and Healer","ascension_level":20}