{"gold_per_floor":[115,4,16,33,33,33,33,52,104,134,134,159,159,70,70,141,141,151,170,170,38,54,54,85,85,165,195,195,207,207,238,238,313,313,330,350,362,362,76,76,104,118,193,193,193,222,233,66,66,66,66],"floor_reached":52,"playtime":1943,"items_purged":["Strike_B"],"score":2112,"play_id":"37f15dd3-4b33-4f45-a713-35788f8d8b39","local_time":"20190224021947","is_ascension_mode":true,"campfire_choices":[{"data":"Consume","floor":6.0,"key":"SMITH"},{"data":"Genetic Algorithm","floor":11.0,"key":"SMITH"},{"data":"Defragment","floor":15.0,"key":"SMITH"},{"data":"Defragment","floor":23.0,"key":"SMITH"},{"floor":25.0,"key":"REST"},{"data":"Coolheaded","floor":28.0,"key":"SMITH"},{"data":"Electrodynamics","floor":30.0,"key":"SMITH"},{"data":"Capacitor","floor":32.0,"key":"SMITH"},{"data":"Hologram","floor":40.0,"key":"SMITH"},{"data":"Coolheaded","floor":49,"key":"SMITH"}],"neow_cost":"NONE","seed_source_timestamp":2349842730011503,"circlet_count":0,"master_deck":["AscendersBane","Defend_B","Zap+1","Dualcast","Consume+1","Cold Snap","Genetic Algorithm+1","Hologram+1","Electrodynamics+1","Ball Lightning+1","Defragment+1","Ball Lightning+1","Coolheaded+1","Defragment+1","Coolheaded+1","Electrodynamics","Capacitor+1","Core Surge+1","Rainbow+1","Genetic Algorithm+1","Defragment+1","Glacier","Glacier","Master of Strategy","Blizzard+1"],"special_seed":0,"relics":["Cracked Core","Happy Flower","Anchor","Juzu Bracelet","Potion Belt","Runic Dome","Pantograph","Bottled Lightning","Molten Egg 2","Red Mask","Astrolabe","OrangePellets","Whetstone","Letter Opener","Shuriken","DataDisk"],"potions_floor_usage":[45,51,51],"damage_taken":[{"damage":3.0,"enemies":"Small Slimes","floor":1.0,"turns":3.0},{"damage":8.0,"enemies":"2 Louse","floor":3.0,"turns":3.0},{"damage":2.0,"enemies":"Jaw Worm","floor":4.0,"turns":3.0},{"damage":7.0,"enemies":"Large Slime","floor":8.0,"turns":7.0},{"damage":11.0,"enemies":"Gremlin Nob","floor":10.0,"turns":3.0},{"damage":3.0,"enemies":"3 Sentries","floor":12.0,"turns":3.0},{"damage":0.0,"enemies":"Slime Boss","floor":16.0,"turns":7.0},{"damage":1.0,"enemies":"Chosen","floor":18.0,"turns":5.0},{"damage":16.0,"enemies":"Shell Parasite","floor":19.0,"turns":4.0},{"damage":13.0,"enemies":"Cultist and Chosen","floor":22.0,"turns":5.0},{"damage":11.0,"enemies":"Slavers","floor":24.0,"turns":4.0},{"damage":1.0,"enemies":"Book of Stabbing","floor":27.0,"turns":4.0},{"damage":0.0,"enemies":"Snecko","floor":29.0,"turns":5.0},{"damage":0.0,"enemies":"Masked Bandits","floor":31.0,"turns":2.0},{"damage":14.0,"enemies":"Automaton","floor":33.0,"turns":8.0},{"damage":0.0,"enemies":"3 Darklings","floor":35.0,"turns":2.0},{"damage":2.0,"enemies":"3 Shapes","floor":36.0,"turns":3.0},{"damage":3.0,"enemies":"3 Darklings","floor":37.0,"turns":3.0},{"damage":0.0,"enemies":"Nemesis","floor":41.0,"turns":9.0},{"damage":10.0,"enemies":"Transient","floor":42.0,"turns":6.0},{"damage":0,"enemies":"Giant Head","floor":46,"turns":9},{"damage":3,"enemies":"Writhing Mass","floor":47,"turns":5},{"damage":55,"enemies":"Awakened One","floor":50,"turns":24},{"damage":51,"enemies":"Donu and Deca","floor":51,"turns":8}],"seed_played":"1995579688847965090","potions_obtained":[{"floor":16.0,"key":"Regen Potion"},{"floor":24.0,"key":"AttackPotion"},{"floor":29.0,"key":"FairyPotion"},{"floor":31.0,"key":"Fire Potion"},{"floor":33.0,"key":"Regen Potion"},{"floor":36.0,"key":"Swift Potion"},{"floor":45,"key":"Fruit Juice"},{"floor":45,"key":"SteroidPotion"}],"is_trial":false,"path_per_floor":["M","$","M","M","?","R","?","M","T","E","R","E","T","$","R","B",null,"M","M","?","$","M","R","E","R","T","E","R","M","R","?","R","B",null,"M","M","M","?","$","R","E","M","T","?","?","E","M","$","R","B","B",null],"character_chosen":"DEFECT","items_purchased":["Cold Snap","Explosive Potion","Defragment","Coolheaded","OrangePellets","Weak Potion","DataDisk"],"campfire_rested":1,"item_purchase_floors":[2,2,14,21,39,39,48],"current_hp_per_floor":[61,61,53,51,56,56,56,49,49,38,38,35,35,35,35,35,66,65,49,49,49,36,36,25,47,47,46,46,46,46,46,46,57,71,71,69,66,66,66,66,66,56,56,56,61,61,58,58,58,26,45],"gold":66,"neow_bonus":"UPGRADE_CARD","is_prod":false,"is_daily":false,"chose_seed":false,"campfire_upgraded":9,"win_rate":0,"timestamp":1551003587,"path_taken":["M","$","M","M","?","R","?","M","T","E","R","E","?","$","R","BOSS","M","M","?","?","M","R","E","R","T","E","R","M","R","?","R","BOSS","M","M","M","?","$","R","E","M","T","?","?","E","M","$","R","BOSS","BOSS"],"build_version":"2019-02-06","purchased_purges":1,"victory":true,"max_hp_per_floor":[71,71,71,71,76,76,76,76,76,76,76,76,76,76,76,76,76,76,76,76,76,76,76,76,76,76,76,76,76,76,76,76,76,76,76,76,76,76,76,76,76,76,76,76,81,81,81,81,81,81,81],"card_choices":[{"not_picked":["Hologram","Go for the Eyes"],"picked":"Consume","floor":1.0},{"not_picked":["Sweeping Beam","Stack"],"picked":"Genetic Algorithm","floor":3.0},{"not_picked":["FTL","Leap","Stack"],"picked":"SKIP","floor":4.0},{"not_picked":["Leap","Consume"],"picked":"Hologram","floor":8.0},{"not_picked":["Core Surge","Compile Driver"],"picked":"Electrodynamics","floor":10.0},{"not_picked":["Static Discharge","Streamline"],"picked":"Ball Lightning","floor":12.0},{"not_picked":["Sweeping Beam","Cold Snap+1"],"picked":"Ball Lightning","floor":18.0},{"not_picked":["Ball Lightning+1","Hologram","Rainbow"],"picked":"SKIP","floor":19.0},{"not_picked":["Streamline","Go for the Eyes"],"picked":"Defragment","floor":22.0},{"not_picked":["Redo","Streamline","Auto Shields"],"picked":"SKIP","floor":24.0},{"not_picked":["Force Field","Go for the Eyes"],"picked":"Coolheaded","floor":27.0},{"not_picked":["Leap","Rebound+1"],"picked":"Electrodynamics","floor":29.0},{"not_picked":["Gash+1","Sweeping Beam+1"],"picked":"Capacitor","floor":31.0},{"not_picked":["Reboot","Amplify"],"picked":"Core Surge+1","floor":33.0},{"not_picked":["Consume","Scrape+1","Go for the Eyes+1"],"picked":"SKIP","floor":35.0},{"not_picked":["Self Repair","Barrage+1","Stack"],"picked":"SKIP","floor":36.0},{"not_picked":["Hello World+1","Hologram+1"],"picked":"Glacier","floor":37.0},{"not_picked":["All For One+1","Sweeping Beam+1","Scrape+1"],"picked":"SKIP","floor":41.0},{"not_picked":["Hologram","Chaos"],"picked":"Glacier","floor":42.0},{"not_picked":["Violence","Purity"],"picked":"Master of Strategy","floor":44},{"not_picked":["Darkness","Compile Driver+1"],"picked":"Blizzard+1","floor":46},{"not_picked":["Redo","Leap","Gash+1"],"picked":"SKIP","floor":47}],"player_experience":1236473,"relics_obtained":[{"floor":9.0,"key":"Happy Flower"},{"floor":10.0,"key":"Anchor"},{"floor":12.0,"key":"Juzu Bracelet"},{"floor":13.0,"key":"Potion Belt"},{"floor":24.0,"key":"Pantograph"},{"floor":26.0,"key":"Bottled Lightning"},{"floor":27.0,"key":"Molten Egg 2"},{"floor":31.0,"key":"Red Mask"},{"floor":41.0,"key":"Whetstone"},{"floor":43.0,"key":"Letter Opener"},{"floor":46,"key":"Shuriken"}],"event_choices":[{"damage_healed":0.0,"max_hp_gain":5.0,"max_hp_loss":0.0,"gold_gain":0.0,"event_name":"Big Fish","player_choice":"Donut","floor":5.0,"gold_loss":0.0,"damage_taken":0.0},{"cards_removed":["Strike_B"],"damage_healed":0.0,"max_hp_gain":0.0,"max_hp_loss":0.0,"gold_gain":0.0,"event_name":"Living Wall","player_choice":"Forget","floor":7.0,"gold_loss":0.0,"damage_taken":0.0},{"cards_removed":["Strike_B"],"damage_healed":0.0,"max_hp_gain":0.0,"max_hp_loss":0.0,"gold_gain":0.0,"event_name":"Bonfire Elementals","player_choice":"Offered Basic","floor":20.0,"gold_loss":0.0,"damage_taken":0.0},{"damage_healed":0.0,"max_hp_gain":0.0,"max_hp_loss":0.0,"gold_gain":0.0,"event_name":"Masked Bandits","player_choice":"Fought Bandits","floor":31.0,"gold_loss":0.0,"damage_taken":0.0},{"cards_removed":["Defend_B"],"damage_healed":0.0,"max_hp_gain":0.0,"max_hp_loss":0.0,"gold_gain":0.0,"event_name":"Falling","player_choice":"Removed Skill","floor":38.0,"gold_loss":0.0,"damage_taken":0.0},{"damage_healed":0,"gold_gain":0,"player_choice":"Memory 1","damage_taken":0,"max_hp_gain":0,"max_hp_loss":0,"event_name":"SensoryStone","floor":44,"gold_loss":0},{"damage_healed":0,"gold_gain":0,"player_choice":"Got Potions","damage_taken":0,"max_hp_gain":0,"max_hp_loss":0,"event_name":"Lab","floor":45,"gold_loss":0}],"is_beta":true,"boss_relics":[{"not_picked":["Eternal Feather","FrozenCore"],"picked":"Runic Dome"},{"not_picked":["Calling Bell","Coffee Dripper"],"picked":"Astrolabe"}],"items_purged_floors":[21],"is_endless":false,"potions_floor_spawned":[16,24,29,31,33,36,37,41,47],"ascension_level":20}