{"gold_per_floor":[365,380,392,392,8,8,64,104,104,104,139,218,218,281,281,410,410,454,266,176,78,123,72,72,155,179,214,251,307,380,435,447,582,594,629,641,653,304,304,304,364,400,400,441,476,491,512,533,533,558],"floor_reached":51,"playtime":2620,"items_purged":[],"score":874,"play_id":"7283bd9f-1e4b-42fb-884f-b5bb998d8093","local_time":"20190423124957","is_ascension_mode":false,"campfire_choices":[{"data":"Bash","floor":6,"key":"SMITH"},{"data":"Immolate","floor":13,"key":"SMITH"},{"data":"Perfected Strike","floor":15,"key":"SMITH"},{"data":"Demon Form","floor":24,"key":"SMITH"},{"floor":32,"key":"REST"},{"data":"Corruption","floor":40,"key":"SMITH"},{"floor":49,"key":"REST"}],"neow_cost":"TEN_PERCENT_HP_LOSS","seed_source_timestamp":955933722848400,"circlet_count":0,"master_deck":["Strike_R","Strike_R","Strike_R","Strike_R","Strike_R","Defend_R","Defend_R","Defend_R","Defend_R","Bash+1","Infernal Blade","Battle Trance","Perfected Strike+1","HandOfGreed","Spot Weakness","Double Tap+1","Immolate+1","Demon Form+1","Spot Weakness+1","Shrug It Off+1","Armaments+1","Blind+1","Armaments+1","Seeing Red+1","True Grit+1","True Grit+1","Offering+1","Seeing Red+1","Power Through+1","Rage+1","Headbutt","Limit Break+1","Dark Shackles+1","Enlightenment+1","Master of Strategy+1","Corruption+1","Trip+1","Ghostly Armor+1","Impervious+1","Flex+1","Feel No Pain+1"],"relics":["Burning Blood","Golden Idol","Vajra","Toxic Egg 2","Singing Bowl","Paper Frog","Lizard Tail","Turnip","Anchor","Art of War","MawBank","Gremlin Horn","White Beast Statue","OrangePellets","Strawberry","Molten Egg 2"],"potions_floor_usage":[8,29,41,41,41,41,50,50],"damage_taken":[{"damage":6,"enemies":"Jaw Worm","floor":1,"turns":3},{"damage":0,"enemies":"2 Louse","floor":2,"turns":3},{"damage":0,"enemies":"Cultist","floor":3,"turns":2},{"damage":1,"enemies":"2 Fungi Beasts","floor":7,"turns":3},{"damage":26,"enemies":"Lagavulin","floor":8,"turns":6},{"damage":11,"enemies":"Large Slime","floor":11,"turns":2},{"damage":13,"enemies":"3 Sentries","floor":12,"turns":5},{"damage":44,"enemies":"The Guardian","floor":16,"turns":10},{"damage":10,"enemies":"2 Thieves","floor":18,"turns":4},{"damage":10,"enemies":"Shell Parasite","floor":22,"turns":5},{"damage":35,"enemies":"Slavers","floor":25,"turns":6},{"damage":6,"enemies":"Gremlin Leader","floor":27,"turns":3},{"damage":0,"enemies":"Centurion and Healer","floor":28,"turns":1},{"damage":2,"enemies":"Snake Plant","floor":29,"turns":3},{"damage":9,"enemies":"Chosen and Byrds","floor":30,"turns":6},{"damage":0,"enemies":"Slavers","floor":31,"turns":1},{"damage":47,"enemies":"Champ","floor":33,"turns":12},{"damage":0,"enemies":"3 Shapes","floor":35,"turns":5},{"damage":10,"enemies":"Reptomancer","floor":41,"turns":3},{"damage":6,"enemies":"Orb Walker","floor":42,"turns":4},{"damage":6,"enemies":"Sphere and 2 Shapes","floor":44,"turns":4},{"damage":5,"enemies":"Maw","floor":45,"turns":7},{"damage":12,"enemies":"Spire Growth","floor":46,"turns":8},{"damage":13,"enemies":"3 Darklings","floor":47,"turns":6},{"damage":0,"enemies":"4 Shapes","floor":48,"turns":1},{"damage":49,"enemies":"Awakened One","floor":50,"turns":7}],"seed_played":"5992031368565791271","potions_obtained":[{"floor":2,"key":"SteroidPotion"},{"floor":7,"key":"Ancient Potion"},{"floor":12,"key":"EntropicBrew"},{"floor":30,"key":"Strength Potion"},{"floor":41,"key":"Strength Potion"},{"floor":45,"key":"SteroidPotion"}],"is_trial":false,"path_per_floor":["M","M","M","?","$","R","M","E","T","?","M","E","R","?","R","B",null,"M","$","?","$","M","$","R","E","T","E","M","M","M","E","R","B",null,"M","?","?","$","?","R","E","M","T","M","M","M","M","M","R","B",null],"character_chosen":"IRONCLAD","items_purchased":["HandOfGreed","Fire Potion","Vajra","Shrug It Off+1","Armaments+1","Blind+1","Armaments+1","Seeing Red+1","True Grit+1","Corruption","OrangePellets","Trip+1"],"campfire_rested":2,"item_purchase_floors":[5,5,5,19,19,19,21,21,23,38,38,38],"current_hp_per_floor":[72,72,72,54,54,54,59,39,39,63,60,53,53,53,53,15,74,70,70,70,70,66,66,66,37,37,37,43,47,46,52,74,33,76,76,76,66,66,66,66,71,71,71,71,74,68,61,69,89,46],"gold":558,"neow_bonus":"TWO_FIFTY_GOLD","is_prod":false,"is_daily":false,"chose_seed":false,"campfire_upgraded":5,"win_rate":1,"timestamp":1556048997,"path_taken":["M","M","M","?","$","R","M","E","T","?","M","E","R","?","R","BOSS","M","$","?","$","M","$","R","E","T","E","M","M","?","E","R","BOSS","M","?","?","$","?","R","E","M","T","M","?","M","M","M","R","BOSS"],"build_version":"2019-01-23","purchased_purges":0,"victory":true,"max_hp_per_floor":[72,72,72,72,72,72,72,72,72,72,74,74,74,74,74,74,74,74,74,74,74,74,74,74,74,74,74,74,74,76,76,76,76,76,76,76,76,76,76,76,85,85,85,85,87,87,87,89,89,89],"card_choices":[{"not_picked":["Flex","Havoc"],"picked":"Infernal Blade","floor":1},{"not_picked":["Sever Soul","Warcry"],"picked":"Battle Trance","floor":2},{"not_picked":["Thunderclap","Havoc"],"picked":"Perfected Strike","floor":3},{"not_picked":["Cleave","Thunderclap"],"picked":"Spot Weakness","floor":7},{"not_picked":["Cleave","Warcry"],"picked":"Double Tap","floor":8},{"not_picked":["Perfected Strike","Iron Wave","Sword Boomerang"],"picked":"Singing Bowl","floor":11},{"not_picked":["Sword Boomerang","True Grit+1"],"picked":"Immolate","floor":12},{"not_picked":["Barricade","Dark Embrace"],"picked":"Demon Form","floor":16},{"not_picked":["Twin Strike+1","Intimidate+1"],"picked":"Spot Weakness+1","floor":18},{"not_picked":["Metallicize","Pommel Strike"],"picked":"True Grit+1","floor":22},{"not_picked":["Clothesline","Iron Wave"],"picked":"Offering+1","floor":25},{"not_picked":["Flex+1","Thunderclap"],"picked":"Seeing Red+1","floor":27},{"not_picked":["Headbutt","Clash"],"picked":"Power Through+1","floor":28},{"not_picked":["Flex+1","Combust"],"picked":"Rage+1","floor":29},{"not_picked":["Armaments+1","Heavy Blade","Sever Soul"],"picked":"Singing Bowl","floor":30},{"not_picked":["Thunderclap","Blood for Blood"],"picked":"Headbutt","floor":31},{"not_picked":["Barricade","Brutality"],"picked":"Limit Break+1","floor":33},{"not_picked":["Heavy Blade","Sword Boomerang+1"],"picked":"Clothesline+1","floor":35},{"not_picked":["Swift Strike","Violence+1"],"picked":"Dark Shackles+1","floor":37},{"not_picked":["PanicButton+1","Mayhem"],"picked":"Enlightenment+1","floor":37},{"not_picked":["Panacea+1","Madness+1"],"picked":"Master of Strategy+1","floor":37},{"not_picked":["Twin Strike+1","Wild Strike","Thunderclap"],"picked":"Singing Bowl","floor":41},{"not_picked":["Seeing Red+1","Twin Strike+1"],"picked":"Ghostly Armor+1","floor":42},{"not_picked":["Uppercut+1","Anger+1"],"picked":"Impervious+1","floor":44},{"not_picked":["Corruption","Havoc+1","Clash+1"],"picked":"Singing Bowl","floor":45},{"not_picked":["Cleave+1","Clothesline+1"],"picked":"Flex+1","floor":46},{"not_picked":["Anger+1","Twin Strike+1"],"picked":"Feel No Pain+1","floor":47},{"not_picked":["Entrench+1","Rampage+1","Cleave+1"],"picked":"Singing Bowl","floor":48}],"player_experience":533657,"relics_obtained":[{"floor":8,"key":"Toxic Egg 2"},{"floor":9,"key":"Singing Bowl"},{"floor":12,"key":"Paper Frog"},{"floor":25,"key":"Anchor"},{"floor":26,"key":"Art of War"},{"floor":27,"key":"MawBank"},{"floor":31,"key":"Gremlin Horn"},{"floor":41,"key":"Strawberry"},{"floor":43,"key":"Molten Egg 2"}],"event_choices":[{"damage_healed":0,"gold_gain":0,"player_choice":"Take Damage","damage_taken":18,"relics_obtained":["Golden Idol"],"max_hp_gain":0,"max_hp_loss":0,"event_name":"Golden Idol","floor":4,"gold_loss":0},{"damage_healed":24,"gold_gain":0,"player_choice":"Banana","damage_taken":0,"max_hp_gain":0,"max_hp_loss":0,"event_name":"Big Fish","floor":10,"gold_loss":0},{"damage_healed":0,"gold_gain":63,"player_choice":"Gained Gold","damage_taken":0,"max_hp_gain":0,"max_hp_loss":0,"event_name":"Golden Wing","floor":14,"gold_loss":0},{"damage_healed":0,"gold_gain":0,"player_choice":"Paid Gold","damage_taken":0,"relics_obtained":["Turnip"],"max_hp_gain":0,"max_hp_loss":0,"event_name":"WeMeetAgain","floor":20,"gold_loss":90},{"cards_removed":["Clothesline"],"damage_healed":0,"gold_gain":0,"player_choice":"Removed Attack","damage_taken":0,"max_hp_gain":0,"max_hp_loss":0,"event_name":"Falling","floor":36,"gold_loss":0},{"damage_healed":0,"gold_gain":0,"player_choice":"Memory 3","damage_taken":10,"max_hp_gain":0,"max_hp_loss":0,"event_name":"SensoryStone","floor":37,"gold_loss":0},{"damage_healed":0,"gold_gain":0,"player_choice":"Ignored","damage_taken":0,"max_hp_gain":0,"max_hp_loss":0,"event_name":"NoteForYourself","floor":39,"gold_loss":0}],"is_beta":false,"boss_relics":[{"not_picked":["Calling Bell","Orrery"],"picked":"Lizard Tail"},{"not_picked":["Pandora\u0027s Box","Empty Cage"],"picked":"White Beast Statue"}],"items_purged_floors":[],"is_endless":false,"potions_floor_spawned":[2,7,12,28,30,33,35,41,42,44,45,46,47,48],"ascension_level":0}