{"gold_per_floor":[109,128,7,22,38,67,67,86,111,111,123,123,155,67,67,67],"floor_reached":16,"playtime":1589,"items_purged":["Strike_G","Strike_G"],"score":112,"play_id":"75439fe9-268b-4191-a46d-143434da968b","local_time":"20190417193642","is_ascension_mode":false,"campfire_choices":[{"floor":7,"key":"REST"},{"floor":10,"key":"REST"},{"floor":12,"key":"REST"},{"floor":15,"key":"REST"}],"neow_cost":"NONE","seed_source_timestamp":110493814739250,"circlet_count":0,"master_deck":["Defend_G","Defend_G","Defend_G","Defend_G","Defend_G","Strike_G","Strike_G","Strike_G","Survivor","Neutralize","Terror","Flechettes","Deadly Poison","Acrobatics","Sucker Punch","Leg Sweep","Blade Dance","Poisoned Stab","Distraction"],"relics":["Black Star","Omamori","Orichalcum","Boot","MawBank","Oddly Smooth Stone"],"potions_floor_usage":[],"damage_taken":[{"damage":0,"enemies":"Cultist","floor":1,"turns":4},{"damage":5,"enemies":"Small Slimes","floor":2,"turns":4},{"damage":7,"enemies":"2 Louse","floor":4,"turns":4},{"damage":2,"enemies":"Blue Slaver","floor":5,"turns":5},{"damage":49,"enemies":"Lagavulin","floor":6,"turns":9},{"damage":3,"enemies":"Large Slime","floor":8,"turns":8},{"damage":0,"enemies":"Looter","floor":11,"turns":3},{"damage":40,"enemies":"Gremlin Nob","floor":13,"turns":6},{"damage":49,"enemies":"Slime Boss","floor":16,"turns":8}],"seed_played":"5332226754757075183","potions_obtained":[{"floor":1,"key":"GhostInAJar"},{"floor":2,"key":"FearPotion"},{"floor":13,"key":"Fire Potion"}],"is_trial":false,"path_per_floor":["M","M","$","M","M","E","R","M","T","R","M","R","E","$","R","B"],"character_chosen":"THE_SILENT","items_purchased":["Deadly Poison"],"campfire_rested":4,"item_purchase_floors":[3],"current_hp_per_floor":[70,65,65,58,56,7,28,25,25,46,46,67,27,27,48,0],"gold":67,"neow_bonus":"BOSS_RELIC","is_prod":false,"is_daily":false,"chose_seed":false,"campfire_upgraded":0,"win_rate":0.0,"timestamp":1555510002,"path_taken":["M","?","?","M","M","E","R","?","T","R","M","R","E","$","R","BOSS"],"build_version":"2019-01-23","purchased_purges":2,"victory":false,"max_hp_per_floor":[70,70,70,70,70,70,70,70,70,70,70,70,70,70,70,70],"card_choices":[{"not_picked":["Leg Sweep","Flying Knee"],"picked":"Terror","floor":1},{"not_picked":["Leg Sweep","Outmaneuver"],"picked":"Flechettes","floor":2},{"not_picked":["Riddle With Holes","Deflect"],"picked":"Acrobatics","floor":4},{"not_picked":["Finisher","Night Terror"],"picked":"Sucker Punch","floor":5},{"not_picked":["Underhanded Strike","Calculated Gamble"],"picked":"Leg Sweep","floor":6},{"not_picked":["Finisher","PiercingWail"],"picked":"Blade Dance","floor":8},{"not_picked":["Masterful Stab","Leg Sweep"],"picked":"Poisoned Stab","floor":11},{"not_picked":["Dagger Throw","Blade Dance"],"picked":"Distraction","floor":13}],"player_experience":12996,"relics_obtained":[{"floor":6,"key":"Omamori"},{"floor":6,"key":"Orichalcum"},{"floor":9,"key":"Boot"},{"floor":13,"key":"MawBank"},{"floor":13,"key":"Oddly Smooth Stone"}],"event_choices":[],"is_beta":false,"boss_relics":[],"items_purged_floors":[3,14],"is_endless":false,"potions_floor_spawned":[1,2,13],"killed_by":"Slime Boss","ascension_level":0}