{"gold_per_floor":[112,123,137,6,18,18,46,46,46,58,58,112,112,143,143,218,218,236,46,60,60,75,75,165,200,225,240,257,257,286,211,211,286,286,303,126,226,246,246,278,289,317,317,349,362,362,54,79,79,79,79,79,79,35,61,61],"floor_reached":57,"playtime":3179,"items_purged":["Strike_B","Strike_B"],"score":3051,"play_id":"76c7ea0d-085a-4386-a463-79ae6c6d5646","local_time":"20190117191638","is_ascension_mode":true,"campfire_choices":[{"floor":6.0,"key":"REST"},{"data":"Defragment","floor":8.0,"key":"SMITH"},{"data":"Electrodynamics","floor":11.0,"key":"SMITH"},{"data":"Conserve Battery","floor":13.0,"key":"SMITH"},{"data":"Zap","floor":15.0,"key":"SMITH"},{"floor":23.0,"key":"REST"},{"floor":29.0,"key":"REST"},{"floor":32.0,"key":"REST"},{"floor":46.0,"key":"RECALL"},{"data":"Coolheaded","floor":49.0,"key":"SMITH"},{"data":"Reboot","floor":53.0,"key":"SMITH"}],"neow_cost":"NONE","seed_source_timestamp":77829832183298,"circlet_count":0,"master_deck":["AscendersBane","Strike_B+1","Defend_B","Defend_B","Defend_B","Defend_B","Zap+1","Electrodynamics+1","Conserve Battery+1","Defragment+1","Coolheaded+1","Genetic Algorithm","Reboot+1","Electrodynamics+1","Capacitor+1","Apotheosis","Reinforced Body+1","Thunder Strike+1","Undo+1","Defragment+1","Meteor Strike","Undo+1","Loop+1","Heatsinks+1","Amplify+1","Self Repair+1","Glacier+1","Capacitor+1","Meteor Strike","Defragment+1","Amplify+1","Storm+1","Consume+1"],"special_seed":0,"relics":["Cracked Core","Regal Pillow","Centennial Puzzle","Frozen Egg 2","Snecko Eye","Toxic Egg 2","Anchor","Mummified Hand","Sozu","Gambling Chip","Whetstone","Bag of Preparation","PreservedInsect","Dream Catcher","Boot","Bag of Marbles"],"potions_floor_usage":[56,56],"damage_taken":[{"damage":0.0,"enemies":"Cultist","floor":1.0,"turns":3.0},{"damage":9.0,"enemies":"2 Louse","floor":2.0,"turns":2.0},{"damage":2.0,"enemies":"Jaw Worm","floor":3.0,"turns":4.0},{"damage":32.0,"enemies":"Gremlin Gang","floor":5.0,"turns":5.0},{"damage":15.0,"enemies":"Lagavulin","floor":7.0,"turns":6.0},{"damage":2.0,"enemies":"Looter","floor":10.0,"turns":4.0},{"damage":1.0,"enemies":"3 Sentries","floor":14.0,"turns":4.0},{"damage":0.0,"enemies":"Slime Boss","floor":16.0,"turns":8.0},{"damage":33.0,"enemies":"Shell Parasite","floor":18.0,"turns":9.0},{"damage":0.0,"enemies":"3 Byrds","floor":20.0,"turns":2.0},{"damage":12.0,"enemies":"Shelled Parasite and Fungi","floor":22.0,"turns":10.0},{"damage":3.0,"enemies":"Gremlin Leader","floor":25.0,"turns":5.0},{"damage":0.0,"enemies":"Snecko","floor":27.0,"turns":5.0},{"damage":17.0,"enemies":"Snake Plant","floor":28.0,"turns":4.0},{"damage":0.0,"enemies":"Slavers","floor":30.0,"turns":4.0},{"damage":6.0,"enemies":"Collector","floor":33.0,"turns":5.0},{"damage":0.0,"enemies":"3 Darklings","floor":35.0,"turns":2.0},{"damage":0.0,"enemies":"Mind Bloom Boss Battle","floor":37.0,"turns":5.0},{"damage":0.0,"enemies":"Orb Walker","floor":38.0,"turns":1.0},{"damage":0.0,"enemies":"Nemesis","floor":40.0,"turns":3.0},{"damage":0.0,"enemies":"Transient","floor":41.0,"turns":6.0},{"damage":0.0,"enemies":"Reptomancer","floor":42.0,"turns":2.0},{"damage":0.0,"enemies":"Nemesis","floor":44.0,"turns":1.0},{"damage":0.0,"enemies":"3 Darklings","floor":45.0,"turns":2.0},{"damage":8.0,"enemies":"Time Eater","floor":50.0,"turns":10.0},{"damage":35.0,"enemies":"Awakened One","floor":51.0,"turns":13.0},{"damage":0.0,"enemies":"Shield and Spear","floor":55.0,"turns":1.0},{"damage":62,"enemies":"The Heart","floor":56,"turns":5}],"seed_played":"4970534904135876183","potions_obtained":[{"floor":3.0,"key":"PowerPotion"},{"floor":10.0,"key":"Ancient Potion"},{"floor":20.0,"key":"Dexterity Potion"},{"floor":28.0,"key":"Energy Potion"},{"floor":30.0,"key":"EssenceOfSteel"}],"is_trial":false,"path_per_floor":["M","M","M","$","M","R","E","R","T","M","R","T","R","E","R","B",null,"M","$","M","?","M","R","?","E","T","M","M","R","E","?","R","B",null,"M","$","?","M","?","E","M","E","T","E","M","R","$","T","R","B","B",null,"R","$","E","B",null],"character_chosen":"DEFECT","items_purchased":["PowerPotion","Apotheosis","Loop+1","Meteor Strike","Defragment+1","Amplify+1","Storm+1"],"campfire_rested":4,"item_purchase_floors":[4,19,36,47,47,47,54],"current_hp_per_floor":[64,55,53,53,21,42,27,27,27,25,25,25,25,24,24,24,59,26,26,26,26,14,50,36,33,33,33,16,52,52,52,71,65,70,70,70,70,70,70,70,71,71,71,71,71,71,71,71,71,71,56,67,67,67,67,15],"gold":61,"neow_bonus":"ONE_RANDOM_RARE_CARD","is_prod":false,"is_daily":false,"chose_seed":false,"campfire_upgraded":6,"win_rate":0,"timestamp":1547781398,"path_taken":["M","M","?","$","M","R","E","R","T","M","R","?","R","E","R","BOSS","M","$","M","?","M","R","?","E","T","?","M","R","E","?","R","BOSS","M","$","?","M","?","E","M","E","T","E","M","R","?","?","R","BOSS","BOSS","R","$","E","BOSS"],"build_version":"2019-01-16","purchased_purges":2,"victory":true,"max_hp_per_floor":[71,71,71,71,71,71,71,71,71,71,71,71,71,71,71,71,71,71,71,71,71,71,71,71,71,71,71,71,71,71,71,71,71,71,71,71,71,71,71,71,71,71,71,71,71,71,71,71,71,71,71,71,71,71,71,71],"card_choices":[{"not_picked":["Redo","Go for the Eyes"],"picked":"Conserve Battery","floor":1.0},{"not_picked":["Conserve Battery","Cold Snap"],"picked":"Defragment","floor":2.0},{"not_picked":["Rebound","Streamline","Sweeping Beam"],"picked":"SKIP","floor":3.0},{"not_picked":["Sunder","Beam Cell","Barrage"],"picked":"SKIP","floor":5.0},{"not_picked":["Heatsinks","Scrape"],"picked":"Coolheaded","floor":7.0},{"not_picked":["Go for the Eyes","Steam"],"picked":"Genetic Algorithm","floor":10.0},{"not_picked":["Hologram","Aggregate"],"picked":"Reboot","floor":14.0},{"not_picked":["Rainbow","Core Surge"],"picked":"Electrodynamics+1","floor":16.0},{"not_picked":["Streamline","Ball Lightning"],"picked":"Capacitor+1","floor":18.0},{"not_picked":["Conserve Battery","Auto Shields","Compile Driver"],"picked":"SKIP","floor":20.0},{"not_picked":["Beam Cell","Turbo"],"picked":"Reinforced Body+1","floor":22.0},{"not_picked":["Doom and Gloom","Scrape"],"picked":"Thunder Strike","floor":25.0},{"not_picked":["Barrage","Compile Driver","Stack+1"],"picked":"SKIP","floor":27.0},{"not_picked":["Tempest+1","Sweeping Beam"],"picked":"Undo+1","floor":28.0},{"not_picked":["Blizzard","Cold Snap"],"picked":"Defragment+1","floor":30.0},{"not_picked":["Reboot+1","All For One"],"picked":"Meteor Strike","floor":33.0},{"not_picked":["Stack+1","Cold Snap"],"picked":"Undo+1","floor":35.0},{"not_picked":["Steam+1","Ball Lightning"],"picked":"Heatsinks+1","floor":37.0},{"not_picked":["Turbo+1","Conserve Battery+1"],"picked":"Amplify+1","floor":38.0},{"not_picked":["Self Repair+1","Rebound+1","FTL"],"picked":"SKIP","floor":40.0},{"not_picked":["Rebound+1","FTL"],"picked":"Self Repair+1","floor":40.0},{"not_picked":["Coolheaded+1","Steam+1","Redo+1"],"picked":"SKIP","floor":41.0},{"not_picked":["Ball Lightning+1","Thunder Strike"],"picked":"Glacier+1","floor":42.0},{"not_picked":["Chill+1","Turbo+1","Ball Lightning+1"],"picked":"SKIP","floor":44.0},{"not_picked":["Recycle+1","Leap+1"],"picked":"Capacitor+1","floor":45.0},{"not_picked":["Redo+1","Streamline"],"picked":"Consume+1","floor":55.0}],"player_experience":974631,"relics_obtained":[{"floor":7.0,"key":"Regal Pillow"},{"floor":12.0,"key":"Centennial Puzzle"},{"floor":14.0,"key":"Frozen Egg 2"},{"floor":25.0,"key":"Toxic Egg 2"},{"floor":26.0,"key":"Anchor"},{"floor":30.0,"key":"Mummified Hand"},{"floor":37.0,"key":"Gambling Chip"},{"floor":40.0,"key":"Whetstone"},{"floor":42.0,"key":"Bag of Preparation"},{"floor":43.0,"key":"PreservedInsect"},{"floor":44.0,"key":"Dream Catcher"},{"floor":48.0,"key":"Boot"},{"floor":55.0,"key":"Bag of Marbles"}],"event_choices":[{"damage_healed":0.0,"max_hp_gain":0.0,"max_hp_loss":0.0,"gold_gain":90.0,"event_name":"Knowing Skull","player_choice":"GOLD ","floor":24.0,"potions_obtained":[],"gold_loss":0.0,"damage_taken":14.0,"cards_obtained":[]},{"cards_removed":["Strike_B"],"damage_healed":0.0,"max_hp_gain":0.0,"max_hp_loss":0.0,"gold_gain":0.0,"event_name":"Beggar","player_choice":"Gave Gold","floor":31.0,"gold_loss":75.0,"damage_taken":0.0},{"damage_healed":0.0,"max_hp_gain":0.0,"max_hp_loss":0.0,"gold_gain":0.0,"event_name":"MindBloom","player_choice":"Fight","floor":37.0,"gold_loss":0.0,"damage_taken":0.0},{"cards_removed":["Dualcast"],"damage_healed":0.0,"max_hp_gain":0.0,"max_hp_loss":0.0,"gold_gain":0.0,"event_name":"Falling","player_choice":"Removed Skill","floor":39.0,"gold_loss":0.0,"damage_taken":0.0}],"is_beta":true,"boss_relics":[{"not_picked":["Velvet Choker","Inserter"],"picked":"Snecko Eye"},{"not_picked":["Busted Crown","FrozenCore"],"picked":"Sozu"}],"items_purged_floors":[4,36],"is_endless":false,"potions_floor_spawned":[3,5,10,14,16,20,22,28,30,37,40,44],"ascension_level":20}