{"gold_per_floor":[113,128,143,143,163,163,188,207,262,262,45,80,80,106,106,180,180,198,209,209,244,14,14,14,14,41,59,77,77,112,112,112,185,185,205,45,45,45,45,45,70,70,70,100,50,78,178,400,400,400,400],"floor_reached":52,"playtime":2504,"items_purged":["Strike_R","Strike_R","Strike_R"],"score":1990,"play_id":"bc6d37a1-7525-4df4-b73c-a70309a241f7","local_time":"20190131144944","is_ascension_mode":true,"campfire_choices":[{"data":"Inflame","floor":6.0,"key":"SMITH"},{"data":"Disarm","floor":10.0,"key":"SMITH"},{"data":"Juggernaut","floor":15.0,"key":"SMITH"},{"floor":23.0,"key":"REST"},{"floor":29.0,"key":"REST"},{"data":"Apotheosis","floor":32.0,"key":"SMITH"},{"data":"Limit Break","floor":40.0,"key":"SMITH"},{"data":"Armaments","floor":42.0,"key":"SMITH"},{"data":"Mayhem","floor":49.0,"key":"SMITH"}],"neow_cost":"NONE","seed_source_timestamp":764376013144131,"circlet_count":0,"master_deck":["AscendersBane","Strike_R","Defend_R","Defend_R","Defend_R","Defend_R","Bash+1","Shrug It Off","Inflame+1","Disarm+1","Shrug It Off","Shrug It Off","Juggernaut+1","Shrug It Off","Anger","Immolate","Armaments+1","Shrug It Off","Apotheosis+1","Anger","Body Slam","Intimidate+1","Limit Break+1","Second Wind","Reaper","Mayhem+1","Reaper","Shrug It Off+1","Body Slam+1","Metallicize","Shrug It Off+1"],"special_seed":0,"relics":["Burning Blood","Question Card","Smiling Mask","Pantograph","PreservedInsect","Cursed Key","Red Mask","Happy Flower","Lizard Tail","Toxic Egg 2","Charon\u0027s Ashes","Juzu Bracelet","Nunchaku"],"potions_floor_usage":[50],"damage_taken":[{"damage":4.0,"enemies":"2 Louse","floor":1.0,"turns":3.0},{"damage":6.0,"enemies":"Cultist","floor":2.0,"turns":4.0},{"damage":6.0,"enemies":"Small Slimes","floor":3.0,"turns":5.0},{"damage":9.0,"enemies":"Looter","floor":5.0,"turns":4.0},{"damage":28.0,"enemies":"Gremlin Nob","floor":7.0,"turns":4.0},{"damage":12.0,"enemies":"Exordium Wildlife","floor":8.0,"turns":4.0},{"damage":2.0,"enemies":"Lagavulin","floor":12.0,"turns":8.0},{"damage":32.0,"enemies":"Gremlin Nob","floor":14.0,"turns":4.0},{"damage":26.0,"enemies":"Slime Boss","floor":16.0,"turns":8.0},{"damage":20.0,"enemies":"Spheric Guardian","floor":18.0,"turns":5.0},{"damage":7.0,"enemies":"2 Thieves","floor":19.0,"turns":3.0},{"damage":25.0,"enemies":"Masked Bandits","floor":21.0,"turns":4.0},{"damage":28.0,"enemies":"Shelled Parasite and Fungi","floor":27.0,"turns":10.0},{"damage":3.0,"enemies":"Snecko","floor":28.0,"turns":6.0},{"damage":10.0,"enemies":"Gremlin Leader","floor":30.0,"turns":6.0},{"damage":46.0,"enemies":"Collector","floor":33.0,"turns":9.0},{"damage":31.0,"enemies":"3 Darklings","floor":35.0,"turns":6.0},{"damage":23.0,"enemies":"Reptomancer","floor":41.0,"turns":5.0},{"damage":23.0,"enemies":"Giant Head","floor":44.0,"turns":6.0},{"damage":29.0,"enemies":"Reptomancer","floor":46.0,"turns":6.0},{"damage":8.0,"enemies":"Mind Bloom Boss Battle","floor":47.0,"turns":11.0},{"damage":76,"enemies":"Time Eater","floor":50,"turns":14},{"damage":44,"enemies":"Awakened One","floor":51,"turns":16}],"seed_played":"5329469009139593244","potions_obtained":[{"floor":3.0,"key":"AttackPotion"},{"floor":7.0,"key":"PowerPotion"},{"floor":14.0,"key":"Explosive Potion"},{"floor":16.0,"key":"Energy Potion"},{"floor":21.0,"key":"Strength Potion"},{"floor":27.0,"key":"EssenceOfSteel"},{"floor":41.0,"key":"BloodPotion"},{"floor":46.0,"key":"Strength Potion"}],"is_trial":false,"path_per_floor":["M","M","M","?","M","R","E","M","T","R","$","E","?","E","R","B",null,"M","M","?","?","$","R","$","?","T","M","M","R","E","?","R","B",null,"M","$","?","?","?","R","E","R","T","E","$","E","?","?","R","B","B",null],"character_chosen":"IRONCLAD","items_purchased":["Juggernaut","Apotheosis","Reaper"],"campfire_rested":2,"item_purchase_floors":[11,22,36],"current_hp_per_floor":[70,70,70,70,67,67,45,39,39,39,39,43,48,22,22,27,67,53,52,29,10,10,35,35,35,35,13,16,41,37,37,37,22,69,44,44,44,44,44,44,81,81,81,64,64,58,81,81,81,26,66],"gold":400,"neow_bonus":"UPGRADE_CARD","is_prod":false,"is_daily":false,"chose_seed":false,"campfire_upgraded":7,"win_rate":0,"timestamp":1548974984,"path_taken":["M","M","M","?","M","R","E","?","T","R","$","E","?","E","R","BOSS","M","M","?","?","$","R","?","?","T","?","M","R","E","?","R","BOSS","M","$","?","?","?","R","E","R","T","E","$","E","?","?","R","BOSS","BOSS"],"build_version":"2019-01-23","purchased_purges":3,"victory":true,"max_hp_per_floor":[75,75,75,75,75,75,75,75,75,75,75,75,80,80,80,80,80,80,80,85,85,85,85,85,85,85,85,85,85,85,85,85,85,85,85,85,85,81,81,81,81,81,81,81,81,81,81,81,81,81,81],"card_choices":[{"not_picked":["Heavy Blade","Headbutt"],"picked":"Shrug It Off","floor":1.0},{"not_picked":["Sword Boomerang","Entrench"],"picked":"Inflame","floor":2.0},{"not_picked":["Warcry","Carnage","Iron Wave"],"picked":"SKIP","floor":3.0},{"not_picked":["Rage","Shrug It Off"],"picked":"Disarm","floor":5.0},{"not_picked":["Havoc","Seeing Red"],"picked":"Shrug It Off","floor":7.0},{"not_picked":["Armaments","Twin Strike","Warcry"],"picked":"Shrug It Off","floor":8.0},{"not_picked":["Iron Wave","Pommel Strike","Brutality"],"picked":"Shrug It Off","floor":12.0},{"not_picked":["Clash","Cleave","Headbutt"],"picked":"Anger","floor":14.0},{"not_picked":["Fiend Fire","Brutality","Offering"],"picked":"Immolate","floor":16.0},{"not_picked":["Twin Strike","Pommel Strike","Perfected Strike"],"picked":"Armaments","floor":18.0},{"not_picked":["Combust","Clothesline","Power Through","Armaments"],"picked":"SKIP","floor":19.0},{"not_picked":["Combust","Clothesline","Power Through","Armaments"],"picked":"SKIP","floor":19.0},{"not_picked":["Dual Wield","Searing Blow","Shockwave"],"picked":"Shrug It Off","floor":21.0},{"not_picked":["Iron Wave+1","Twin Strike","Dual Wield"],"picked":"Anger","floor":27.0},{"not_picked":["Pommel Strike","Flex+1","Clash"],"picked":"Body Slam","floor":28.0},{"not_picked":["Burning Pact","Iron Wave","Sever Soul+1"],"picked":"Intimidate+1","floor":30.0},{"not_picked":["Brutality","Bludgeon","Feed"],"picked":"Limit Break","floor":33.0},{"not_picked":["Whirlwind","Reckless Charge","Pummel+1"],"picked":"Second Wind","floor":35.0},{"not_picked":["Enlightenment","Impatience","Trip"],"picked":"Mayhem","floor":37.0},{"not_picked":["Reckless Charge","Juggernaut","Twin Strike"],"picked":"Shrug It Off","floor":41.0},{"not_picked":["Flex+1","Thunderclap","Fire Breathing"],"picked":"Body Slam+1","floor":44.0},{"not_picked":["Infernal Blade+1","True Grit+1","Warcry+1"],"picked":"Metallicize","floor":46.0},{"not_picked":["Clothesline","Headbutt","Thunderclap"],"picked":"Shrug It Off+1","floor":47.0}],"player_experience":1042447,"relics_obtained":[{"floor":7.0,"key":"Question Card"},{"floor":9.0,"key":"Smiling Mask"},{"floor":12.0,"key":"Pantograph"},{"floor":14.0,"key":"PreservedInsect"},{"floor":21.0,"key":"Red Mask"},{"floor":30.0,"key":"Happy Flower"},{"floor":41.0,"key":"Toxic Egg 2"},{"floor":44.0,"key":"Charon\u0027s Ashes"},{"floor":46.0,"key":"Juzu Bracelet"},{"floor":47.0,"key":"Nunchaku"}],"event_choices":[{"cards_removed":["Strike_R"],"damage_healed":0.0,"max_hp_gain":0.0,"max_hp_loss":0.0,"gold_gain":0.0,"event_name":"Purifier","player_choice":"Purged","floor":4.0,"gold_loss":0.0,"damage_taken":0.0},{"damage_healed":0.0,"max_hp_gain":5.0,"max_hp_loss":0.0,"gold_gain":0.0,"event_name":"Big Fish","player_choice":"Donut","floor":13.0,"gold_loss":0.0,"damage_taken":0.0},{"damage_healed":0.0,"max_hp_gain":5.0,"max_hp_loss":0.0,"gold_gain":0.0,"event_name":"Forgotten Altar","player_choice":"Shed Blood","floor":20.0,"gold_loss":0.0,"damage_taken":28.0},{"damage_healed":0.0,"max_hp_gain":0.0,"max_hp_loss":0.0,"gold_gain":0.0,"event_name":"Masked Bandits","player_choice":"Fought Bandits","floor":21.0,"gold_loss":0.0,"damage_taken":0.0},{"damage_healed":0.0,"max_hp_gain":0.0,"max_hp_loss":0.0,"gold_gain":0.0,"event_name":"Match and Keep!","player_choice":"0 cards matched","floor":25.0,"gold_loss":0.0,"damage_taken":0.0,"cards_obtained":[]},{"cards_removed":["Regret"],"damage_healed":0.0,"max_hp_gain":0.0,"max_hp_loss":0.0,"gold_gain":0.0,"event_name":"Back to Basics","player_choice":"Elegance","floor":31.0,"gold_loss":0.0,"damage_taken":0.0},{"damage_healed":0.0,"max_hp_gain":0.0,"max_hp_loss":0.0,"gold_gain":0.0,"event_name":"SensoryStone","player_choice":"Memory 1","floor":37.0,"gold_loss":0.0,"damage_taken":0.0},{"damage_healed":0.0,"max_hp_gain":0.0,"max_hp_loss":4.0,"gold_gain":0.0,"event_name":"Winding Halls","player_choice":"Max HP","floor":38.0,"gold_loss":0.0,"damage_taken":0.0},{"damage_healed":0.0,"max_hp_gain":0.0,"max_hp_loss":0.0,"gold_gain":0.0,"event_name":"Duplicator","player_choice":"Copied","floor":39.0,"gold_loss":0.0,"damage_taken":0.0,"cards_obtained":["Reaper"]},{"damage_healed":0.0,"max_hp_gain":0.0,"max_hp_loss":0.0,"gold_gain":0.0,"event_name":"MindBloom","player_choice":"Fight","floor":47.0,"gold_loss":0.0,"damage_taken":0.0},{"damage_healed":0.0,"max_hp_gain":0.0,"max_hp_loss":0.0,"gold_gain":222.0,"event_name":"Tomb of Lord Red Mask","player_choice":"Wore Mask","floor":48.0,"gold_loss":0.0,"damage_taken":0.0}],"is_beta":true,"boss_relics":[{"not_picked":["Philosopher\u0027s Stone","Black Star"],"picked":"Cursed Key"},{"not_picked":["Mark of Pain","Coffee Dripper"],"picked":"Lizard Tail"}],"items_purged_floors":[11,22,45],"is_endless":false,"potions_floor_spawned":[3,7,14,16,21,27,28,30,35,41,46],"ascension_level":20}