{"gold_per_floor":[109,109,128,71,71,71,102,102,102,143,163,76,1,21,21,116,116,139,54,68,68,83,83,83,83,83,126,126,126,142,158,158,252,252,275,275,275,294,140,140,140],"floor_reached":41,"playtime":1664,"items_purged":["Strike_B","Strike_B+1"],"score":884,"play_id":"cfb42742-6890-4d51-a3a7-dac412e02464","local_time":"20190227204538","is_ascension_mode":true,"campfire_choices":[{"data":"Defragment","floor":6.0,"key":"SMITH"},{"data":"Zap","floor":8.0,"key":"SMITH"},{"data":"Defragment","floor":15.0,"key":"SMITH"},{"floor":23.0,"key":"REST"},{"data":"Fission","floor":25.0,"key":"SMITH"},{"floor":32.0,"key":"REST"},{"data":"Capacitor","floor":40,"key":"SMITH"}],"neow_cost":"NONE","seed_source_timestamp":2579842198912666,"circlet_count":0,"master_deck":["AscendersBane","Strike_B+1","Strike_B+1","Defend_B+1","Defend_B+1","Defend_B+1","Defend_B+1","Zap+1","Dualcast","Defragment+1","Coolheaded","Conserve Battery","Consume","Defragment+1","Echo Form","Capacitor+1","Chill","Fission+1","Coolheaded","Conserve Battery","Defragment","Hologram","Glacier","Coolheaded","Panacea"],"special_seed":0,"relics":["Cracked Core","NeowsBlessing","Golden Idol","Oddly Smooth Stone","Bronze Scales","Dream Catcher","Orrery","Orichalcum","Omamori","Shuriken","Potion Belt","Runic Dome"],"potions_floor_usage":[41],"damage_taken":[{"damage":0.0,"enemies":"Small Slimes","floor":1.0,"turns":1.0},{"damage":0.0,"enemies":"Jaw Worm","floor":3.0,"turns":1.0},{"damage":0.0,"enemies":"3 Sentries","floor":7.0,"turns":1.0},{"damage":9.0,"enemies":"Lagavulin","floor":10.0,"turns":7.0},{"damage":2.0,"enemies":"2 Louse","floor":11.0,"turns":2.0},{"damage":1.0,"enemies":"Blue Slaver","floor":14.0,"turns":3.0},{"damage":26.0,"enemies":"Slime Boss","floor":16.0,"turns":13.0},{"damage":14.0,"enemies":"2 Thieves","floor":18.0,"turns":4.0},{"damage":11.0,"enemies":"Shell Parasite","floor":20.0,"turns":8.0},{"damage":10.0,"enemies":"3 Cultists","floor":22.0,"turns":7.0},{"damage":29.0,"enemies":"Slavers","floor":27.0,"turns":8.0},{"damage":7.0,"enemies":"Snake Plant","floor":30.0,"turns":7.0},{"damage":11.0,"enemies":"Centurion and Healer","floor":31.0,"turns":11.0},{"damage":17.0,"enemies":"Collector","floor":33.0,"turns":20.0},{"damage":6.0,"enemies":"3 Shapes","floor":35.0,"turns":8.0},{"damage":9,"enemies":"Orb Walker","floor":38,"turns":7},{"damage":31,"enemies":"Sphere and 2 Shapes","floor":41,"turns":3}],"seed_played":"-1327529048732341465","potions_obtained":[{"floor":3.0,"key":"Swift Potion"},{"floor":10.0,"key":"PowerPotion"},{"floor":22.0,"key":"Poison Potion"},{"floor":30.0,"key":"AttackPotion"},{"floor":31.0,"key":"Strength Potion"}],"is_trial":false,"path_per_floor":["M","?","M","$","?","R","E","R","T","E","M","$","$","M","R","B",null,"M","?","M","?","M","R","$","R","T","E","?","?","M","M","R","B",null,"M","?","?","M","$","R","M"],"character_chosen":"DEFECT","items_purchased":["Explosive Potion","Consume","Block Potion"],"campfire_rested":2,"item_purchase_floors":[4,12,39],"current_hp_per_floor":[64,64,64,64,59,59,59,59,59,50,48,48,48,47,47,21,53,39,39,28,28,18,37,37,37,37,8,21,21,14,3,22,5,49,43,38,38,29,29,29,0],"gold":140,"neow_bonus":"THREE_ENEMY_KILL","is_prod":false,"is_daily":false,"chose_seed":false,"campfire_upgraded":5,"win_rate":0,"timestamp":1551329138,"path_taken":["M","?","M","$","?","R","E","R","T","E","M","?","$","M","R","BOSS","M","?","M","?","M","R","?","R","T","E","?","?","M","?","R","BOSS","M","?","?","M","$","R","M"],"build_version":"2019-02-06","purchased_purges":2,"victory":false,"max_hp_per_floor":[71,64,64,64,64,64,64,64,64,64,64,64,64,64,64,64,64,64,64,64,64,64,64,64,64,64,64,64,64,64,64,64,64,64,64,64,64,64,64,64,64],"card_choices":[{"not_picked":["Cold Snap","Ball Lightning"],"picked":"Defragment","floor":1.0},{"not_picked":["Leap","Rainbow"],"picked":"Coolheaded","floor":3.0},{"not_picked":["Gash","Beam Cell","Leap"],"picked":"SKIP","floor":7.0},{"not_picked":["Skim","Barrage"],"picked":"Conserve Battery","floor":10.0},{"not_picked":["Conserve Battery","Leap","Barrage"],"picked":"SKIP","floor":11.0},{"not_picked":["Doom and Gloom","Gash"],"picked":"Defragment","floor":14.0},{"not_picked":["Amplify","Multi-Cast"],"picked":"Echo Form","floor":16.0},{"not_picked":["Streamline","Reinforced Body"],"picked":"Capacitor","floor":17.0},{"not_picked":["Sunder","Cold Snap"],"picked":"Chill","floor":17.0},{"not_picked":["Cold Snap","Turbo"],"picked":"Fission","floor":17.0},{"not_picked":["Streamline","Beam Cell"],"picked":"Coolheaded","floor":17.0},{"not_picked":["Leap","Compile Driver"],"picked":"Conserve Battery","floor":17.0},{"not_picked":["Meteor Strike","Static Discharge","Leap"],"picked":"SKIP","floor":18.0},{"not_picked":["Gash","Recycle","Tempest"],"picked":"SKIP","floor":20.0},{"not_picked":["Rebound","Hologram"],"picked":"Ball Lightning","floor":22.0},{"not_picked":["Turbo","Rebound"],"picked":"Defragment","floor":23.0},{"not_picked":["Skim","White Noise","Stack"],"picked":"SKIP","floor":27.0},{"not_picked":["Recycle","Streamline"],"picked":"Hologram","floor":30.0},{"not_picked":["Go for the Eyes","Defragment"],"picked":"Glacier","floor":31.0},{"not_picked":["Defragment","Beam Cell"],"picked":"Coolheaded","floor":35.0},{"not_picked":["Dramatic Entrance","Dark Shackles"],"picked":"Panacea","floor":36},{"not_picked":["White Noise","Lockon","Gash"],"picked":"SKIP","floor":38}],"player_experience":1277842,"relics_obtained":[{"floor":7.0,"key":"Bronze Scales"},{"floor":10.0,"key":"Dream Catcher"},{"floor":26.0,"key":"Omamori"},{"floor":27.0,"key":"Shuriken"}],"event_choices":[{"damage_healed":0.0,"max_hp_gain":0.0,"max_hp_loss":7.0,"gold_gain":0.0,"event_name":"Golden Idol","player_choice":"Lose Max HP","floor":2.0,"gold_loss":0.0,"damage_taken":0.0,"relics_obtained":["Golden Idol"]},{"damage_healed":0.0,"max_hp_gain":0.0,"max_hp_loss":0.0,"gold_gain":0.0,"event_name":"Scrap Ooze","player_choice":"Success","floor":5.0,"gold_loss":0.0,"damage_taken":5.0,"relics_obtained":["Oddly Smooth Stone"]},{"damage_healed":0.0,"max_hp_gain":0.0,"max_hp_loss":0.0,"gold_gain":0.0,"event_name":"Addict","player_choice":"Obtained Relic","floor":19.0,"gold_loss":85.0,"damage_taken":0.0,"relics_obtained":["Orichalcum"]},{"damage_healed":0.0,"max_hp_gain":0.0,"max_hp_loss":0.0,"gold_gain":0.0,"event_name":"Back to Basics","player_choice":"Simplicity","floor":21.0,"gold_loss":0.0,"damage_taken":0.0,"cards_upgraded":["Strike_B","Strike_B","Strike_B","Defend_B","Defend_B","Defend_B","Defend_B"]},{"damage_healed":13.0,"max_hp_gain":0.0,"max_hp_loss":0.0,"gold_gain":0.0,"event_name":"The Library","player_choice":"Heal","floor":28.0,"gold_loss":0.0,"damage_taken":0.0},{"damage_healed":0.0,"max_hp_gain":0.0,"max_hp_loss":0.0,"gold_gain":0.0,"event_name":"The Mausoleum","player_choice":"Opened","floor":29.0,"gold_loss":0.0,"damage_taken":0.0,"relics_obtained":["Potion Belt"],"cards_obtained":["Writhe"]},{"damage_healed":0,"gold_gain":0,"player_choice":"Memory 2","damage_taken":5,"max_hp_gain":0,"max_hp_loss":0,"event_name":"SensoryStone","floor":36,"gold_loss":0},{"cards_removed":["Ball Lightning"],"damage_healed":0,"gold_gain":0,"player_choice":"Removed Attack","damage_taken":0,"max_hp_gain":0,"max_hp_loss":0,"event_name":"Falling","floor":37,"gold_loss":0}],"is_beta":true,"boss_relics":[{"not_picked":["Eternal Feather","Empty Cage"],"picked":"Orrery"},{"not_picked":["Pandora\u0027s Box","Calling Bell"],"picked":"Runic Dome"}],"items_purged_floors":[13,39],"is_endless":false,"potions_floor_spawned":[3,10,22,30,31],"killed_by":"Sphere and 2 Shapes","ascension_level":20}