{"gold_per_floor":[115,29,46,64,64,64,94,9,84,100,135,210,210,224,224,298,298,318,77,87,12,37,37,70,70,93,13,33,33,49,83,83,156,156,172,172,183,133,151,151,183,183,183,215,233,312,342,361,361,361,361,361,361,3,32,32],"floor_reached":57,"playtime":2751,"items_purged":["Strike_B","Strike_B","Defend_B","Zap"],"score":2801,"play_id":"d5dad0bc-62cb-48d3-813d-cef2d069f08c","local_time":"20190308025121","is_ascension_mode":true,"campfire_choices":[{"data":"Consume","floor":6.0,"key":"SMITH"},{"floor":15.0,"key":"REST"},{"data":"Capacitor","floor":23.0,"key":"SMITH"},{"floor":25.0,"key":"REST"},{"data":"Genetic Algorithm","floor":29.0,"key":"SMITH"},{"floor":32.0,"key":"REST"},{"data":"Capacitor","floor":40.0,"key":"SMITH"},{"floor":49,"key":"RECALL"},{"data":"Defragment","floor":53,"key":"SMITH"}],"neow_cost":"NONE","seed_source_timestamp":0,"circlet_count":0,"master_deck":["AscendersBane","Defend_B+1","Defend_B+1","Dualcast","Capacitor+1","Consume+1","Cold Snap","Genetic Algorithm+1","Ball Lightning","Cold Snap","Glacier+1","Barrage","Glacier+1","Genetic Algorithm","Core Surge","Capacitor+1","Capacitor+1","Cold Snap+1","Self Repair+1","Biased Cognition","Defragment+1"],"special_seed":0,"relics":["Cracked Core","NeowsBlessing","Mercury Hourglass","Dodecahedron","Mummified Hand","Pocketwatch","Velvet Choker","Art of War","Orichalcum","Smiling Mask","Symbiotic Virus","Nuclear Battery","Peace Pipe","Blue Candle","War Paint","Bottled Flame","Turnip","Blood Vial","DataDisk"],"potions_floor_usage":[56,56],"damage_taken":[{"damage":0.0,"enemies":"Cultist","floor":1.0,"turns":1.0},{"damage":0.0,"enemies":"Jaw Worm","floor":3.0,"turns":1.0},{"damage":0.0,"enemies":"2 Louse","floor":4.0,"turns":2.0},{"damage":3.0,"enemies":"Gremlin Nob","floor":7.0,"turns":3.0},{"damage":6.0,"enemies":"2 Fungi Beasts","floor":10.0,"turns":3.0},{"damage":24.0,"enemies":"Lagavulin","floor":11.0,"turns":5.0},{"damage":1.0,"enemies":"Exordium Wildlife","floor":14.0,"turns":2.0},{"damage":26.0,"enemies":"Slime Boss","floor":16.0,"turns":6.0},{"damage":7.0,"enemies":"Chosen","floor":18.0,"turns":5.0},{"damage":7.0,"enemies":"3 Byrds","floor":20.0,"turns":2.0},{"damage":13.0,"enemies":"Gremlin Leader","floor":24.0,"turns":7.0},{"damage":0.0,"enemies":"Centurion and Healer","floor":28.0,"turns":6.0},{"damage":7.0,"enemies":"Cultist and Chosen","floor":30.0,"turns":5.0},{"damage":2.0,"enemies":"Book of Stabbing","floor":31.0,"turns":6.0},{"damage":5.0,"enemies":"Automaton","floor":33.0,"turns":13.0},{"damage":8.0,"enemies":"3 Darklings","floor":35.0,"turns":5.0},{"damage":0.0,"enemies":"Orb Walker","floor":37.0,"turns":4.0},{"damage":13.0,"enemies":"Transient","floor":39.0,"turns":6.0},{"damage":0.0,"enemies":"Nemesis","floor":41.0,"turns":9.0},{"damage":15,"enemies":"Reptomancer","floor":44,"turns":11},{"damage":0,"enemies":"3 Darklings","floor":45,"turns":6},{"damage":0,"enemies":"Nemesis","floor":47,"turns":7},{"damage":0,"enemies":"Maw","floor":48,"turns":8},{"damage":8,"enemies":"Time Eater","floor":50,"turns":12},{"damage":14,"enemies":"Awakened One","floor":51,"turns":16},{"damage":15,"enemies":"Shield and Spear","floor":55,"turns":11},{"damage":24,"enemies":"The Heart","floor":56,"turns":14}],"seed_played":"-5620449133435509243","potions_obtained":[{"floor":4.0,"key":"PowerPotion"},{"floor":7.0,"key":"Energy Potion"},{"floor":18.0,"key":"LiquidBronze"},{"floor":20.0,"key":"AttackPotion"},{"floor":30.0,"key":"SpeedPotion"},{"floor":48,"key":"LiquidBronze"}],"is_trial":false,"path_per_floor":["M","$","M","M","T","R","E","$","T","M","E","?","?","M","R","B",null,"M","$","M","?","T","R","E","R","T","$","M","R","M","E","R","B",null,"M","?","M","$","M","R","E","?","T","E","M","T","E","M","R","B","B",null,"R","$","E","B",null],"character_chosen":"DEFECT","items_purchased":["Capacitor","FocusPotion","Art of War","Barrage","FocusPotion","Swift Potion","Blood Vial"],"campfire_rested":3,"item_purchase_floors":[2,8,19,27,54,54,54],"current_hp_per_floor":[64,64,64,64,64,64,61,61,61,55,31,20,13,12,33,7,55,48,48,41,41,41,41,28,49,49,49,49,49,42,40,61,56,67,59,59,59,59,46,46,46,46,46,41,51,51,61,71,71,71,67,70,70,70,66,54],"gold":32,"neow_bonus":"THREE_ENEMY_KILL","is_prod":false,"is_daily":false,"chose_seed":false,"campfire_upgraded":5,"win_rate":0,"timestamp":1552042281,"path_taken":["M","?","M","M","?","R","E","?","T","M","E","?","?","M","R","BOSS","M","$","M","?","?","R","E","R","T","$","?","R","M","E","R","BOSS","M","?","M","$","?","R","E","?","T","E","?","?","E","M","R","BOSS","BOSS","R","$","E","BOSS"],"build_version":"2019-02-06","purchased_purges":4,"victory":true,"max_hp_per_floor":[71,71,71,71,71,71,71,71,71,71,71,71,71,71,71,71,71,71,71,71,71,71,71,71,71,71,71,71,71,71,71,71,71,71,71,71,71,71,71,71,71,71,71,71,71,71,71,71,71,71,71,71,71,71,71,71],"card_choices":[{"not_picked":["Go for the Eyes","Auto Shields","Beam Cell"],"picked":"SKIP","floor":1.0},{"not_picked":["Conserve Battery","Gash"],"picked":"Consume","floor":3.0},{"not_picked":["Tempest","Turbo"],"picked":"Cold Snap","floor":4.0},{"not_picked":["Darkness","Turbo","White Noise"],"picked":"SKIP","floor":7.0},{"not_picked":["Sweeping Beam","Loop"],"picked":"Genetic Algorithm","floor":10.0},{"not_picked":["Gash","Turbo","All For One"],"picked":"SKIP","floor":11.0},{"not_picked":["Sunder","Cold Snap"],"picked":"Ball Lightning","floor":14.0},{"not_picked":["Chaos","Stack"],"picked":"Cold Snap","floor":18.0},{"not_picked":["Go for the Eyes","Compile Driver","Turbo"],"picked":"SKIP","floor":20.0},{"not_picked":["Lockon","Beam Cell+1"],"picked":"Glacier+1","floor":24.0},{"not_picked":["Compile Driver","Streamline+1","Aggregate"],"picked":"SKIP","floor":28.0},{"not_picked":["Recycle","Auto Shields"],"picked":"Glacier+1","floor":30.0},{"not_picked":["Scrape","Turbo"],"picked":"Genetic Algorithm","floor":31.0},{"not_picked":["Machine Learning","All For One"],"picked":"Core Surge","floor":33.0},{"not_picked":["Rebound","Rip and Tear"],"picked":"Capacitor","floor":35.0},{"not_picked":["Turbo","Rip and Tear+1","Cold Snap"],"picked":"SKIP","floor":37.0},{"not_picked":["Lockon","Cold Snap+1","Sweeping Beam"],"picked":"SKIP","floor":39.0},{"not_picked":["Lockon","Sweeping Beam"],"picked":"Cold Snap+1","floor":39.0},{"not_picked":["Chaos","Turbo+1"],"picked":"Self Repair+1","floor":41.0},{"not_picked":["Hologram","Go for the Eyes"],"picked":"Biased Cognition","floor":44},{"not_picked":["Doom and Gloom+1","Streamline"],"picked":"Defragment","floor":45},{"not_picked":["Sweeping Beam","Compile Driver","Conserve Battery"],"picked":"SKIP","floor":47},{"not_picked":["Steam Power","Skim","Cold Snap"],"picked":"SKIP","floor":48},{"not_picked":["Redo","All For One","Compile Driver"],"picked":"SKIP","floor":55}],"player_experience":1340475,"relics_obtained":[{"floor":5.0,"key":"Mercury Hourglass"},{"floor":7.0,"key":"Dodecahedron"},{"floor":9.0,"key":"Mummified Hand"},{"floor":11.0,"key":"Pocketwatch"},{"floor":24.0,"key":"Orichalcum"},{"floor":26.0,"key":"Smiling Mask"},{"floor":31.0,"key":"Symbiotic Virus"},{"floor":41.0,"key":"Peace Pipe"},{"floor":43.0,"key":"Blue Candle"},{"floor":44,"key":"War Paint"},{"floor":46,"key":"Bottled Flame"},{"floor":47,"key":"Turnip"},{"floor":55,"key":"DataDisk"}],"event_choices":[{"damage_healed":0.0,"max_hp_gain":0.0,"max_hp_loss":0.0,"gold_gain":75.0,"event_name":"World of Goop","player_choice":"Gather Gold","floor":12.0,"gold_loss":0.0,"damage_taken":11.0},{"cards_removed":["Strike_B"],"damage_healed":0.0,"max_hp_gain":0.0,"max_hp_loss":0.0,"gold_gain":0.0,"event_name":"Golden Wing","player_choice":"Card Removal","floor":13.0,"gold_loss":0.0,"damage_taken":7.0},{"cards_removed":["Strike_B"],"damage_healed":0.0,"max_hp_gain":0.0,"max_hp_loss":0.0,"gold_gain":0.0,"event_name":"Beggar","player_choice":"Gave Gold","floor":21.0,"gold_loss":75.0,"damage_taken":0.0},{"damage_healed":0.0,"max_hp_gain":0.0,"max_hp_loss":0.0,"gold_gain":0.0,"event_name":"Duplicator","player_choice":"Copied","floor":36.0,"gold_loss":0.0,"damage_taken":0.0,"cards_obtained":["Capacitor"]},{"cards_removed":["Defend_B"],"damage_healed":0.0,"max_hp_gain":0.0,"max_hp_loss":0.0,"gold_gain":0.0,"event_name":"Bonfire Elementals","player_choice":"Offered Basic","floor":42.0,"gold_loss":0.0,"damage_taken":0.0}],"is_beta":true,"boss_relics":[{"not_picked":["Lizard Tail","Calling Bell"],"picked":"Velvet Choker"},{"not_picked":["Orrery","Fusion Hammer"],"picked":"Nuclear Battery"}],"items_purged_floors":[19,27,38,54],"is_endless":false,"potions_floor_spawned":[4,7,10,18,20,30,33,35,44,48],"ascension_level":20}