{"gold_per_floor":[117,117,129,139,139,139,165,176,201,232,111,138,138,161,161,233,233,251,251,23,23,23,84,84,27,54,64,64,64,98,98,98,173,173,192,209,50,50,63,63,43,43,43,43,58,75,75,100,100,100],"floor_reached":50,"playtime":1709,"items_purged":["Strike_R","Strike_R"],"score":1128,"play_id":"9c23705f-72c8-46a4-abe2-189086aa0c47","local_time":"20190305000143","is_ascension_mode":true,"campfire_choices":[{"data":"Combust","floor":6.0,"key":"SMITH"},{"data":"Limit Break","floor":13.0,"key":"SMITH"},{"data":"Heavy Blade","floor":15.0,"key":"SMITH"},{"data":"Ghostly","floor":24.0,"key":"SMITH"},{"data":"Ghostly","floor":29.0,"key":"SMITH"},{"floor":32.0,"key":"REST"},{"data":"Offering","floor":40.0,"key":"SMITH"},{"floor":44.0,"key":"RECALL"},{"data":"Ghostly","floor":49,"key":"SMITH"}],"neow_cost":"PERCENT_DAMAGE","seed_source_timestamp":2881417104154310,"circlet_count":0,"master_deck":["AscendersBane","Strike_R","Defend_R","Defend_R","Defend_R","Defend_R","Bash+1","Pommel Strike","Battle Trance","Combust+1","Limit Break+1","Clothesline","Heavy Blade+1","Offering+1","Sword Boomerang","J.A.X.","Limit Break+1","Ghostly+1","Ghostly+1","Ghostly+1","Headbutt","Necronomicurse","Impervious","Flex","Inflame","Clumsy","Shrug It Off","Heavy Blade+1"],"special_seed":0,"relics":["Burning Blood","Ice Cream","Red Skull","MawBank","Juzu Bracelet","PreservedInsect","Runic Pyramid","DollysMirror","Tiny Chest","Lantern","Dream Catcher","Necronomicon","Cursed Key","Art of War"],"potions_floor_usage":[],"damage_taken":[{"damage":5.0,"enemies":"Small Slimes","floor":1.0,"turns":4.0},{"damage":0.0,"enemies":"Cultist","floor":3.0,"turns":3.0},{"damage":2.0,"enemies":"Jaw Worm","floor":4.0,"turns":4.0},{"damage":10.0,"enemies":"Lagavulin","floor":7.0,"turns":5.0},{"damage":11.0,"enemies":"Blue Slaver","floor":8.0,"turns":3.0},{"damage":7.0,"enemies":"Looter","floor":10.0,"turns":3.0},{"damage":27.0,"enemies":"Gremlin Nob","floor":12.0,"turns":4.0},{"damage":11.0,"enemies":"Hexaghost","floor":16.0,"turns":6.0},{"damage":28.0,"enemies":"Spheric Guardian","floor":18.0,"turns":4.0},{"damage":8.0,"enemies":"Gremlin Leader","floor":23.0,"turns":4.0},{"damage":7.0,"enemies":"2 Thieves","floor":27.0,"turns":4.0},{"damage":16.0,"enemies":"Book of Stabbing","floor":30.0,"turns":4.0},{"damage":8.0,"enemies":"Champ","floor":33.0,"turns":5.0},{"damage":1.0,"enemies":"3 Shapes","floor":35.0,"turns":4.0},{"damage":10.0,"enemies":"3 Darklings","floor":36.0,"turns":7.0},{"damage":9.0,"enemies":"Writhing Mass","floor":39.0,"turns":3.0},{"damage":4.0,"enemies":"Sphere and 2 Shapes","floor":45.0,"turns":5.0},{"damage":2.0,"enemies":"Maw","floor":46.0,"turns":3.0},{"damage":13,"enemies":"Reptomancer","floor":48,"turns":6},{"damage":53,"enemies":"Time Eater","floor":50,"turns":4}],"seed_played":"-4806660492390680813","potions_obtained":[{"floor":1.0,"key":"Dexterity Potion"},{"floor":4.0,"key":"FearPotion"},{"floor":7.0,"key":"SteroidPotion"}],"is_trial":false,"path_per_floor":["M","?","M","M","?","R","E","M","T","M","$","E","R","T","R","B",null,"M","?","$","?","?","E","R","$","T","M","$","R","E","?","R","B",null,"M","M","$","?","M","R","?","$","T","R","M","M","?","E","R","B"],"character_chosen":"IRONCLAD","items_purchased":["Heavy Blade","DollysMirror","SteroidPotion","Flex"],"campfire_rested":1,"item_purchase_floors":[11,20,25,37],"current_hp_per_floor":[51,51,57,61,61,61,57,52,52,51,51,30,30,30,30,25,63,41,41,41,37,37,35,35,35,35,34,34,34,24,3,14,12,31,36,32,32,32,29,29,29,29,29,29,31,35,35,28,28,0],"gold":100,"neow_bonus":"ONE_RARE_RELIC","is_prod":false,"is_daily":false,"chose_seed":false,"campfire_upgraded":7,"win_rate":0,"timestamp":1551772903,"path_taken":["M","?","M","M","?","R","E","?","T","M","$","E","R","?","R","BOSS","M","?","$","?","?","E","R","?","T","M","?","R","E","?","R","BOSS","M","M","$","?","M","R","?","$","T","R","M","M","?","E","R","BOSS"],"build_version":"2019-02-06","purchased_purges":2,"victory":false,"max_hp_per_floor":[75,75,75,75,75,75,75,75,75,75,75,75,75,75,75,75,75,75,75,75,37,37,37,37,37,37,37,37,37,37,37,37,37,37,37,37,37,37,37,37,37,37,37,37,37,37,37,37,37,37],"card_choices":[{"not_picked":["Pummel","Twin Strike"],"picked":"Pommel Strike","floor":1.0},{"not_picked":["Anger","Warcry"],"picked":"Battle Trance","floor":3.0},{"not_picked":["Power Through","Wild Strike"],"picked":"Combust","floor":4.0},{"not_picked":["Twin Strike","Sword Boomerang"],"picked":"Limit Break","floor":7.0},{"not_picked":["Evolve","Iron Wave"],"picked":"Clothesline","floor":8.0},{"not_picked":["Pommel Strike","Wild Strike","Havoc"],"picked":"SKIP","floor":10.0},{"not_picked":["Cleave","Double Tap","Entrench"],"picked":"SKIP","floor":12.0},{"not_picked":["Juggernaut","Limit Break"],"picked":"Offering","floor":16.0},{"not_picked":["Corruption","Havoc"],"picked":"Sword Boomerang","floor":18.0},{"not_picked":["Hemokinesis","Rupture"],"picked":"Headbutt","floor":23.0},{"not_picked":["Clash","Warcry","Iron Wave"],"picked":"SKIP","floor":27.0},{"not_picked":["Sever Soul","Rage","Warcry"],"picked":"SKIP","floor":30.0},{"not_picked":["Feed","Demon Form"],"picked":"Impervious","floor":33.0},{"not_picked":["Cleave+1","Clash","Sword Boomerang"],"picked":"SKIP","floor":35.0},{"not_picked":["Iron Wave","Cleave","Body Slam+1"],"picked":"SKIP","floor":36.0},{"not_picked":["Body Slam","Intimidate"],"picked":"Inflame","floor":39.0},{"not_picked":["Wild Strike","Power Through","Corruption"],"picked":"SKIP","floor":45.0},{"not_picked":["Sword Boomerang","Dual Wield"],"picked":"Shrug It Off","floor":46.0},{"not_picked":["Intimidate+1","Burning Pact"],"picked":"Heavy Blade+1","floor":48}],"player_experience":1313747,"relics_obtained":[{"floor":7.0,"key":"Red Skull"},{"floor":9.0,"key":"MawBank"},{"floor":12.0,"key":"Juzu Bracelet"},{"floor":14.0,"key":"PreservedInsect"},{"floor":23.0,"key":"Tiny Chest"},{"floor":26.0,"key":"Lantern"},{"floor":30.0,"key":"Dream Catcher"},{"floor":31.0,"key":"Necronomicon"},{"floor":48,"key":"Art of War"}],"event_choices":[{"damage_healed":0.0,"max_hp_gain":0.0,"max_hp_loss":0.0,"gold_gain":0.0,"event_name":"Living Wall","player_choice":"Grow","floor":2.0,"gold_loss":0.0,"damage_taken":0.0,"cards_upgraded":["Bash"]},{"cards_removed":["Strike_R"],"damage_healed":0.0,"max_hp_gain":0.0,"max_hp_loss":0.0,"gold_gain":0.0,"event_name":"Bonfire Elementals","player_choice":"Offered Basic","floor":5.0,"gold_loss":0.0,"damage_taken":0.0},{"damage_healed":0.0,"max_hp_gain":0.0,"max_hp_loss":0.0,"gold_gain":0.0,"event_name":"Drug Dealer","player_choice":"Obtain J.A.X.","floor":19.0,"gold_loss":0.0,"damage_taken":0.0,"cards_obtained":["J.A.X."]},{"damage_healed":0.0,"max_hp_gain":0.0,"max_hp_loss":38.0,"gold_gain":0.0,"event_name":"Ghosts","player_choice":"Became a Ghost","floor":21.0,"gold_loss":0.0,"damage_taken":0.0,"cards_obtained":["Ghostly","Ghostly","Ghostly"]},{"damage_healed":0.0,"max_hp_gain":0.0,"max_hp_loss":0.0,"gold_gain":0.0,"event_name":"The Mausoleum","player_choice":"Ignored","floor":22.0,"gold_loss":0.0,"damage_taken":0.0},{"damage_healed":0.0,"max_hp_gain":0.0,"max_hp_loss":0.0,"gold_gain":0.0,"event_name":"Cursed Tome","player_choice":"Obtained Book","floor":31.0,"gold_loss":0.0,"damage_taken":21.0},{"cards_removed":["Strike_R"],"damage_healed":0.0,"max_hp_gain":0.0,"max_hp_loss":0.0,"gold_gain":0.0,"event_name":"Falling","player_choice":"Removed Attack","floor":38.0,"gold_loss":0.0,"damage_taken":0.0},{"damage_healed":0.0,"max_hp_gain":0.0,"max_hp_loss":0.0,"gold_gain":0.0,"event_name":"The Woman in Blue","player_choice":"Bought 1 Potion","floor":41.0,"gold_loss":0.0,"damage_taken":0.0},{"damage_healed":0,"gold_gain":0,"player_choice":"Memory 1","damage_taken":0,"max_hp_gain":0,"max_hp_loss":0,"event_name":"SensoryStone","floor":47,"gold_loss":0}],"is_beta":true,"boss_relics":[{"not_picked":["Philosopher\u0027s Stone","Eternal Feather"],"picked":"Runic Pyramid"},{"not_picked":["Calling Bell","Lizard Tail"],"picked":"Cursed Key"}],"items_purged_floors":[11,37],"is_endless":false,"potions_floor_spawned":[1,4,7,10,12,27,45,46,48],"killed_by":"Time Eater","ascension_level":20}