{"gold_per_floor":[111,123,64,64,139,168,188,188,237,237,252,267,287,303,303,377,377,391,419,439,450,11,11,42,42,42,70,70,70,83,101,101,101],"floor_reached":33,"playtime":1202,"items_purged":["Strike_R"],"score":628,"play_id":"05abbb9d-fca0-4990-9252-0fee9c5b90b8","local_time":"20190215165558","is_ascension_mode":true,"campfire_choices":[{"data":"Bash","floor":8.0,"key":"SMITH"},{"data":"Anger","floor":10.0,"key":"SMITH"},{"data":"Armaments","floor":15.0,"key":"SMITH"},{"data":"Immolate","floor":23.0,"key":"SMITH"},{"data":"Disarm","floor":25.0,"key":"SMITH"},{"data":"Ghostly","floor":32,"key":"SMITH"}],"neow_cost":"NONE","seed_source_timestamp":1826055642245680,"circlet_count":0,"master_deck":["AscendersBane","Strike_R","Strike_R","Strike_R","Defend_R","Defend_R","Defend_R","Defend_R","Bash+1","Clothesline","Anger+1","Shrug It Off","Disarm+1","Feed","Armaments+1","Immolate+1","Shrug It Off","Shrug It Off","Exhume","Corruption","Battle Trance","Ghostly+1","Ghostly","Ghostly","Battle Trance"],"special_seed":0,"relics":["Burning Blood","NeowsBlessing","Strawberry","Pen Nib","Velvet Choker","Red Mask","PreservedInsect","Dream Catcher","Self Forming Clay","Matryoshka"],"potions_floor_usage":[],"damage_taken":[{"damage":0.0,"enemies":"Small Slimes","floor":1.0,"turns":2.0},{"damage":0.0,"enemies":"Jaw Worm","floor":2.0,"turns":1.0},{"damage":0.0,"enemies":"Lagavulin","floor":6.0,"turns":1.0},{"damage":0.0,"enemies":"Cultist","floor":7.0,"turns":3.0},{"damage":3.0,"enemies":"Blue Slaver","floor":11.0,"turns":3.0},{"damage":14.0,"enemies":"Exordium Wildlife","floor":12.0,"turns":6.0},{"damage":8.0,"enemies":"Red Slaver","floor":13.0,"turns":3.0},{"damage":18.0,"enemies":"Gremlin Gang","floor":14.0,"turns":3.0},{"damage":58.0,"enemies":"The Guardian","floor":16.0,"turns":17.0},{"damage":4.0,"enemies":"Chosen","floor":18.0,"turns":3.0},{"damage":18.0,"enemies":"Masked Bandits","floor":19.0,"turns":3.0},{"damage":6.0,"enemies":"3 Byrds","floor":20.0,"turns":6.0},{"damage":12.0,"enemies":"Snake Plant","floor":21.0,"turns":5.0},{"damage":28.0,"enemies":"Book of Stabbing","floor":24.0,"turns":5.0},{"damage":11.0,"enemies":"Slavers","floor":27.0,"turns":5.0},{"damage":30,"enemies":"Cultist and Chosen","floor":30,"turns":6},{"damage":0,"enemies":"Centurion and Healer","floor":31,"turns":6},{"damage":16,"enemies":"Collector","floor":33,"turns":7}],"seed_played":"-4721523276052851810","potions_obtained":[{"floor":6.0,"key":"Dexterity Potion"},{"floor":11.0,"key":"PowerPotion"},{"floor":16.0,"key":"GamblersBrew"},{"floor":19.0,"key":"EssenceOfSteel"},{"floor":27.0,"key":"SteroidPotion"}],"is_trial":false,"path_per_floor":["M","M","$","?","?","E","M","R","T","R","M","M","M","M","R","B",null,"M","?","M","M","$","R","E","R","T","E","$","?","M","M","R","B"],"character_chosen":"IRONCLAD","items_purchased":["Anger","Exhume","PreservedInsect","Corruption"],"campfire_rested":0,"item_purchase_floors":[3,22,22,22],"current_hp_per_floor":[74,75,75,68,57,70,76,76,76,76,79,71,72,63,63,11,69,75,63,66,63,63,63,41,41,41,39,39,39,18,30,30,14],"gold":101,"neow_bonus":"THREE_ENEMY_KILL","is_prod":false,"is_daily":false,"chose_seed":false,"campfire_upgraded":6,"win_rate":0,"timestamp":1550278558,"path_taken":["M","M","$","?","?","E","M","R","T","R","M","M","M","M","R","BOSS","M","?","M","M","$","R","E","R","T","E","$","?","M","M","R","BOSS"],"build_version":"2019-02-06","purchased_purges":1,"victory":false,"max_hp_per_floor":[75,75,75,75,75,82,82,82,82,82,82,82,85,88,88,88,88,92,92,95,98,98,98,98,98,98,101,101,50,53,59,59,59],"card_choices":[{"not_picked":["Cleave","Twin Strike","Iron Wave"],"picked":"SKIP","floor":1.0},{"not_picked":["Entrench","Pommel Strike"],"picked":"Clothesline","floor":2.0},{"not_picked":["Heavy Blade","True Grit","Dropkick"],"picked":"SKIP","floor":6.0},{"not_picked":["Brutality","Pommel Strike"],"picked":"Shrug It Off","floor":7.0},{"not_picked":["Havoc","Fire Breathing"],"picked":"Disarm","floor":11.0},{"not_picked":["Flex","Iron Wave"],"picked":"Feed","floor":12.0},{"not_picked":["Searing Blow","Pummel","Iron Wave"],"picked":"SKIP","floor":13.0},{"not_picked":["Havoc","Flex"],"picked":"Armaments","floor":14.0},{"not_picked":["Demon Form","Feed"],"picked":"Immolate","floor":16.0},{"not_picked":["Headbutt+1","Flex","Iron Wave+1"],"picked":"SKIP","floor":18.0},{"not_picked":["Seeing Red","Wild Strike"],"picked":"Shrug It Off","floor":19.0},{"not_picked":["Clash","True Grit","Armaments"],"picked":"SKIP","floor":20.0},{"not_picked":["Sword Boomerang","Flex"],"picked":"Shrug It Off","floor":21.0},{"not_picked":["Intimidate","True Grit"],"picked":"Battle Trance","floor":24.0},{"not_picked":["Flex","Brutality","Heavy Blade"],"picked":"SKIP","floor":27.0},{"not_picked":["Perfected Strike","Ghostly Armor"],"picked":"Battle Trance","floor":30},{"not_picked":["Twin Strike","Pommel Strike","Fire Breathing"],"picked":"SKIP","floor":31}],"player_experience":1179341,"relics_obtained":[{"floor":6.0,"key":"Strawberry"},{"floor":9.0,"key":"Pen Nib"},{"floor":19.0,"key":"Red Mask"},{"floor":24.0,"key":"Dream Catcher"},{"floor":26.0,"key":"Self Forming Clay"},{"floor":27.0,"key":"Matryoshka"}],"event_choices":[{"cards_removed":["Strike_R"],"damage_healed":0.0,"max_hp_gain":0.0,"max_hp_loss":0.0,"gold_gain":0.0,"event_name":"Golden Wing","player_choice":"Card Removal","floor":4.0,"gold_loss":0.0,"damage_taken":7.0},{"damage_healed":0.0,"max_hp_gain":0.0,"max_hp_loss":0.0,"gold_gain":75.0,"event_name":"World of Goop","player_choice":"Gather Gold","floor":5.0,"gold_loss":0.0,"damage_taken":11.0},{"damage_healed":0.0,"max_hp_gain":0.0,"max_hp_loss":0.0,"gold_gain":0.0,"event_name":"Masked Bandits","player_choice":"Fought Bandits","floor":19.0,"gold_loss":0.0,"damage_taken":0.0},{"damage_healed":0.0,"max_hp_gain":0.0,"max_hp_loss":51.0,"gold_gain":0.0,"event_name":"Ghosts","player_choice":"Became a Ghost","floor":29.0,"gold_loss":0.0,"damage_taken":0.0,"cards_obtained":["Ghostly","Ghostly","Ghostly"]}],"is_beta":true,"boss_relics":[{"not_picked":["Lizard Tail","Calling Bell"],"picked":"Velvet Choker"}],"items_purged_floors":[22],"is_endless":false,"potions_floor_spawned":[6,11,13,16,18,19,20,24,27],"killed_by":"Collector","ascension_level":20}