{"gold_per_floor":[114,125,145,145,145,145,156,183,183,183,206,206,24,35,35,114,114,128,228,228,242,254,254,285,305,305,325,352,362,379,394,394,468,468,481,481,481,495,507,534,534,548,572,589,604,623,634,660,660,660],"floor_reached":50,"playtime":2491,"items_purged":[],"score":1229,"play_id":"f6d31bff-7601-4e31-96f9-50313d3c836c","local_time":"20190224050526","is_ascension_mode":true,"campfire_choices":[{"data":"Bash","floor":6.0,"key":"SMITH"},{"data":"Perfected Strike","floor":10.0,"key":"SMITH"},{"data":"Apotheosis","floor":15.0,"key":"SMITH"},{"floor":23.0,"key":"REST"},{"floor":32.0,"key":"REST"},{"floor":41.0,"key":"REST"},{"floor":49,"key":"RECALL"}],"neow_cost":"NONE","seed_source_timestamp":2359300549206914,"circlet_count":0,"master_deck":["AscendersBane","Strike_R","Strike_R","Strike_R","Strike_R","Defend_R","Defend_R","Defend_R","Defend_R","Bash+1","Shrug It Off","Perfected Strike+1","Uppercut","Pommel Strike","Apotheosis+1","Perfected Strike","Offering+1","Perfected Strike","Shrug It Off","Twin Strike","Thunderclap+1","Spot Weakness","Immolate","True Grit","Twin Strike+1","Shrug It Off","Shrug It Off","Fiend Fire","Perfected Strike","Offering+1","Shrug It Off","Disarm","Spot Weakness","Double Tap","Bludgeon","Perfected Strike","Enlightenment","Master of Strategy","Flash of Steel","Battle Trance+1","Shrug It Off","True Grit+1","Shrug It Off","Perfected Strike","Warcry+1","Intimidate","Disarm"],"special_seed":0,"relics":["Burning Blood","Centennial Puzzle","Darkstone Periapt","Meat on the Bone","Odd Mushroom","Orrery","Prayer Wheel","Bottled Lightning","Dream Catcher","Red Skull","Anchor","White Beast Statue","Art of War","Du-Vu Doll"],"potions_floor_usage":[42,50],"damage_taken":[{"damage":0.0,"enemies":"2 Louse","floor":1.0,"turns":2.0},{"damage":9.0,"enemies":"Jaw Worm","floor":2.0,"turns":5.0},{"damage":1.0,"enemies":"Cultist","floor":3.0,"turns":3.0},{"damage":0.0,"enemies":"Exordium Wildlife","floor":7.0,"turns":3.0},{"damage":8.0,"enemies":"Gremlin Nob","floor":8.0,"turns":3.0},{"damage":26.0,"enemies":"The Mushroom Lair","floor":11.0,"turns":6.0},{"damage":0.0,"enemies":"2 Fungi Beasts","floor":14.0,"turns":4.0},{"damage":54.0,"enemies":"Slime Boss","floor":16.0,"turns":12.0},{"damage":34.0,"enemies":"3 Byrds","floor":18.0,"turns":8.0},{"damage":14.0,"enemies":"Colosseum Slavers","floor":19.0,"turns":2.0},{"damage":16.0,"enemies":"Colosseum Nobs","floor":19.0,"turns":5.0},{"damage":22.0,"enemies":"Shell Parasite","floor":21.0,"turns":6.0},{"damage":14.0,"enemies":"Centurion and Healer","floor":22.0,"turns":5.0},{"damage":11.0,"enemies":"Gremlin Leader","floor":24.0,"turns":5.0},{"damage":40.0,"enemies":"Shelled Parasite and Fungi","floor":25.0,"turns":5.0},{"damage":24.0,"enemies":"Snake Plant","floor":27.0,"turns":2.0},{"damage":16.0,"enemies":"Book of Stabbing","floor":28.0,"turns":4.0},{"damage":1.0,"enemies":"Centurion and Healer","floor":29.0,"turns":4.0},{"damage":17.0,"enemies":"Shelled Parasite and Fungi","floor":30.0,"turns":3.0},{"damage":10.0,"enemies":"Snecko","floor":31.0,"turns":4.0},{"damage":52.0,"enemies":"Collector","floor":33.0,"turns":9.0},{"damage":6.0,"enemies":"Orb Walker","floor":35.0,"turns":2.0},{"damage":28.0,"enemies":"3 Darklings","floor":38.0,"turns":3.0},{"damage":15.0,"enemies":"4 Shapes","floor":39.0,"turns":4.0},{"damage":24.0,"enemies":"Reptomancer","floor":40.0,"turns":4.0},{"damage":32,"enemies":"Maw","floor":42,"turns":6},{"damage":19,"enemies":"Jaw Worm Horde","floor":44,"turns":5},{"damage":17,"enemies":"3 Darklings","floor":45,"turns":4},{"damage":17,"enemies":"Sphere and 2 Shapes","floor":46,"turns":5},{"damage":27,"enemies":"Spire Growth","floor":47,"turns":3},{"damage":28,"enemies":"Giant Head","floor":48,"turns":7},{"damage":50,"enemies":"Donu and Deca","floor":50,"turns":5}],"seed_played":"448708577869860340","potions_obtained":[{"floor":2.0,"key":"Regen Potion"},{"floor":3.0,"key":"Swift Potion"},{"floor":7.0,"key":"Fire Potion"},{"floor":8.0,"key":"Block Potion"},{"floor":16.0,"key":"GamblersBrew"},{"floor":21.0,"key":"Energy Potion"},{"floor":29.0,"key":"Energy Potion"},{"floor":35.0,"key":"Energy Potion"},{"floor":40.0,"key":"FearPotion"},{"floor":42,"key":"SteroidPotion"},{"floor":44,"key":"Dexterity Potion"}],"is_trial":false,"path_per_floor":["M","M","M","$","?","R","M","E","T","R","?","?","$","M","R","B",null,"M","?","?","M","M","R","E","M","T","M","E","M","M","M","R","B",null,"M","?","?","M","M","E","R","M","T","M","M","M","M","E","R","B"],"character_chosen":"IRONCLAD","items_purchased":["Apotheosis"],"campfire_rested":3,"item_purchase_floors":[13],"current_hp_per_floor":[74,71,75,75,68,68,74,72,72,72,52,57,57,63,63,27,67,51,57,57,53,57,80,75,53,53,47,49,54,55,51,75,41,70,70,60,60,50,53,47,71,57,57,56,57,58,49,39,39,0],"gold":660,"neow_bonus":"RANDOM_COMMON_RELIC","is_prod":false,"is_daily":false,"chose_seed":false,"campfire_upgraded":3,"win_rate":0,"timestamp":1551013526,"path_taken":["M","M","M","$","?","R","M","E","T","R","?","?","?","M","R","BOSS","M","?","?","?","M","R","E","M","T","M","E","M","M","M","R","BOSS","M","?","?","M","M","E","R","M","T","M","M","M","?","E","R","BOSS"],"build_version":"2019-02-06","purchased_purges":0,"victory":false,"max_hp_per_floor":[75,75,75,75,75,75,75,75,75,75,75,80,80,80,80,80,80,80,80,80,80,80,80,80,80,80,80,80,80,80,80,80,80,80,80,80,80,80,80,80,80,80,80,80,80,80,80,80,80,80],"card_choices":[{"not_picked":["Wild Strike","Cleave"],"picked":"Shrug It Off","floor":1.0},{"not_picked":["Cleave","Power Through"],"picked":"Perfected Strike","floor":2.0},{"not_picked":["Searing Blow","Power Through","Sword Boomerang"],"picked":"SKIP","floor":3.0},{"not_picked":["Cleave","Havoc","True Grit"],"picked":"SKIP","floor":7.0},{"not_picked":["Cleave","Havoc","True Grit"],"picked":"SKIP","floor":7.0},{"not_picked":["Seeing Red","Dropkick"],"picked":"Uppercut","floor":8.0},{"not_picked":["Twin Strike","Dropkick"],"picked":"Pommel Strike","floor":11.0},{"not_picked":["Entrench","Body Slam"],"picked":"Perfected Strike","floor":14.0},{"not_picked":["Reaper","Bludgeon"],"picked":"Offering","floor":16.0},{"not_picked":["Clash","Barricade"],"picked":"Perfected Strike","floor":17.0},{"not_picked":["Sword Boomerang","Twin Strike"],"picked":"Shrug It Off","floor":17.0},{"not_picked":["Iron Wave","Whirlwind"],"picked":"Twin Strike","floor":17.0},{"not_picked":["Flex","Uppercut"],"picked":"Thunderclap+1","floor":18.0},{"not_picked":["Twin Strike+1","Wild Strike"],"picked":"Spot Weakness","floor":19.0},{"not_picked":["Sword Boomerang+1","Ghostly Armor"],"picked":"Immolate","floor":21.0},{"not_picked":["Fire Breathing","Clash+1","Clothesline"],"picked":"SKIP","floor":21.0},{"not_picked":["Sever Soul","Infernal Blade"],"picked":"True Grit","floor":22.0},{"not_picked":["Fire Breathing","Infernal Blade","Intimidate"],"picked":"SKIP","floor":22.0},{"not_picked":["Rupture","Havoc"],"picked":"Twin Strike+1","floor":24.0},{"not_picked":["Second Wind","Wild Strike"],"picked":"Shrug It Off","floor":25.0},{"not_picked":["Immolate","Pommel Strike","Twin Strike"],"picked":"SKIP","floor":25.0},{"not_picked":["Flex","Thunderclap+1"],"picked":"Shrug It Off","floor":27.0},{"not_picked":["Twin Strike","Sever Soul+1"],"picked":"Fiend Fire","floor":27.0},{"not_picked":["Body Slam","Corruption"],"picked":"Perfected Strike","floor":28.0},{"not_picked":["Pummel","Cleave+1"],"picked":"Offering","floor":29.0},{"not_picked":["Seeing Red","Infernal Blade"],"picked":"Shrug It Off","floor":29.0},{"not_picked":["Heavy Blade","Body Slam"],"picked":"Disarm","floor":30.0},{"not_picked":["Havoc+1","Flex","Cleave"],"picked":"SKIP","floor":30.0},{"not_picked":["True Grit+1","Clash"],"picked":"Spot Weakness","floor":31.0},{"not_picked":["Sword Boomerang","Twin Strike","Blood for Blood"],"picked":"SKIP","floor":31.0},{"not_picked":["Carnage+1","Rupture"],"picked":"Double Tap","floor":32.0},{"not_picked":["Barricade","Immolate"],"picked":"Bludgeon","floor":33.0},{"not_picked":["Intimidate","Warcry"],"picked":"Perfected Strike","floor":35.0},{"not_picked":["Flex","Rage","Ghostly Armor"],"picked":"SKIP","floor":35.0},{"not_picked":["Forethought","Mind Blast"],"picked":"Enlightenment","floor":36.0},{"not_picked":["Trip","Bandage Up"],"picked":"Master of Strategy","floor":36.0},{"not_picked":["Good Instincts","Impatience"],"picked":"Flash of Steel","floor":36.0},{"not_picked":["Body Slam","Flex"],"picked":"Battle Trance+1","floor":38.0},{"not_picked":["Cleave+1","True Grit"],"picked":"Shrug It Off","floor":38.0},{"not_picked":["Iron Wave+1","Intimidate","Body Slam"],"picked":"SKIP","floor":39.0},{"not_picked":["Combust+1","Searing Blow","Rupture"],"picked":"SKIP","floor":39.0},{"not_picked":["Headbutt","Inflame"],"picked":"True Grit+1","floor":40.0},{"not_picked":["Juggernaut","Warcry"],"picked":"Shrug It Off","floor":42},{"not_picked":["Sword Boomerang","Burning Pact+1","Infernal Blade"],"picked":"SKIP","floor":42},{"not_picked":["Wild Strike+1","Warcry"],"picked":"Perfected Strike","floor":44},{"not_picked":["True Grit","Thunderclap","Body Slam"],"picked":"SKIP","floor":44},{"not_picked":["Rampage+1","Cleave+1"],"picked":"Warcry+1","floor":45},{"not_picked":["Spot Weakness+1","Sword Boomerang+1","Anger"],"picked":"SKIP","floor":45},{"not_picked":["Whirlwind","Armaments+1"],"picked":"Intimidate","floor":46},{"not_picked":["Flex","Immolate","Iron Wave"],"picked":"SKIP","floor":46},{"not_picked":["Warcry","Seeing Red"],"picked":"Disarm","floor":47},{"not_picked":["True Grit","Twin Strike+1","Ghostly Armor"],"picked":"SKIP","floor":47},{"not_picked":["Armaments+1","Perfected Strike","Twin Strike"],"picked":"SKIP","floor":48}],"player_experience":1239035,"relics_obtained":[{"floor":8.0,"key":"Darkstone Periapt"},{"floor":9.0,"key":"Meat on the Bone"},{"floor":11.0,"key":"Odd Mushroom"},{"floor":19.0,"key":"Prayer Wheel"},{"floor":19.0,"key":"Bottled Lightning"},{"floor":24.0,"key":"Dream Catcher"},{"floor":26.0,"key":"Red Skull"},{"floor":28.0,"key":"Anchor"},{"floor":40.0,"key":"Art of War"},{"floor":48,"key":"Du-Vu Doll"}],"event_choices":[{"cards_removed":["Strike_R"],"damage_healed":0.0,"max_hp_gain":0.0,"max_hp_loss":0.0,"gold_gain":0.0,"event_name":"Golden Wing","player_choice":"Card Removal","floor":5.0,"gold_loss":0.0,"damage_taken":7.0},{"damage_healed":0.0,"max_hp_gain":0.0,"max_hp_loss":0.0,"gold_gain":0.0,"event_name":"Mushrooms","player_choice":"Fought Mushrooms","floor":11.0,"gold_loss":0.0,"damage_taken":0.0},{"damage_healed":0.0,"max_hp_gain":5.0,"max_hp_loss":0.0,"gold_gain":0.0,"event_name":"Big Fish","player_choice":"Donut","floor":12.0,"gold_loss":0.0,"damage_taken":0.0},{"damage_healed":0.0,"max_hp_gain":0.0,"max_hp_loss":0.0,"gold_gain":0.0,"event_name":"Colosseum","player_choice":"Fight","floor":19.0,"gold_loss":0.0,"damage_taken":0.0},{"damage_healed":0.0,"max_hp_gain":0.0,"max_hp_loss":0.0,"gold_gain":0.0,"event_name":"Colosseum","player_choice":"Fought Nobs","floor":19.0,"gold_loss":0.0,"damage_taken":0.0},{"damage_healed":0.0,"max_hp_gain":0.0,"max_hp_loss":0.0,"gold_gain":0.0,"event_name":"Upgrade Shrine","player_choice":"Upgraded","floor":20.0,"gold_loss":0.0,"damage_taken":0.0,"cards_upgraded":["Offering"]},{"damage_healed":0.0,"max_hp_gain":0.0,"max_hp_loss":0.0,"gold_gain":0.0,"event_name":"SensoryStone","player_choice":"Memory 3","floor":36.0,"gold_loss":0.0,"damage_taken":10.0},{"damage_healed":0.0,"max_hp_gain":0.0,"max_hp_loss":0.0,"gold_gain":0.0,"event_name":"Accursed Blacksmith","player_choice":"Forge","floor":37.0,"gold_loss":0.0,"damage_taken":0.0,"cards_upgraded":["Offering"]}],"is_beta":true,"boss_relics":[{"not_picked":["Eternal Feather","Mark of Pain"],"picked":"Orrery"},{"not_picked":["Tiny House","Black Blood"],"picked":"White Beast Statue"}],"items_purged_floors":[],"is_endless":false,"potions_floor_spawned":[2,3,7,8,16,19,21,24,29,30,35,38,39,40,42,44,45,46,47,48],"killed_by":"Donu and Deca","ascension_level":20}