{"gold_per_floor":[112,142,153,170,184,184,216,216,216,216,248,266,278,23,23,99,99,113,113,113,129,129,129],"floor_reached":23,"playtime":781,"items_purged":["Strike_B"],"score":402,"play_id":"82864fb6-88e5-4a24-bfd0-bceaaec2f454","local_time":"20190417031546","is_ascension_mode":true,"campfire_choices":[{"data":"Zap","floor":6.0,"key":"SMITH"},{"data":"Capacitor","floor":8.0,"key":"SMITH"},{"data":"Ball Lightning","floor":10.0,"key":"SMITH"},{"data":"Hologram","floor":15.0,"key":"SMITH"}],"neow_cost":"NONE","seed_source_timestamp":61715577946402,"circlet_count":0,"master_deck":["AscendersBane","Zap+1","Dualcast","Cold Snap","Cold Snap","Ball Lightning+1","Capacitor+1","Hologram+1","Echo Form","Hologram","Seek","Blizzard","Decay"],"special_seed":0,"relics":["Cracked Core","Tiny Chest","Bag of Marbles","Ancient Tea Set","PreservedInsect","Membership Card","Pandora\u0027s Box"],"potions_floor_usage":[23],"damage_taken":[{"damage":1.0,"enemies":"Cultist","floor":1.0,"turns":3.0},{"damage":4.0,"enemies":"2 Louse","floor":3.0,"turns":2.0},{"damage":0.0,"enemies":"Small Slimes","floor":4.0,"turns":3.0},{"damage":4.0,"enemies":"2 Fungi Beasts","floor":5.0,"turns":4.0},{"damage":6.0,"enemies":"Gremlin Nob","floor":7.0,"turns":3.0},{"damage":8.0,"enemies":"Lagavulin","floor":11.0,"turns":5.0},{"damage":6.0,"enemies":"Red Slaver","floor":12.0,"turns":2.0},{"damage":0.0,"enemies":"Large Slime","floor":13.0,"turns":3.0},{"damage":39.0,"enemies":"The Guardian","floor":16.0,"turns":15.0},{"damage":21.0,"enemies":"Shell Parasite","floor":18.0,"turns":5.0},{"damage":10,"enemies":"Chosen","floor":21,"turns":4},{"damage":30,"enemies":"Shelled Parasite and Fungi","floor":23,"turns":2}],"seed_played":"4523891269696333574","potions_obtained":[{"floor":3.0,"key":"AttackPotion"},{"floor":4.0,"key":"Swift Potion"},{"floor":11.0,"key":"EssenceOfSteel"}],"is_trial":false,"path_per_floor":["M","T","M","M","M","R","E","R","T","R","E","M","M","$","R","B",null,"M","?","?","M","?","M"],"character_chosen":"DEFECT","items_purchased":["Membership Card"],"campfire_rested":0,"item_purchase_floors":[14],"current_hp_per_floor":[70,70,66,66,62,62,56,56,56,56,48,42,42,42,42,3,59,38,38,38,28,28,0],"gold":129,"neow_bonus":"TEN_PERCENT_HP_BONUS","is_prod":false,"is_daily":false,"chose_seed":false,"campfire_upgraded":4,"win_rate":0,"timestamp":1555496146,"path_taken":["M","?","M","M","M","R","E","R","T","R","E","M","M","$","R","BOSS","M","?","?","?","?","M"],"build_version":"2019-04-04","purchased_purges":1,"victory":false,"max_hp_per_floor":[78,78,78,78,78,78,78,78,78,78,78,78,78,78,78,78,78,78,78,78,78,78,78],"card_choices":[{"not_picked":["Rebound","Steam"],"picked":"Cold Snap","floor":1.0},{"not_picked":["Steam","Rip and Tear","Turbo"],"picked":"SKIP","floor":3.0},{"not_picked":["Steam Power","Lockon"],"picked":"Cold Snap","floor":4.0},{"not_picked":["Redo","Heatsinks"],"picked":"Ball Lightning","floor":5.0},{"not_picked":["Reinforced Body","Reprogram"],"picked":"Capacitor","floor":7.0},{"not_picked":["Turbo","Double Energy"],"picked":"Hologram","floor":11.0},{"not_picked":["Chaos","Leap","Compile Driver"],"picked":"SKIP","floor":12.0},{"not_picked":["Redo","Thunder Strike","Lockon"],"picked":"SKIP","floor":13.0},{"not_picked":["Machine Learning","Core Surge"],"picked":"Echo Form","floor":16.0},{"not_picked":["Fusion","Darkness+1"],"picked":"Hologram","floor":18.0},{"not_picked":["Storm","Cold Snap"],"picked":"Blizzard","floor":21}],"player_experience":1410989,"relics_obtained":[{"floor":2.0,"key":"Tiny Chest"},{"floor":7.0,"key":"Bag of Marbles"},{"floor":9.0,"key":"Ancient Tea Set"},{"floor":11.0,"key":"PreservedInsect"}],"event_choices":[{"damage_healed":0.0,"max_hp_gain":0.0,"max_hp_loss":0.0,"gold_gain":0.0,"event_name":"The Mausoleum","player_choice":"Ignored","floor":19.0,"gold_loss":0.0,"damage_taken":0.0},{"damage_healed":0,"gold_gain":0,"player_choice":"1 cards matched","damage_taken":0,"max_hp_gain":0,"max_hp_loss":0,"event_name":"Match and Keep!","floor":20,"gold_loss":0,"cards_obtained":["Seek"]},{"damage_healed":0,"gold_gain":0,"player_choice":"Smashed Altar","damage_taken":0,"max_hp_gain":0,"max_hp_loss":0,"event_name":"Forgotten Altar","floor":22,"gold_loss":0,"cards_obtained":["Decay"]}],"is_beta":true,"boss_relics":[{"not_picked":["Sozu","Runic Dome"],"picked":"Pandora\u0027s Box"}],"items_purged_floors":[14],"is_endless":false,"potions_floor_spawned":[3,4,5,11,16],"killed_by":"Shelled Parasite and Fungi","ascension_level":20}