{"gold_per_floor":[113,163,181,194,214,214,103,135,160,171,171,171,191,219,219,291,291,304,304,324,340,13,13,33,363,363,377,377,389,422,435,435,512,512,527,542,542,442,461,461,164,192,237,237,256,256,288,301,301,301,301,301,301,85,118,118],"floor_reached":57,"playtime":3416,"items_purged":["Anger","Brutality","Cleave"],"score":3182,"play_id":"26f3fa2b-4049-428e-80b4-dffa6f2f768d","local_time":"20190201033022","is_ascension_mode":true,"campfire_choices":[{"data":"Inflame","floor":6.0,"key":"SMITH"},{"data":"Disarm","floor":11.0,"key":"SMITH"},{"data":"Body Slam","floor":15.0,"key":"SMITH"},{"data":"Offering","floor":23.0,"key":"SMITH"},{"data":"True Grit","floor":32.0,"key":"SMITH"},{"floor":40.0,"key":"RECALL"},{"data":"Offering","floor":44.0,"key":"SMITH"},{"data":"Flex","floor":49.0,"key":"SMITH"},{"data":"Shrug It Off","floor":53.0,"key":"SMITH"}],"neow_cost":"TEN_PERCENT_HP_LOSS","seed_source_timestamp":809318275888126,"circlet_count":0,"master_deck":["AscendersBane","Bash","Body Slam+1","Thunderclap","Inflame+1","Disarm+1","Shrug It Off+1","Combust","Shrug It Off","Whirlwind","Offering+1","Offering+1","Flex+1","Iron Wave","Sword Boomerang","Sever Soul","Corruption","Corruption","True Grit+1","Seeing Red","Reaper","Burning Pact","Exhume","Seeing Red","Secret Technique+1","Entrench+1","Secret Technique+1","Warcry+1"],"special_seed":0,"relics":["Burning Blood","Anchor","Ancient Tea Set","Oddly Smooth Stone","Dead Branch","Pandora\u0027s Box","PreservedInsect","Old Coin","Gremlin Horn","MutagenicStrength","Self Forming Clay","Snecko Eye","Toxic Egg 2","Centennial Puzzle","Boot"],"potions_floor_usage":[56,56],"damage_taken":[{"damage":9.0,"enemies":"2 Louse","floor":1.0,"turns":3.0},{"damage":2.0,"enemies":"Cultist","floor":3.0,"turns":4.0},{"damage":11.0,"enemies":"Small Slimes","floor":4.0,"turns":5.0},{"damage":8.0,"enemies":"3 Louse","floor":5.0,"turns":5.0},{"damage":8.0,"enemies":"Gremlin Nob","floor":8.0,"turns":3.0},{"damage":5.0,"enemies":"Gremlin Gang","floor":10.0,"turns":4.0},{"damage":2.0,"enemies":"Lots of Slimes","floor":13.0,"turns":5.0},{"damage":10.0,"enemies":"Lagavulin","floor":14.0,"turns":6.0},{"damage":39.0,"enemies":"The Guardian","floor":16.0,"turns":14.0},{"damage":13.0,"enemies":"Shell Parasite","floor":18.0,"turns":6.0},{"damage":6.0,"enemies":"3 Byrds","floor":20.0,"turns":2.0},{"damage":6.0,"enemies":"Snecko","floor":21.0,"turns":2.0},{"damage":6.0,"enemies":"Shelled Parasite and Fungi","floor":24.0,"turns":2.0},{"damage":12.0,"enemies":"Book of Stabbing","floor":25.0,"turns":3.0},{"damage":12.0,"enemies":"Centurion and Healer","floor":27.0,"turns":1.0},{"damage":8.0,"enemies":"3 Cultists","floor":29.0,"turns":4.0},{"damage":6.0,"enemies":"Gremlin Leader","floor":30.0,"turns":3.0},{"damage":19.0,"enemies":"Chosen and Byrds","floor":31.0,"turns":3.0},{"damage":15.0,"enemies":"Champ","floor":33.0,"turns":3.0},{"damage":0.0,"enemies":"3 Shapes","floor":35.0,"turns":1.0},{"damage":6.0,"enemies":"Orb Walker","floor":36.0,"turns":2.0},{"damage":0.0,"enemies":"Spire Growth","floor":39.0,"turns":2.0},{"damage":0.0,"enemies":"Giant Head","floor":42.0,"turns":2.0},{"damage":6.0,"enemies":"3 Darklings","floor":45.0,"turns":2.0},{"damage":6.0,"enemies":"Reptomancer","floor":47.0,"turns":1.0},{"damage":0.0,"enemies":"Maw","floor":48.0,"turns":3.0},{"damage":14.0,"enemies":"Donu and Deca","floor":50.0,"turns":2.0},{"damage":7.0,"enemies":"Awakened One","floor":51.0,"turns":2.0},{"damage":8.0,"enemies":"Shield and Spear","floor":55.0,"turns":3.0},{"damage":43,"enemies":"The Heart","floor":56,"turns":5}],"seed_played":"-1523573573655032965","potions_obtained":[{"floor":3.0,"key":"PowerPotion"},{"floor":4.0,"key":"LiquidBronze"},{"floor":5.0,"key":"Block Potion"},{"floor":13.0,"key":"GamblersBrew"},{"floor":18.0,"key":"SteroidPotion"},{"floor":30.0,"key":"Swift Potion"},{"floor":39.0,"key":"GamblersBrew"}],"is_trial":false,"path_per_floor":["M","?","M","M","M","R","$","E","T","M","R","?","M","E","R","B",null,"M","?","M","M","$","R","M","E","T","M","?","M","E","M","R","B",null,"M","M","?","$","M","R","$","E","T","R","M","?","E","M","R","B","B",null,"R","$","E","B",null],"character_chosen":"IRONCLAD","items_purchased":["Shrug It Off","Combust","Corruption","PreservedInsect","Exhume","Seeing Red","Secret Technique+1"],"campfire_rested":0,"item_purchase_floors":[7,7,22,22,41,41,54],"current_hp_per_floor":[65,59,63,58,56,56,56,54,54,55,55,44,48,44,44,11,54,47,68,68,68,68,68,68,62,62,56,56,54,54,41,41,32,59,65,68,68,68,68,68,68,68,68,68,68,58,58,68,68,68,68,68,68,68,66,42],"gold":118,"neow_bonus":"TRANSFORM_TWO_CARDS","is_prod":false,"is_daily":false,"chose_seed":false,"campfire_upgraded":8,"win_rate":0,"timestamp":1549020622,"path_taken":["M","?","?","M","M","R","$","E","T","?","R","?","M","E","R","BOSS","M","?","M","M","$","R","?","E","T","?","?","M","E","M","R","BOSS","M","M","?","$","M","R","$","E","T","R","M","?","E","M","R","BOSS","BOSS","R","$","E","BOSS"],"build_version":"2019-01-23","purchased_purges":3,"victory":true,"max_hp_per_floor":[68,68,68,68,68,68,68,68,68,68,68,68,68,68,68,68,68,68,68,68,68,68,68,68,68,68,68,68,68,68,68,68,68,68,68,68,68,68,68,68,68,68,68,68,68,68,68,68,68,68,68,68,68,68,68,68],"card_choices":[{"not_picked":["Body Slam","Burning Pact","Reckless Charge"],"picked":"SKIP","floor":1.0},{"not_picked":["Pommel Strike","Dual Wield"],"picked":"Inflame","floor":3.0},{"not_picked":["Infernal Blade","Dropkick"],"picked":"Anger","floor":4.0},{"not_picked":["Searing Blow","Clash"],"picked":"Disarm","floor":5.0},{"not_picked":["Carnage","Metallicize"],"picked":"Shrug It Off","floor":8.0},{"not_picked":["Wild Strike","Cleave","Dual Wield"],"picked":"SKIP","floor":10.0},{"not_picked":["Thunderclap","Wild Strike"],"picked":"Whirlwind","floor":13.0},{"not_picked":["Blood for Blood","True Grit"],"picked":"Offering","floor":14.0},{"not_picked":["Dark Embrace","Impervious"],"picked":"Offering","floor":16.0},{"not_picked":["Dual Wield","Armaments","Iron Wave"],"picked":"SKIP","floor":18.0},{"not_picked":["Clash+1","Twin Strike","Wild Strike"],"picked":"SKIP","floor":20.0},{"not_picked":["Body Slam","Blood for Blood"],"picked":"Corruption","floor":21.0},{"not_picked":["Iron Wave","Warcry"],"picked":"True Grit","floor":24.0},{"not_picked":["Twin Strike","Thunderclap","Iron Wave"],"picked":"SKIP","floor":25.0},{"not_picked":["Carnage","Inflame","Flex"],"picked":"SKIP","floor":27.0},{"not_picked":["Clash","Blood for Blood+1"],"picked":"Seeing Red","floor":29.0},{"not_picked":["Perfected Strike","Demon Form","Iron Wave"],"picked":"SKIP","floor":30.0},{"not_picked":["Pommel Strike","Twin Strike+1","Reckless Charge"],"picked":"SKIP","floor":31.0},{"not_picked":["Bludgeon","Fiend Fire"],"picked":"Reaper","floor":33.0},{"not_picked":["Cleave+1","Intimidate+1"],"picked":"Burning Pact","floor":35.0},{"not_picked":["Anger","Clash","Uppercut"],"picked":"SKIP","floor":36.0},{"not_picked":["Perfected Strike","Clothesline","Inflame"],"picked":"SKIP","floor":39.0},{"not_picked":["Heavy Blade","Body Slam","Havoc+1"],"picked":"SKIP","floor":42.0},{"not_picked":["Intimidate+1","Cleave","Clash+1"],"picked":"SKIP","floor":45.0},{"not_picked":["Trip+1","Metamorphosis+1"],"picked":"Secret Technique+1","floor":46.0},{"not_picked":["Inflame","Battle Trance+1","Heavy Blade"],"picked":"SKIP","floor":47.0},{"not_picked":["Infernal Blade+1","Searing Blow"],"picked":"Entrench+1","floor":48.0},{"not_picked":["Combust","Brutality"],"picked":"Warcry+1","floor":55.0}],"player_experience":1054480,"relics_obtained":[{"floor":8.0,"key":"Anchor"},{"floor":9.0,"key":"Ancient Tea Set"},{"floor":14.0,"key":"Dead Branch"},{"floor":25.0,"key":"Old Coin"},{"floor":26.0,"key":"Gremlin Horn"},{"floor":30.0,"key":"Self Forming Clay"},{"floor":42.0,"key":"Toxic Egg 2"},{"floor":47.0,"key":"Centennial Puzzle"},{"floor":55.0,"key":"Boot"}],"event_choices":[{"damage_healed":0.0,"max_hp_gain":0.0,"max_hp_loss":0.0,"gold_gain":50.0,"event_name":"FaceTrader","player_choice":"Touch","floor":2.0,"gold_loss":0.0,"damage_taken":6.0},{"damage_healed":0.0,"max_hp_gain":0.0,"max_hp_loss":0.0,"gold_gain":0.0,"event_name":"Scrap Ooze","player_choice":"Success","floor":12.0,"gold_loss":0.0,"damage_taken":11.0,"relics_obtained":["Oddly Smooth Stone"]},{"damage_healed":21.0,"max_hp_gain":0.0,"max_hp_loss":0.0,"gold_gain":0.0,"event_name":"Wheel of Change","player_choice":"Full Heal","floor":19.0,"gold_loss":0.0,"damage_taken":0.0},{"damage_healed":0.0,"max_hp_gain":0.0,"max_hp_loss":0.0,"gold_gain":0.0,"event_name":"Drug Dealer","player_choice":"Inject Mutagens","floor":28.0,"gold_loss":0.0,"damage_taken":0.0,"relics_obtained":["MutagenicStrength"]},{"cards_removed":["Metallicize"],"damage_healed":0.0,"max_hp_gain":0.0,"max_hp_loss":0.0,"gold_gain":0.0,"event_name":"Falling","player_choice":"Removed Power","floor":37.0,"gold_loss":0.0,"damage_taken":0.0},{"damage_healed":0.0,"max_hp_gain":0.0,"max_hp_loss":0.0,"gold_gain":0.0,"event_name":"SensoryStone","player_choice":"Memory 3","floor":46.0,"gold_loss":0.0,"damage_taken":10.0}],"is_beta":true,"boss_relics":[{"not_picked":["Runic Dome","Philosopher\u0027s Stone"],"picked":"Pandora\u0027s Box"},{"not_picked":["Mark of Pain","Sozu"],"picked":"Snecko Eye"}],"items_purged_floors":[22,38,41],"is_endless":false,"potions_floor_spawned":[3,4,5,13,18,21,24,30,33,35,39,42,45],"ascension_level":20}