{"gold_per_floor":[359,373,323,102,121,146,146,178,205,224,224,399,413,81,81,176,176,195,110,143,143],"floor_reached":21,"playtime":1453,"items_purged":["Strike_R","Doubt"],"score":206,"play_id":"93f350a2-691d-46e9-84a0-470f010ea1f5","local_time":"20190421165037","is_ascension_mode":true,"campfire_choices":[{"data":"Whirlwind","floor":7,"key":"SMITH"},{"floor":11,"key":"REST"},{"data":"True Grit","floor":15,"key":"SMITH"}],"neow_cost":"PERCENT_DAMAGE","seed_source_timestamp":446275143436464,"circlet_count":0,"master_deck":["Strike_R","Strike_R","Strike_R","Defend_R","Defend_R","Defend_R","Defend_R","Bash","Armaments","Spot Weakness+1","Headbutt","Inflame","Wild Strike","Whirlwind+1","Rampage","Seeing Red+1","True Grit+1","Iron Wave","Corruption","Reaper","Dual Wield+1","Rampage+1"],"relics":["Burning Blood","Boot","Regal Pillow","Orichalcum","War Paint","Fusion Hammer","Bag of Marbles","Red Mask"],"potions_floor_usage":[16],"damage_taken":[{"damage":1,"enemies":"Cultist","floor":1,"turns":3},{"damage":3,"enemies":"2 Louse","floor":2,"turns":4},{"damage":3,"enemies":"Small Slimes","floor":5,"turns":4},{"damage":18,"enemies":"3 Sentries","floor":6,"turns":4},{"damage":45,"enemies":"Gremlin Nob","floor":8,"turns":5},{"damage":12,"enemies":"Looter","floor":10,"turns":3},{"damage":12,"enemies":"Red Slaver","floor":13,"turns":3},{"damage":36,"enemies":"The Guardian","floor":16,"turns":10},{"damage":30,"enemies":"2 Thieves","floor":18,"turns":4},{"damage":61,"enemies":"Masked Bandits","floor":20,"turns":5},{"damage":15,"enemies":"Chosen","floor":21,"turns":4}],"seed_played":"7185684397660802276","potions_obtained":[{"floor":6,"key":"Dexterity Potion"},{"floor":10,"key":"SkillPotion"},{"floor":18,"key":"LiquidBronze"},{"floor":20,"key":"Strength Potion"}],"is_trial":false,"path_per_floor":["M","M","?","$","M","E","R","E","T","M","R","?","M","$","R","B",null,"M","?","?","M"],"character_chosen":"IRONCLAD","items_purchased":["Headbutt","Inflame","Wild Strike","Corruption","War Paint"],"campfire_rested":1,"item_purchase_floors":[4,4,4,14,14],"current_hp_per_floor":[61,64,64,64,67,55,55,16,16,10,49,49,43,43,43,13,80,56,56,15,0],"gold":143,"neow_bonus":"TWO_FIFTY_GOLD","is_prod":false,"is_daily":false,"chose_seed":false,"campfire_upgraded":2,"win_rate":0,"timestamp":1555845637,"path_taken":["M","?","?","$","M","E","R","E","T","M","R","?","M","$","R","BOSS","M","?","?","M"],"build_version":"2019-01-23","purchased_purges":2,"victory":false,"max_hp_per_floor":[80,80,80,80,80,80,80,80,80,80,80,80,80,80,80,80,80,80,80,80,80],"card_choices":[{"not_picked":["Rupture","Flame Barrier"],"picked":"Armaments","floor":1},{"not_picked":["Clash","Body Slam"],"picked":"Spot Weakness","floor":2},{"not_picked":["Battle Trance","Pummel"],"picked":"Whirlwind","floor":5},{"not_picked":["Impervious","Warcry"],"picked":"Rampage","floor":6},{"not_picked":["Spot Weakness","Evolve"],"picked":"Seeing Red","floor":8},{"not_picked":["Body Slam","Wild Strike"],"picked":"True Grit","floor":10},{"not_picked":["Evolve","Headbutt"],"picked":"Iron Wave","floor":13},{"not_picked":["Dark Embrace","Impervious"],"picked":"Reaper","floor":16},{"not_picked":["Havoc","Perfected Strike"],"picked":"Dual Wield+1","floor":18},{"not_picked":["Flex+1","Sever Soul+1"],"picked":"Rampage+1","floor":20}],"player_experience":105757,"relics_obtained":[{"floor":6,"key":"Boot"},{"floor":8,"key":"Regal Pillow"},{"floor":9,"key":"Orichalcum"},{"floor":20,"key":"Red Mask"}],"event_choices":[{"cards_removed":["Strike_R"],"damage_healed":0,"gold_gain":0,"player_choice":"Card Removal","damage_taken":0,"max_hp_gain":0,"max_hp_loss":0,"event_name":"The Cleric","floor":3,"gold_loss":50},{"damage_healed":0,"gold_gain":175,"player_choice":"AGREE","damage_taken":0,"max_hp_gain":0,"max_hp_loss":0,"event_name":"Liars Game","floor":12,"gold_loss":0,"cards_obtained":["Doubt"]},{"damage_healed":0,"gold_gain":0,"player_choice":"Obtained Relic","damage_taken":0,"relics_obtained":["Bag of Marbles"],"max_hp_gain":0,"max_hp_loss":0,"event_name":"Addict","floor":19,"gold_loss":85},{"damage_healed":0,"gold_gain":0,"player_choice":"Fought Bandits","damage_taken":0,"max_hp_gain":0,"max_hp_loss":0,"event_name":"Masked Bandits","floor":20,"gold_loss":0}],"is_beta":false,"boss_relics":[{"not_picked":["Velvet Choker","Black Blood"],"picked":"Fusion Hammer"}],"items_purged_floors":[4,14],"is_endless":false,"potions_floor_spawned":[6,10,18,20],"killed_by":"Chosen","ascension_level":2}