{"gold_per_floor":[119,119,137,62,212,246,246,258,258,333,348,417,434,317,317,392,392,407,417,154,154,154,154,75,109,109,126,151,151,165,193,193,193],"floor_reached":33,"playtime":1290,"items_purged":["Doubt"],"score":706,"play_id":"a5ce30e1-7524-48ea-a475-5f1ba35e4d24","local_time":"20190122233901","is_ascension_mode":true,"campfire_choices":[{"data":"Deadly Poison","floor":7.0,"key":"SMITH"},{"data":"Crippling Poison","floor":15.0,"key":"SMITH"},{"data":"Die Die Die","floor":23,"key":"SMITH"},{"data":"Catalyst","floor":32,"key":"SMITH"}],"neow_cost":"NONE","seed_source_timestamp":355575112300604,"circlet_count":0,"master_deck":["AscendersBane","Defend_G","Defend_G","Defend_G","Defend_G+1","Defend_G","Strike_G","Strike_G","Strike_G","Strike_G","Survivor","Neutralize+1","Dash","Deadly Poison+1","PiercingWail","Crippling Poison+1","Die Die Die+1","Deflect","Deflect","Catalyst+1","Concentrate"],"special_seed":0,"relics":["Ring of the Snake","NeowsBlessing","Thread and Needle","Calipers","Paper Crane","Runic Pyramid","Mummified Hand","Happy Flower","Bird Faced Urn","Snake Skull","Pen Nib","Letter Opener"],"potions_floor_usage":[25,28,33,33],"damage_taken":[{"damage":0.0,"enemies":"2 Louse","floor":1.0,"turns":1.0},{"damage":0.0,"enemies":"Small Slimes","floor":3.0,"turns":1.0},{"damage":0.0,"enemies":"3 Sentries","floor":6.0,"turns":1.0},{"damage":0.0,"enemies":"Cultist","floor":8.0,"turns":3.0},{"damage":0.0,"enemies":"Blue Slaver","floor":11.0,"turns":4.0},{"damage":0.0,"enemies":"3 Louse","floor":13.0,"turns":5.0},{"damage":25.0,"enemies":"Hexaghost","floor":16.0,"turns":13.0},{"damage":0.0,"enemies":"Chosen","floor":18.0,"turns":5.0},{"damage":2.0,"enemies":"Shell Parasite","floor":19.0,"turns":6.0},{"damage":29,"enemies":"Slavers","floor":25,"turns":7},{"damage":0,"enemies":"Centurion and Healer","floor":27,"turns":5},{"damage":0,"enemies":"Book of Stabbing","floor":28,"turns":5},{"damage":2,"enemies":"3 Cultists","floor":30,"turns":4},{"damage":2,"enemies":"Gremlin Leader","floor":31,"turns":5},{"damage":58,"enemies":"Champ","floor":33,"turns":17}],"seed_played":"3583136718352172012","potions_obtained":[{"floor":3.0,"key":"Energy Potion"},{"floor":11.0,"key":"GhostInAJar"},{"floor":16.0,"key":"GamblersBrew"},{"floor":25,"key":"PowerPotion"},{"floor":30,"key":"FearPotion"}],"is_trial":false,"path_per_floor":["?","?","?","?","T","M","?","?","?","M","?"],"character_chosen":"THE_SILENT","items_purchased":["Crippling Poison","Mummified Hand"],"campfire_rested":0,"item_purchase_floors":[14,20],"current_hp_per_floor":[59,39,39,39,39,39,39,39,39,28,28,28,28,28,28,3,50,50,48,48,48,48,48,48,19,19,19,21,66,64,62,62,4],"gold":193,"neow_bonus":"THREE_ENEMY_KILL","is_prod":false,"is_daily":false,"chose_seed":false,"campfire_upgraded":4,"win_rate":0,"timestamp":1548229141,"path_taken":["M","?","M","?","?","E","R","M","T","?","M","?","?","$","R","BOSS","M","M","$","?","?","R","?","E","T","?","E","?","M","E","R","BOSS"],"build_version":"2019-01-22","purchased_purges":1,"victory":false,"max_hp_per_floor":[66,66,66,66,66,66,66,66,66,66,66,66,66,66,66,66,66,66,66,66,66,66,66,66,66,66,66,66,66,66,66,66,66],"card_choices":[{"not_picked":["Underhanded Strike","Blade Dance","Quick Slash"],"picked":"SKIP","floor":1.0},{"not_picked":["Prepared","Night Terror"],"picked":"Dash","floor":3.0},{"not_picked":["Dodge and Roll","Finisher"],"picked":"Deadly Poison","floor":6.0},{"not_picked":["Dash","Slice"],"picked":"PiercingWail","floor":8.0},{"not_picked":["Predator","Expertise","Bane"],"picked":"SKIP","floor":11.0},{"not_picked":["Quick Slash","All Out Attack","Cloak And Dagger"],"picked":"SKIP","floor":13.0},{"not_picked":["Storm of Steel","Doppelganger"],"picked":"Die Die Die","floor":16.0},{"not_picked":["Escape Plan","Choke"],"picked":"Deflect","floor":18.0},{"not_picked":["Poisoned Stab","Blade Dance"],"picked":"Deflect","floor":19.0},{"not_picked":["Tactician","Finisher","Phantasmal Killer"],"picked":"SKIP","floor":25},{"not_picked":["Caltrops","Backstab"],"picked":"Catalyst","floor":27},{"not_picked":["Outmaneuver","Bane"],"picked":"Concentrate","floor":28},{"not_picked":["Prepared","Endless Agony","Blade Dance"],"picked":"SKIP","floor":30},{"not_picked":["Tools of the Trade","Riddle With Holes","Die Die Die"],"picked":"SKIP","floor":31}],"player_experience":1017794,"relics_obtained":[{"floor":6.0,"key":"Thread and Needle"},{"floor":9.0,"key":"Calipers"},{"floor":12.0,"key":"Paper Crane"},{"floor":25,"key":"Bird Faced Urn"},{"floor":26,"key":"Snake Skull"},{"floor":28,"key":"Pen Nib"},{"floor":31,"key":"Letter Opener"}],"event_choices":[{"damage_healed":0.0,"max_hp_gain":0.0,"max_hp_loss":0.0,"gold_gain":0.0,"event_name":"Shining Light","player_choice":"Entered Light","floor":2.0,"gold_loss":0.0,"damage_taken":20.0,"cards_upgraded":["Defend_G","Neutralize"]},{"cards_removed":["Strike_G"],"damage_healed":0.0,"max_hp_gain":0.0,"max_hp_loss":0.0,"gold_gain":0.0,"event_name":"The Cleric","player_choice":"Card Removal","floor":4.0,"gold_loss":75.0,"damage_taken":0.0},{"damage_healed":0.0,"max_hp_gain":0.0,"max_hp_loss":0.0,"gold_gain":150.0,"event_name":"Liars Game","player_choice":"AGREE","floor":5.0,"gold_loss":0.0,"damage_taken":0.0,"cards_obtained":["Doubt"]},{"damage_healed":0.0,"max_hp_gain":0.0,"max_hp_loss":0.0,"gold_gain":75.0,"event_name":"World of Goop","player_choice":"Gather Gold","floor":10.0,"gold_loss":0.0,"damage_taken":11.0},{"damage_healed":0,"gold_gain":0,"player_choice":"Ignored","damage_taken":0,"max_hp_gain":0,"max_hp_loss":0,"event_name":"The Mausoleum","floor":21,"gold_loss":0},{"damage_healed":0,"gold_gain":0,"player_choice":"Ignored","damage_taken":0,"max_hp_gain":0,"max_hp_loss":0,"event_name":"Ghosts","floor":22,"gold_loss":0},{"damage_healed":0,"gold_gain":0,"player_choice":"Paid Gold","damage_taken":0,"relics_obtained":["Happy Flower"],"max_hp_gain":0,"max_hp_loss":0,"event_name":"WeMeetAgain","floor":24,"gold_loss":79},{"damage_healed":45,"gold_gain":0,"player_choice":"Full Heal","damage_taken":0,"max_hp_gain":0,"max_hp_loss":0,"event_name":"Wheel of Change","floor":29,"gold_loss":0}],"is_beta":true,"boss_relics":[{"not_picked":["Velvet Choker","Snecko Eye"],"picked":"Runic Pyramid"}],"items_purged_floors":[14],"is_endless":false,"potions_floor_spawned":[3,11,13,16,25,27,30],"killed_by":"Champ","ascension_level":20}