{"gold_per_floor":[112,124,20,36,36,36,63,63,63,163,163,192,210,236,236,336,336,356,376,291,143,143,143,153,153,153,153,74,107,107,39,39,143,143,155,255,270,170,186,212,212,228,253,264,298,298,41,88,88,88],"floor_reached":51,"playtime":2603,"items_purged":["Strike_R","Strike_R"],"score":889,"play_id":"37064f07-00f7-4a24-9bd3-aa73911b0199","local_time":"20190422225418","is_ascension_mode":false,"campfire_choices":[{"data":"Armaments","floor":6,"key":"SMITH"},{"data":"Clothesline","floor":8,"key":"SMITH"},{"data":"Rage","floor":11,"key":"SMITH"},{"data":"Feed","floor":15,"key":"SMITH"},{"data":"Immolate","floor":23,"key":"SMITH"},{"data":"Demon Form","floor":27,"key":"SMITH"},{"data":"Flex","floor":30,"key":"SMITH"},{"data":"Inflame","floor":32,"key":"SMITH"},{"data":"1","floor":46,"key":"LIFT"},{"data":"2","floor":49,"key":"LIFT"}],"neow_cost":"NONE","seed_source_timestamp":905809136124100,"circlet_count":0,"master_deck":["Strike_R","Strike_R","Strike_R","Defend_R","Defend_R","Defend_R","Defend_R","Bash+1","Armaments+1","Clothesline+1","Feel No Pain","Rage+1","Power Through","Warcry","Feel No Pain","Feed+1","Immolate+1","Pommel Strike","Body Slam","Flex+1","Shrug It Off+1","Demon Form+1","Spot Weakness","Inflame+1","Barricade","Evolve","Armaments","Pommel Strike+1","Shockwave+1","Madness","Madness","Parasite","Warcry+1","Clothesline+1"],"relics":["Burning Blood","Ornamental Fan","Kunai","Mummified Hand","Matryoshka","Busted Crown","Turnip","Oddly Smooth Stone","Magic Flower","Bottled Flame","Mark of Pain","FossilizedHelix","Shuriken","Pen Nib","Bronze Scales","Girya","Bottled Tornado","Mango"],"potions_floor_usage":[12,16,16,29,50,50],"damage_taken":[{"damage":1,"enemies":"Jaw Worm","floor":1,"turns":5},{"damage":1,"enemies":"Cultist","floor":2,"turns":3},{"damage":0,"enemies":"Small Slimes","floor":4,"turns":3},{"damage":29,"enemies":"Lagavulin","floor":7,"turns":9},{"damage":6,"enemies":"Gremlin Nob","floor":12,"turns":5},{"damage":3,"enemies":"Exordium Thugs","floor":13,"turns":6},{"damage":9,"enemies":"Lagavulin","floor":14,"turns":10},{"damage":21,"enemies":"Slime Boss","floor":16,"turns":10},{"damage":4,"enemies":"Shell Parasite","floor":18,"turns":9},{"damage":4,"enemies":"Chosen","floor":19,"turns":8},{"damage":7,"enemies":"Snecko","floor":24,"turns":4},{"damage":7,"enemies":"Slavers","floor":29,"turns":5},{"damage":12,"enemies":"Champ","floor":33,"turns":13},{"damage":23,"enemies":"3 Darklings","floor":35,"turns":7},{"damage":1,"enemies":"Mind Bloom Boss Battle","floor":36,"turns":6},{"damage":1,"enemies":"3 Shapes","floor":37,"turns":6},{"damage":0,"enemies":"Sphere and 2 Shapes","floor":39,"turns":4},{"damage":0,"enemies":"Giant Head","floor":40,"turns":7},{"damage":16,"enemies":"Writhing Mass","floor":42,"turns":8},{"damage":0,"enemies":"Maw","floor":44,"turns":8},{"damage":25,"enemies":"Reptomancer","floor":45,"turns":7},{"damage":31,"enemies":"2 Orb Walkers","floor":48,"turns":5},{"damage":0,"enemies":"Time Eater","floor":50,"turns":8}],"seed_played":"-6515275565976061885","potions_obtained":[{"floor":1,"key":"Block Potion"},{"floor":7,"key":"Fire Potion"},{"floor":12,"key":"Energy Potion"},{"floor":13,"key":"FearPotion"},{"floor":19,"key":"SkillPotion"},{"floor":36,"key":"BloodPotion"},{"floor":44,"key":"EssenceOfSteel"}],"is_trial":false,"path_per_floor":["M","M","$","M","?","R","E","R","T","?","R","E","M","E","R","B",null,"M","M","?","$","?","R","M","?","T","R","$","E","R","$","R","B",null,"M","?","M","$","M","E","?","M","T","M","E","R","$","?","R","B",null],"character_chosen":"IRONCLAD","items_purchased":["Feel No Pain","Rage","Flex","Weak Potion","Spot Weakness","Inflame","Bottled Tornado"],"campfire_rested":0,"item_purchase_floors":[3,3,21,21,28,31,47],"current_hp_per_floor":[80,80,80,80,80,80,57,57,57,57,57,57,60,57,57,46,84,88,92,92,92,74,74,77,77,77,77,77,85,85,85,85,88,109,101,115,121,121,125,125,109,108,108,123,113,113,113,105,105,114],"gold":88,"neow_bonus":"UPGRADE_CARD","is_prod":false,"is_daily":false,"chose_seed":false,"campfire_upgraded":8,"win_rate":1,"timestamp":1555998858,"path_taken":["M","M","$","M","?","R","E","R","T","?","R","E","M","E","R","BOSS","M","M","?","$","?","R","?","?","T","R","$","E","R","$","R","BOSS","M","?","M","$","M","E","?","M","T","M","E","R","$","?","R","BOSS"],"build_version":"2019-01-23","purchased_purges":2,"victory":true,"max_hp_per_floor":[80,80,80,80,80,80,80,80,80,80,80,80,80,80,80,84,84,88,92,92,92,97,97,101,101,101,101,101,105,105,105,105,109,109,113,117,121,121,125,125,125,129,129,133,137,137,137,151,151,151],"card_choices":[{"not_picked":["Second Wind","Combust"],"picked":"Armaments","floor":1},{"not_picked":["Cleave","Heavy Blade"],"picked":"Clothesline","floor":2},{"not_picked":["Clothesline","Body Slam","Second Wind"],"picked":"SKIP","floor":4},{"not_picked":["Armaments","Clothesline"],"picked":"Power Through","floor":7},{"not_picked":["Blood for Blood","Perfected Strike"],"picked":"Warcry","floor":12},{"not_picked":["Body Slam","Burning Pact"],"picked":"Feel No Pain","floor":13},{"not_picked":["Rampage","Uppercut"],"picked":"Feed","floor":14},{"not_picked":["Dark Embrace","Demon Form"],"picked":"Immolate","floor":16},{"not_picked":[],"picked":"Pommel Strike","floor":18},{"not_picked":[],"picked":"Body Slam","floor":19},{"not_picked":[],"picked":"Shrug It Off+1","floor":24},{"not_picked":["Fire Breathing"],"picked":"SKIP","floor":29},{"not_picked":[],"picked":"Barricade","floor":33},{"not_picked":["Twin Strike"],"picked":"SKIP","floor":35},{"not_picked":[],"picked":"Evolve","floor":36},{"not_picked":["Armaments"],"picked":"SKIP","floor":37},{"not_picked":[],"picked":"Armaments","floor":37},{"not_picked":[],"picked":"Pommel Strike+1","floor":39},{"not_picked":[],"picked":"Shockwave+1","floor":40},{"not_picked":[],"picked":"Warcry+1","floor":42},{"not_picked":["Wild Strike"],"picked":"SKIP","floor":44},{"not_picked":["Perfected Strike+1"],"picked":"SKIP","floor":45},{"not_picked":[],"picked":"Clothesline+1","floor":48}],"player_experience":510102,"relics_obtained":[{"floor":7,"key":"Ornamental Fan"},{"floor":9,"key":"Kunai"},{"floor":12,"key":"Mummified Hand"},{"floor":14,"key":"Matryoshka"},{"floor":26,"key":"Oddly Smooth Stone"},{"floor":26,"key":"Magic Flower"},{"floor":29,"key":"Bottled Flame"},{"floor":36,"key":"FossilizedHelix"},{"floor":40,"key":"Shuriken"},{"floor":43,"key":"Pen Nib"},{"floor":43,"key":"Bronze Scales"},{"floor":45,"key":"Girya"},{"floor":48,"key":"Mango"}],"event_choices":[{"damage_healed":0,"gold_gain":0,"player_choice":"Leave","damage_taken":0,"max_hp_gain":0,"max_hp_loss":0,"event_name":"The Cleric","floor":5,"gold_loss":0},{"damage_healed":0,"gold_gain":100,"player_choice":"Pray","damage_taken":0,"max_hp_gain":0,"max_hp_loss":0,"event_name":"Golden Shrine","floor":10,"gold_loss":0},{"damage_healed":0,"gold_gain":0,"player_choice":"Obtained Relic","damage_taken":0,"relics_obtained":["Turnip"],"max_hp_gain":0,"max_hp_loss":0,"event_name":"Addict","floor":20,"gold_loss":85},{"damage_healed":0,"gold_gain":0,"player_choice":"Shed Blood","damage_taken":23,"max_hp_gain":5,"max_hp_loss":0,"event_name":"Forgotten Altar","floor":22,"gold_loss":0},{"damage_healed":0,"gold_gain":0,"player_choice":"Read","damage_taken":0,"max_hp_gain":0,"max_hp_loss":0,"event_name":"The Library","floor":25,"gold_loss":0,"cards_obtained":["Demon Form"]},{"damage_healed":0,"gold_gain":0,"player_choice":"Fight","damage_taken":0,"max_hp_gain":0,"max_hp_loss":0,"event_name":"MindBloom","floor":36,"gold_loss":0},{"damage_healed":0,"gold_gain":0,"player_choice":"Embrace Madness","damage_taken":16,"max_hp_gain":0,"max_hp_loss":0,"event_name":"Winding Halls","floor":41,"gold_loss":0,"cards_obtained":["Madness","Madness"]},{"damage_healed":0,"gold_gain":0,"player_choice":"Fight","damage_taken":0,"max_hp_gain":0,"max_hp_loss":0,"event_name":"Mysterious Sphere","floor":48,"gold_loss":0}],"is_beta":false,"boss_relics":[{"not_picked":["Pandora\u0027s Box","Astrolabe"],"picked":"Busted Crown"},{"not_picked":["Runic Pyramid","Sozu"],"picked":"Mark of Pain"}],"items_purged_floors":[21,38],"is_endless":false,"potions_floor_spawned":[1,7,12,13,19,36,44],"ascension_level":0}