{"gold_per_floor":[110,121,133,198,198,38,38,57,57,57,87,87,113,144,156,240,252,282,30,30,40,56,56,56,74,74,17,48,60,71,81,81,159,159,170,141,152,16,27,27,82,82,82,82],"floor_reached":44,"playtime":2113,"items_purged":[],"score":940,"play_id":"2c958eb2-283f-4c69-94af-621ecf068aaf","local_time":"20181114020859","is_ascension_mode":true,"campfire_choices":[{"data":"Doom and Gloom","floor":7.0,"key":"SMITH"},{"floor":10.0,"key":"REST"},{"data":"Cold Snap","floor":12.0,"key":"SMITH"},{"data":"Genetic Algorithm","floor":15.0,"key":"SMITH"},{"data":"Defragment","floor":23.0,"key":"SMITH"},{"data":"Hologram","floor":32.0,"key":"SMITH"},{"floor":40,"key":"REST"},{"floor":42,"key":"REST"}],"neow_cost":"NONE","seed_source_timestamp":211737889207532,"circlet_count":0,"master_deck":["AscendersBane","Strike_B","Strike_B","Strike_B","Defend_B","Defend_B","Defend_B","Defend_B","Zap+1","Dualcast","Conserve Battery","Doom and Gloom+1","Compile Driver","Gash","Cold Snap+1","Defragment+1","Genetic Algorithm+1","Electrodynamics","Ball Lightning","Hologram+1","Go for the Eyes","Hologram","Gash","Stack","Multi-Cast","Go for the Eyes+1","Cold Snap","Chill+1"],"special_seed":0,"relics":["Cracked Core","Orichalcum","Kunai","Thread and Needle","MawBank","Nuclear Battery","Pantograph","Emotion Chip","DataDisk","Potion Belt","Runic Dome","Tiny Chest"],"potions_floor_usage":[44],"damage_taken":[{"damage":0.0,"enemies":"Small Slimes","floor":1.0,"turns":3.0},{"damage":9.0,"enemies":"Jaw Worm","floor":2.0,"turns":4.0},{"damage":0.0,"enemies":"Cultist","floor":3.0,"turns":4.0},{"damage":7.0,"enemies":"Red Slaver","floor":8.0,"turns":3.0},{"damage":10.0,"enemies":"3 Sentries","floor":11.0,"turns":7.0},{"damage":14.0,"enemies":"Gremlin Nob","floor":13.0,"turns":4.0},{"damage":0.0,"enemies":"Blue Slaver","floor":14.0,"turns":3.0},{"damage":16.0,"enemies":"Hexaghost","floor":16.0,"turns":11.0},{"damage":1.0,"enemies":"Chosen","floor":18.0,"turns":4.0},{"damage":12.0,"enemies":"2 Thieves","floor":21.0,"turns":2.0},{"damage":8.0,"enemies":"Chosen and Byrds","floor":22.0,"turns":5.0},{"damage":0.0,"enemies":"3 Cultists","floor":25.0,"turns":2.0},{"damage":11.0,"enemies":"Book of Stabbing","floor":28.0,"turns":5.0},{"damage":13.0,"enemies":"Sentry and Sphere","floor":29.0,"turns":4.0},{"damage":0.0,"enemies":"Snecko","floor":30.0,"turns":5.0},{"damage":0.0,"enemies":"Cultist and Chosen","floor":31.0,"turns":5.0},{"damage":38.0,"enemies":"Automaton","floor":33.0,"turns":11.0},{"damage":32,"enemies":"3 Darklings","floor":35,"turns":3},{"damage":3,"enemies":"3 Shapes","floor":37,"turns":2},{"damage":2,"enemies":"Sphere and 2 Shapes","floor":39,"turns":4},{"damage":25,"enemies":"Nemesis","floor":41,"turns":11},{"damage":46,"enemies":"Maw","floor":44,"turns":7}],"seed_played":"7161359711991594967","potions_obtained":[{"floor":3.0,"key":"Explosive Potion"},{"floor":11.0,"key":"Energy Potion"},{"floor":13.0,"key":"SkillPotion"},{"floor":14.0,"key":"Block Potion"},{"floor":18.0,"key":"SneckoOil"},{"floor":22.0,"key":"SkillPotion"},{"floor":28.0,"key":"Dexterity Potion"},{"floor":31.0,"key":"Explosive Potion"},{"floor":33.0,"key":"LiquidBronze"},{"floor":35,"key":"Block Potion"}],"is_trial":false,"path_per_floor":["M","M","M","?","?","$","R","M","T","R","E","R","E","M","R","B",null,"M","$","T","M","M","R","?","M","T","$","E","M","M","M","R","B",null,"M","$","M","$","M","R","E","R","T","M"],"character_chosen":"DEFECT","items_purchased":["Orichalcum","Pantograph","Gash","Cold Snap","PowerPotion","Regen Potion"],"campfire_rested":3,"item_purchase_floors":[6,19,27,36,38,38],"current_hp_per_floor":[64,55,55,55,55,55,55,48,48,69,59,59,45,45,45,29,61,60,60,60,48,40,40,40,40,40,40,29,16,16,16,16,3,54,22,22,19,19,17,38,13,34,34,0],"gold":82,"neow_bonus":"UPGRADE_CARD","is_prod":false,"is_daily":false,"chose_seed":false,"campfire_upgraded":5,"win_rate":0,"timestamp":1542190139,"path_taken":["M","M","M","?","?","$","R","M","T","R","E","R","E","M","R","BOSS","M","$","?","?","M","R","?","M","T","?","E","M","M","?","R","BOSS","M","$","?","$","M","R","E","R","T","M"],"build_version":"2018-11-13","purchased_purges":0,"victory":false,"max_hp_per_floor":[71,71,71,71,71,71,71,71,71,71,71,71,71,71,71,71,71,71,71,71,71,71,71,71,71,71,71,71,71,71,71,71,71,71,71,71,71,71,71,71,71,71,71,71],"card_choices":[{"not_picked":["Gash","Redo"],"picked":"Conserve Battery","floor":1.0},{"not_picked":["Force Field","Conserve Battery"],"picked":"Doom and Gloom","floor":2.0},{"not_picked":["Gash","Turbo"],"picked":"Compile Driver","floor":3.0},{"not_picked":["FTL","Double Energy"],"picked":"Gash","floor":8.0},{"not_picked":["Coolheaded","Reboot"],"picked":"Cold Snap","floor":11.0},{"not_picked":["Ball Lightning","Sweeping Beam"],"picked":"Defragment","floor":13.0},{"not_picked":["Recycle","Compile Driver"],"picked":"Genetic Algorithm","floor":14.0},{"not_picked":["Fission","Rainbow"],"picked":"Electrodynamics","floor":16.0},{"not_picked":["Hologram","Leap+1"],"picked":"Ball Lightning","floor":18.0},{"not_picked":["Redo","Steam"],"picked":"Hologram","floor":21.0},{"not_picked":["Glacier","Coolheaded"],"picked":"Go for the Eyes","floor":22.0},{"not_picked":["Streamline","Reprogram"],"picked":"Hologram","floor":25.0},{"not_picked":["Barrage","Gash","Reprogram"],"picked":"SKIP","floor":28.0},{"not_picked":["Compile Driver","Redo"],"picked":"Stack","floor":29.0},{"not_picked":["Conserve Battery","Rebound"],"picked":"Multi-Cast","floor":30.0},{"not_picked":["Cold Snap","Consume+1"],"picked":"Go for the Eyes+1","floor":31.0},{"not_picked":["Reprogram","Turbo+1","Ball Lightning"],"picked":"SKIP","floor":35},{"not_picked":["Beam Cell","Streamline","Doom and Gloom"],"picked":"SKIP","floor":37},{"not_picked":["Rebound+1","Consume"],"picked":"Chill+1","floor":39},{"not_picked":["Melter","Barrage","Stack"],"picked":"SKIP","floor":41}],"player_experience":911375,"relics_obtained":[{"floor":9.0,"key":"Kunai"},{"floor":11.0,"key":"Thread and Needle"},{"floor":13.0,"key":"MawBank"},{"floor":20.0,"key":"Emotion Chip"},{"floor":26.0,"key":"DataDisk"},{"floor":28.0,"key":"Potion Belt"},{"floor":41,"key":"Tiny Chest"}],"event_choices":[{"damage_healed":0.0,"max_hp_gain":0.0,"max_hp_loss":0.0,"gold_gain":65.0,"event_name":"Golden Wing","player_choice":"Gained Gold","floor":4.0,"gold_loss":0.0,"damage_taken":0.0},{"cards_removed":["Strike_B"],"damage_healed":0.0,"max_hp_gain":0.0,"max_hp_loss":0.0,"gold_gain":0.0,"event_name":"Purifier","player_choice":"Purged","floor":5.0,"gold_loss":0.0,"damage_taken":0.0}],"is_beta":true,"boss_relics":[{"not_picked":["Busted Crown","Fusion Hammer"],"picked":"Nuclear Battery"},{"not_picked":["Coffee Dripper","Runic Pyramid"],"picked":"Runic Dome"}],"items_purged_floors":[],"is_endless":false,"potions_floor_spawned":[3,11,13,14,18,22,28,31,33,35],"killed_by":"Maw","ascension_level":20}